Ticker,Date,Time,LTP,BuyPrice,BuyQty,SellPrice,SellQty,LTQ,OpenInterest
BANKNIFTY-II.NFO,03/04/2025,09:15:04,51400,51400.4,120,51436.2,120,30,353460
BANKNIFTY-II.NFO,03/04/2025,09:15:04,51400,51400.4,120,51436.2,120,0,353460
BANKNIFTY-II.NFO,03/04/2025,09:15:04,51400,51400.4,120,51436.2,120,0,353460
BANKNIFTY-II.NFO,03/04/2025,09:15:04,51400,51400.4,120,51436.2,120,0,353460
BANKNIFTY-II.NFO,03/04/2025,09:15:06,51400.4,51418.05,120,51453.4,120,120,353460
BANKNIFTY-II.NFO,03/04/2025,09:15:06,51400.4,51418.05,120,51453.4,120,0,353460
BANKNIFTY-II.NFO,03/04/2025,09:15:07,51470.15,51432.75,120,51470.15,90,30,353460
BANKNIFTY-II.NFO,03/04/2025,09:15:07,51470.15,51432.75,120,51470.15,90,0,353460
BANKNIFTY-II.NFO,03/04/2025,09:15:09,51470.15,51443.1,120,51482.2,120,0,353460
BANKNIFTY-II.NFO,03/04/2025,09:15:10,51461.45,51453.35,30,51492.6,120,60,353460
BANKNIFTY-II.NFO,03/04/2025,09:15:10,51497.95,51453.35,30,51492.6,120,0,353460
BANKNIFTY-II.NFO,03/04/2025,09:15:12,51461.45,51419.5,30,51456.85,120,0,353460
BANKNIFTY-II.NFO,03/04/2025,09:15:13,51431.6,51401.25,120,51448.55,120,180,353460
BANKNIFTY-II.NFO,03/04/2025,09:15:15,51431.6,51405.6,120,51441.2,120,0,353460
BANKNIFTY-II.NFO,03/04/2025,09:15:16,51431.6,51424.8,120,51461.2,120,0,353460
BANKNIFTY-II.NFO,03/04/2025,09:15:18,51431.6,51424.8,120,51456.1,120,0,353460
BANKNIFTY-II.NFO,03/04/2025,09:15:19,51424.8,51432.75,90,51461.4,120,30,353460
BANKNIFTY-II.NFO,03/04/2025,09:15:21,51456.3,51431.65,120,51459.95,60,360,353460
BANKNIFTY-II.NFO,03/04/2025,09:15:23,51456.3,51431.65,120,51460.25,90,0,353460
BANKNIFTY-II.NFO,03/04/2025,09:15:24,51441.8,51431.65,120,51456,60,270,353460
BANKNIFTY-II.NFO,03/04/2025,09:15:26,51441.8,51431.65,120,51444.3,30,0,353460
BANKNIFTY-II.NFO,03/04/2025,09:15:27,51441.8,51440,30,51444.3,30,0,353460
BANKNIFTY-II.NFO,03/04/2025,09:15:29,51444.3,51440.05,60,51444.05,150,30,353460
BANKNIFTY-II.NFO,03/04/2025,09:15:31,51431.65,51431.6,240,51445.1,60,240,353460
BANKNIFTY-II.NFO,03/04/2025,09:15:32,51456.5,51431.65,120,51456,240,30,353460
BANKNIFTY-II.NFO,03/04/2025,09:15:34,51456.5,51446.2,30,51456.4,60,0,353460
BANKNIFTY-II.NFO,03/04/2025,09:15:35,51456.5,51446.25,120,51461.45,30,0,353460
BANKNIFTY-II.NFO,03/04/2025,09:15:37,51446.2,51441.85,120,51461.4,60,90,353460
BANKNIFTY-II.NFO,03/04/2025,09:15:39,51444,51431.65,120,51447.05,120,180,353460
BANKNIFTY-II.NFO,03/04/2025,09:15:40,51444,51431.6,240,51441.25,150,0,353460
BANKNIFTY-II.NFO,03/04/2025,09:15:42,51444,51431.6,240,51441.1,60,0,353460
BANKNIFTY-II.NFO,03/04/2025,09:15:44,51445.9,51424,30,51436.9,60,240,352830
BANKNIFTY-II.NFO,03/04/2025,09:15:45,51416,51411.15,30,51421.7,30,150,352830
BANKNIFTY-II.NFO,03/04/2025,09:15:47,51426.45,51411.15,30,51417.2,30,30,352830
BANKNIFTY-II.NFO,03/04/2025,09:15:48,51411.15,51411,30,51417.8,30,30,352830
BANKNIFTY-II.NFO,03/04/2025,09:15:50,51424.85,51401.05,120,51417.3,60,90,352830
BANKNIFTY-II.NFO,03/04/2025,09:15:52,51400,51395,30,51403.15,30,540,352830
BANKNIFTY-II.NFO,03/04/2025,09:15:53,51399,51395,30,51402.25,30,30,352830
BANKNIFTY-II.NFO,03/04/2025,09:15:53,51399,51395,30,51402.25,30,0,352830
BANKNIFTY-II.NFO,03/04/2025,09:15:55,51395,51379.25,120,51406.2,150,30,352830
BANKNIFTY-II.NFO,03/04/2025,09:15:55,51395,51379.25,120,51406.2,150,0,352830
BANKNIFTY-II.NFO,03/04/2025,09:15:57,51395,51379.05,150,51400,30,0,352830
BANKNIFTY-II.NFO,03/04/2025,09:15:58,51379.05,51379.05,90,51399.95,30,30,352830
BANKNIFTY-II.NFO,03/04/2025,09:15:58,51379.05,51379.05,90,51399.95,30,0,352830
BANKNIFTY-II.NFO,03/04/2025,09:16:00,51379.05,51379,30,51388.65,30,0,352830
BANKNIFTY-II.NFO,03/04/2025,09:16:02,51361.6,51340.6,120,51372.6,30,180,352830
BANKNIFTY-II.NFO,03/04/2025,09:16:02,51361.6,51340.6,120,51372.6,30,0,352830
BANKNIFTY-II.NFO,03/04/2025,09:16:03,51361.6,51340.3,120,51377.3,60,0,352830
BANKNIFTY-II.NFO,03/04/2025,09:16:05,51354.8,51354.5,120,51396.15,30,60,352830
BANKNIFTY-II.NFO,03/04/2025,09:16:05,51354.8,51354.5,120,51396.15,30,0,352830
BANKNIFTY-II.NFO,03/04/2025,09:16:06,51360,51371,30,51396.15,150,120,352830
BANKNIFTY-II.NFO,03/04/2025,09:16:08,51371.05,51371.05,30,51397.35,90,390,352830
BANKNIFTY-II.NFO,03/04/2025,09:16:10,51398.95,51373,120,51399,30,90,352830
BANKNIFTY-II.NFO,03/04/2025,09:16:11,51398.95,51380.65,150,51399,30,0,352830
BANKNIFTY-II.NFO,03/04/2025,09:16:13,51432.25,51399.15,120,51430,30,90,352830
BANKNIFTY-II.NFO,03/04/2025,09:16:15,51432.25,51399.05,120,51423.45,30,0,352830
BANKNIFTY-II.NFO,03/04/2025,09:16:16,51432.25,51419.25,120,51453.9,30,0,352830
BANKNIFTY-II.NFO,03/04/2025,09:16:18,51432.25,51427.35,120,51458.55,30,0,352830
BANKNIFTY-II.NFO,03/04/2025,09:16:19,51432.25,51425.8,120,51455.05,60,0,352830
BANKNIFTY-II.NFO,03/04/2025,09:16:21,51435.55,51431.4,120,51462.5,30,30,352830
BANKNIFTY-II.NFO,03/04/2025,09:16:23,51435.55,51436.2,120,51467.95,30,0,352830
BANKNIFTY-II.NFO,03/04/2025,09:16:24,51466.35,51430,120,51461.25,150,60,352830
BANKNIFTY-II.NFO,03/04/2025,09:16:26,51460.4,51431.75,120,51461.25,150,30,352830
BANKNIFTY-II.NFO,03/04/2025,09:16:28,51454.95,51425.75,120,51455.45,150,30,352830
BANKNIFTY-II.NFO,03/04/2025,09:16:29,51454.95,51425.55,120,51452.3,150,0,352830
BANKNIFTY-II.NFO,03/04/2025,09:16:31,51454.95,51425,30,51439.05,150,0,352830
BANKNIFTY-II.NFO,03/04/2025,09:16:33,51454.95,51425,30,51442.15,150,0,352830
BANKNIFTY-II.NFO,03/04/2025,09:16:34,51454.95,51425.05,120,51446,150,0,352830
BANKNIFTY-II.NFO,03/04/2025,09:16:36,51444.75,51430,30,51436.3,150,30,352830
BANKNIFTY-II.NFO,03/04/2025,09:16:37,51436,51430,30,51438.95,150,30,352830
BANKNIFTY-II.NFO,03/04/2025,09:16:39,51436,51430,30,51438.7,120,0,352830
BANKNIFTY-II.NFO,03/04/2025,09:16:41,51436,51430,30,51437.1,120,0,352830
BANKNIFTY-II.NFO,03/04/2025,09:16:42,51436,51430,30,51437.7,120,0,352830
BANKNIFTY-II.NFO,03/04/2025,09:16:44,51436,51430,30,51440.6,120,0,352830
BANKNIFTY-II.NFO,03/04/2025,09:16:46,51436,51434.65,120,51454.95,30,0,352830
BANKNIFTY-II.NFO,03/04/2025,09:16:47,51454.9,51434.65,90,51454.95,30,60,352830
BANKNIFTY-II.NFO,03/04/2025,09:16:49,51436,51431.15,120,51457.25,120,30,352830
BANKNIFTY-II.NFO,03/04/2025,09:16:50,51436,51430.15,120,51456.2,150,0,352830
BANKNIFTY-II.NFO,03/04/2025,09:16:52,51436,51430.15,120,51453.05,150,0,352830
BANKNIFTY-II.NFO,03/04/2025,09:16:54,51436,51434.65,120,51443.25,150,0,352830
BANKNIFTY-II.NFO,03/04/2025,09:16:55,51436,51434.65,120,51439.7,120,0,352830
BANKNIFTY-II.NFO,03/04/2025,09:16:57,51436,51434.65,120,51448.1,150,0,352830
BANKNIFTY-II.NFO,03/04/2025,09:16:59,51436,51434.65,120,51442.25,150,0,352830
BANKNIFTY-II.NFO,03/04/2025,09:17:00,51436,51434.65,120,51448.75,120,0,352830
BANKNIFTY-II.NFO,03/04/2025,09:17:02,51436,51434.65,120,51444.8,150,0,352830
BANKNIFTY-II.NFO,03/04/2025,09:17:03,51436,51434.65,120,51443.1,150,0,352830
BANKNIFTY-II.NFO,03/04/2025,09:17:05,51436,51434.65,120,51436,30,0,352830
BANKNIFTY-II.NFO,03/04/2025,09:17:07,51436,51434.65,120,51446.7,150,30,352830
BANKNIFTY-II.NFO,03/04/2025,09:17:08,51436,51434.65,120,51444.1,120,0,352830
BANKNIFTY-II.NFO,03/04/2025,09:17:10,51436,51440,120,51445.95,150,0,352830
BANKNIFTY-II.NFO,03/04/2025,09:17:11,51453.9,51440,120,51452,150,60,352830
BANKNIFTY-II.NFO,03/04/2025,09:17:13,51440,51440,60,51448.9,90,60,352830
BANKNIFTY-II.NFO,03/04/2025,09:17:14,51440,51440,60,51448.05,90,0,352830
BANKNIFTY-II.NFO,03/04/2025,09:17:16,51440,51440,60,51449.45,90,0,352830
BANKNIFTY-II.NFO,03/04/2025,09:17:18,51440,51440,60,51445.25,90,0,352830
BANKNIFTY-II.NFO,03/04/2025,09:17:19,51440,51440,90,51448.65,90,0,352830
BANKNIFTY-II.NFO,03/04/2025,09:17:21,51440,51440,120,51448.3,90,0,352830
BANKNIFTY-II.NFO,03/04/2025,09:17:22,51440,51440.05,120,51456.85,30,0,352830
BANKNIFTY-II.NFO,03/04/2025,09:17:24,51440,51440.05,120,51455.3,30,0,352830
BANKNIFTY-II.NFO,03/04/2025,09:17:25,51440,51440.15,120,51457.3,30,0,352830
BANKNIFTY-II.NFO,03/04/2025,09:17:27,51456.7,51440.05,180,51460.4,30,30,352830
BANKNIFTY-II.NFO,03/04/2025,09:17:29,51456.7,51440.45,120,51460.4,30,0,352830
BANKNIFTY-II.NFO,03/04/2025,09:17:30,51456.7,51440.65,120,51460.4,30,0,352830
BANKNIFTY-II.NFO,03/04/2025,09:17:32,51456.7,51440,150,51454.6,150,0,352830
BANKNIFTY-II.NFO,03/04/2025,09:17:33,51456.7,51450,60,51458.7,240,0,352830
BANKNIFTY-II.NFO,03/04/2025,09:17:35,51456.7,51450,60,51460.4,30,0,352830
BANKNIFTY-II.NFO,03/04/2025,09:17:38,51456.7,51450.05,120,51460.4,30,0,352830
BANKNIFTY-II.NFO,03/04/2025,09:17:40,51460,51450.05,120,51466.3,150,60,352830
BANKNIFTY-II.NFO,03/04/2025,09:17:41,51460,51457.15,150,51470.05,30,0,352830
BANKNIFTY-II.NFO,03/04/2025,09:17:43,51460,51456.75,120,51470.05,30,0,352830
BANKNIFTY-II.NFO,03/04/2025,09:17:45,51456.75,51458.9,150,51470.05,30,120,352830
BANKNIFTY-II.NFO,03/04/2025,09:17:46,51456.75,51460.35,120,51470,60,0,352830
BANKNIFTY-II.NFO,03/04/2025,09:17:48,51470,51456.7,30,51469.9,120,30,352830
BANKNIFTY-II.NFO,03/04/2025,09:17:49,51470,51456.75,120,51470,30,0,352830
BANKNIFTY-II.NFO,03/04/2025,09:17:51,51470,51456.7,30,51469.95,120,0,352830
BANKNIFTY-II.NFO,03/04/2025,09:17:53,51470,51460,30,51470.05,30,30,352830
BANKNIFTY-II.NFO,03/04/2025,09:17:54,51470,51460.05,120,51470.05,30,0,352830
BANKNIFTY-II.NFO,03/04/2025,09:17:56,51470,51460,30,51469.6,120,0,352830
BANKNIFTY-II.NFO,03/04/2025,09:17:57,51464.65,51456.7,30,51464.75,90,60,352830
BANKNIFTY-II.NFO,03/04/2025,09:17:59,51464.55,51456.7,30,51465.95,150,150,352830
BANKNIFTY-II.NFO,03/04/2025,09:18:01,51456.7,51450,30,51459.25,90,30,352830
BANKNIFTY-II.NFO,03/04/2025,09:18:02,51456.7,51450.1,120,51470,30,0,352830
BANKNIFTY-II.NFO,03/04/2025,09:18:04,51470,51450.1,120,51470.05,30,30,352830
BANKNIFTY-II.NFO,03/04/2025,09:18:05,51482.2,51458.15,120,51484.1,150,90,352830
BANKNIFTY-II.NFO,03/04/2025,09:18:07,51482.2,51458.6,120,51470,60,0,352830
BANKNIFTY-II.NFO,03/04/2025,09:18:09,51482.2,51460.75,120,51470,60,0,352830
BANKNIFTY-II.NFO,03/04/2025,09:18:10,51470,51462.2,120,51489.95,30,60,352830
BANKNIFTY-II.NFO,03/04/2025,09:18:12,51470,51464.05,120,51488,30,0,352830
BANKNIFTY-II.NFO,03/04/2025,09:18:13,51470,51464.75,120,51488,30,0,352830
BANKNIFTY-II.NFO,03/04/2025,09:18:15,51470,51464.75,120,51485.7,150,0,352830
BANKNIFTY-II.NFO,03/04/2025,09:18:17,51470.05,51470.05,90,51487.95,30,30,352830
BANKNIFTY-II.NFO,03/04/2025,09:18:20,51470.05,51474.4,120,51488,30,0,352830
BANKNIFTY-II.NFO,03/04/2025,09:18:22,51477.65,51478.35,120,51488,30,60,352830
BANKNIFTY-II.NFO,03/04/2025,09:18:23,51477.65,51471.75,120,51488,30,0,352830
BANKNIFTY-II.NFO,03/04/2025,09:18:25,51488,51481.55,120,51497,30,60,352830
BANKNIFTY-II.NFO,03/04/2025,09:18:27,51488,51470.3,120,51495.55,60,0,352830
BANKNIFTY-II.NFO,03/04/2025,09:18:28,51494.65,51470.75,120,51492.95,30,30,352830
BANKNIFTY-II.NFO,03/04/2025,09:18:30,51494.65,51478.1,120,51497,30,0,352830
BANKNIFTY-II.NFO,03/04/2025,09:18:32,51502.15,51480,30,51498.5,30,180,352830
BANKNIFTY-II.NFO,03/04/2025,09:18:32,51502.15,51480,30,51498.5,30,0,352830
BANKNIFTY-II.NFO,03/04/2025,09:18:33,51502.15,51480.05,120,51500,150,0,352830
BANKNIFTY-II.NFO,03/04/2025,09:18:35,51498.5,51480.8,120,51505.9,150,30,352830
BANKNIFTY-II.NFO,03/04/2025,09:18:37,51498.5,51488.65,120,51512,30,0,352830
BANKNIFTY-II.NFO,03/04/2025,09:18:38,51498.5,51489.6,120,51512,30,0,352830
BANKNIFTY-II.NFO,03/04/2025,09:18:40,51498.5,51490.05,150,51512,30,0,352830
BANKNIFTY-II.NFO,03/04/2025,09:18:42,51494.65,51491.9,150,51512,30,30,352290
BANKNIFTY-II.NFO,03/04/2025,09:18:43,51512,51494.85,120,51523.95,150,30,352290
BANKNIFTY-II.NFO,03/04/2025,09:18:43,51512,51494.85,120,51523.95,150,0,352290
BANKNIFTY-II.NFO,03/04/2025,09:18:45,51521.45,51512,90,51523.8,150,60,352290
BANKNIFTY-II.NFO,03/04/2025,09:18:45,51521.45,51512,90,51523.8,150,0,352290
BANKNIFTY-II.NFO,03/04/2025,09:18:47,51498.55,51499.9,120,51525.85,30,120,352290
BANKNIFTY-II.NFO,03/04/2025,09:18:49,51525.2,51499.25,120,51525.2,150,30,352290
BANKNIFTY-II.NFO,03/04/2025,09:18:49,51525.2,51499.25,120,51525.2,150,0,352290
BANKNIFTY-II.NFO,03/04/2025,09:18:50,51528.2,51501.45,180,51527.7,150,30,352290
BANKNIFTY-II.NFO,03/04/2025,09:18:50,51528.2,51501.45,180,51527.7,150,0,352290
BANKNIFTY-II.NFO,03/04/2025,09:18:52,51528.2,51498.55,120,51521.55,150,0,352290
BANKNIFTY-II.NFO,03/04/2025,09:18:54,51528.2,51503.15,120,51530.2,150,0,352290
BANKNIFTY-II.NFO,03/04/2025,09:18:55,51528.2,51501.8,120,51525,150,0,352290
BANKNIFTY-II.NFO,03/04/2025,09:18:57,51528.2,51498.6,30,51508.15,150,0,352290
BANKNIFTY-II.NFO,03/04/2025,09:18:59,51528.2,51498.65,120,51519.5,150,0,352290
BANKNIFTY-II.NFO,03/04/2025,09:19:00,51528.2,51498.6,30,51515.35,150,0,352290
BANKNIFTY-II.NFO,03/04/2025,09:19:02,51528.2,51498.75,30,51516.55,30,0,352290
BANKNIFTY-II.NFO,03/04/2025,09:19:04,51528.2,51500.05,120,51516.55,30,0,352290
BANKNIFTY-II.NFO,03/04/2025,09:19:05,51528.2,51507.85,120,51516.55,30,0,352290
BANKNIFTY-II.NFO,03/04/2025,09:19:07,51528.2,51506.45,120,51516.55,30,0,352290
BANKNIFTY-II.NFO,03/04/2025,09:19:09,51528.2,51506.4,30,51516.55,30,0,352290
BANKNIFTY-II.NFO,03/04/2025,09:19:10,51516.55,51500.15,120,51524.6,150,30,352290
BANKNIFTY-II.NFO,03/04/2025,09:19:12,51516.55,51500.05,30,51514,150,0,352290
BANKNIFTY-II.NFO,03/04/2025,09:19:14,51516.55,51500.1,30,51516.05,150,0,352290
BANKNIFTY-II.NFO,03/04/2025,09:19:15,51511.95,51500.15,120,51521.5,120,30,352290
BANKNIFTY-II.NFO,03/04/2025,09:19:17,51522.5,51500.85,120,51522.45,90,30,352290
BANKNIFTY-II.NFO,03/04/2025,09:19:19,51522.5,51501.4,60,51523.5,90,0,352290
BANKNIFTY-II.NFO,03/04/2025,09:19:20,51522.5,51506,120,51528.2,90,0,352290
BANKNIFTY-II.NFO,03/04/2025,09:19:22,51522.5,51506.7,120,51528.2,90,0,352290
BANKNIFTY-II.NFO,03/04/2025,09:19:23,51528.2,51506.7,120,51527.55,150,30,352290
BANKNIFTY-II.NFO,03/04/2025,09:19:25,51528.2,51504.95,120,51528.2,60,0,352290
BANKNIFTY-II.NFO,03/04/2025,09:19:27,51528.2,51505.25,120,51527.45,90,0,352290
BANKNIFTY-II.NFO,03/04/2025,09:19:28,51528.2,51506.35,120,51528.2,30,30,352290
BANKNIFTY-II.NFO,03/04/2025,09:19:30,51528.2,51506.35,120,51528.05,150,0,352290
BANKNIFTY-II.NFO,03/04/2025,09:19:32,51527.45,51506.35,120,51527.45,60,30,352290
BANKNIFTY-II.NFO,03/04/2025,09:19:33,51527.45,51506.4,60,51523,60,0,352290
BANKNIFTY-II.NFO,03/04/2025,09:19:35,51521.35,51506.45,30,51517.5,120,120,352290
BANKNIFTY-II.NFO,03/04/2025,09:19:37,51506.4,51506.5,30,51512.25,90,90,352290
BANKNIFTY-II.NFO,03/04/2025,09:19:38,51506.5,51504.8,30,51510.55,120,150,352290
BANKNIFTY-II.NFO,03/04/2025,09:19:40,51513.35,51504.85,30,51514.85,150,30,352290
BANKNIFTY-II.NFO,03/04/2025,09:19:42,51513.35,51504.95,120,51524.9,150,0,352290
BANKNIFTY-II.NFO,03/04/2025,09:19:43,51524.9,51504.9,30,51522,30,30,352290
BANKNIFTY-II.NFO,03/04/2025,09:19:45,51524.9,51509,120,51524,30,0,352290
BANKNIFTY-II.NFO,03/04/2025,09:19:46,51524,51513.95,120,51528.2,30,30,352290
BANKNIFTY-II.NFO,03/04/2025,09:19:48,51524,51513.4,120,51528.2,30,0,352290
BANKNIFTY-II.NFO,03/04/2025,09:19:53,51524,51513.7,180,51528.2,30,0,352290
BANKNIFTY-II.NFO,03/04/2025,09:19:55,51528.2,51513.4,120,51537.4,30,30,352290
BANKNIFTY-II.NFO,03/04/2025,09:19:56,51528.2,51513.4,120,51534.85,180,0,352290
BANKNIFTY-II.NFO,03/04/2025,09:19:58,51530,51530,30,51537.2,150,30,352290
BANKNIFTY-II.NFO,03/04/2025,09:19:58,51530,51530,30,51537.2,150,0,352290
BANKNIFTY-II.NFO,03/04/2025,09:20:00,51530,51530,30,51532.75,150,0,352290
BANKNIFTY-II.NFO,03/04/2025,09:20:01,51540.35,51530,30,51541,150,30,352290
BANKNIFTY-II.NFO,03/04/2025,09:20:01,51540.35,51530,30,51541,150,0,352290
BANKNIFTY-II.NFO,03/04/2025,09:20:03,51540.35,51530,30,51537.2,180,0,352290
BANKNIFTY-II.NFO,03/04/2025,09:20:05,51530,51513.35,30,51523.3,150,30,352290
BANKNIFTY-II.NFO,03/04/2025,09:20:06,51513.35,51500,90,51511.2,120,30,352290
BANKNIFTY-II.NFO,03/04/2025,09:20:08,51514.55,51500,90,51512.05,150,60,352290
BANKNIFTY-II.NFO,03/04/2025,09:20:10,51514.55,51500,90,51517.6,150,0,352290
BANKNIFTY-II.NFO,03/04/2025,09:20:11,51510.6,51500,90,51508,30,60,352290
BANKNIFTY-II.NFO,03/04/2025,09:20:13,51500,51500,60,51501.55,150,30,352290
BANKNIFTY-II.NFO,03/04/2025,09:20:15,51512,51486.2,120,51511.7,90,180,352290
BANKNIFTY-II.NFO,03/04/2025,09:20:16,51512,51486.2,120,51505.3,90,0,352290
BANKNIFTY-II.NFO,03/04/2025,09:20:18,51512,51486.15,30,51501.9,90,0,352290
BANKNIFTY-II.NFO,03/04/2025,09:20:20,51512,51487.75,120,51514.95,90,0,352290
BANKNIFTY-II.NFO,03/04/2025,09:20:21,51494.55,51494.55,90,51518,30,30,352290
BANKNIFTY-II.NFO,03/04/2025,09:20:23,51489.45,51489.45,90,51494,30,30,352290
BANKNIFTY-II.NFO,03/04/2025,09:20:25,51486.2,51486.3,120,51494,30,30,352290
BANKNIFTY-II.NFO,03/04/2025,09:20:26,51494,51486.3,120,51506.65,30,30,352290
BANKNIFTY-II.NFO,03/04/2025,09:20:28,51494,51487,120,51508.8,30,0,352290
BANKNIFTY-II.NFO,03/04/2025,09:20:30,51494,51486.15,30,51503.5,30,0,352290
BANKNIFTY-II.NFO,03/04/2025,09:20:31,51494,51486.15,30,51503.05,30,0,352290
BANKNIFTY-II.NFO,03/04/2025,09:20:33,51493.35,51486.15,30,51491.7,30,60,352290
BANKNIFTY-II.NFO,03/04/2025,09:20:35,51493.35,51486.15,30,51491.3,30,0,352290
BANKNIFTY-II.NFO,03/04/2025,09:20:36,51493.35,51486.15,30,51493.95,30,0,352290
BANKNIFTY-II.NFO,03/04/2025,09:20:38,51493.35,51486.15,30,51489.2,30,0,352290
BANKNIFTY-II.NFO,03/04/2025,09:20:40,51486.15,51470.1,120,51486.8,30,30,352290
BANKNIFTY-II.NFO,03/04/2025,09:20:41,51486.15,51470.05,30,51482.7,30,0,352290
BANKNIFTY-II.NFO,03/04/2025,09:20:43,51463.5,51460.05,120,51481.95,60,150,352290
BANKNIFTY-II.NFO,03/04/2025,09:20:45,51463.5,51460.05,120,51481.25,60,0,352290
BANKNIFTY-II.NFO,03/04/2025,09:20:46,51463.5,51460.05,120,51482.2,120,0,352290
BANKNIFTY-II.NFO,03/04/2025,09:20:48,51463.5,51460.05,120,51487,120,0,352290
BANKNIFTY-II.NFO,03/04/2025,09:20:50,51463.5,51464.6,120,51489.95,30,0,352290
BANKNIFTY-II.NFO,03/04/2025,09:20:51,51463.5,51468.75,150,51489.95,120,0,352290
BANKNIFTY-II.NFO,03/04/2025,09:20:53,51463.5,51473.35,150,51490,30,0,352290
BANKNIFTY-II.NFO,03/04/2025,09:20:55,51463.5,51476.45,180,51490,30,0,352290
BANKNIFTY-II.NFO,03/04/2025,09:20:56,51463.5,51478.3,150,51490,30,0,352290
BANKNIFTY-II.NFO,03/04/2025,09:20:58,51490,51481.05,150,51494,30,30,352290
BANKNIFTY-II.NFO,03/04/2025,09:21:00,51500,51491.6,150,51516.35,30,60,352290
BANKNIFTY-II.NFO,03/04/2025,09:21:01,51500,51494.4,120,51521.25,30,0,352290
BANKNIFTY-II.NFO,03/04/2025,09:21:03,51500,51499.2,120,51521.3,60,0,352290
BANKNIFTY-II.NFO,03/04/2025,09:21:05,51500,51500.3,120,51529.45,120,0,352290
BANKNIFTY-II.NFO,03/04/2025,09:21:06,51500,51501.1,120,51523.85,90,0,352290
BANKNIFTY-II.NFO,03/04/2025,09:21:08,51500,51502.7,120,51529.7,60,0,352290
BANKNIFTY-II.NFO,03/04/2025,09:21:10,51500,51505.55,150,51529.95,90,0,352290
BANKNIFTY-II.NFO,03/04/2025,09:21:11,51500,51504.95,150,51529.95,90,0,352290
BANKNIFTY-II.NFO,03/04/2025,09:21:13,51529.95,51506.15,120,51529.95,150,30,352290
BANKNIFTY-II.NFO,03/04/2025,09:21:15,51529.95,51508.4,120,51529.95,120,0,352290
BANKNIFTY-II.NFO,03/04/2025,09:21:16,51529.95,51515.95,120,51530,30,0,352290
BANKNIFTY-II.NFO,03/04/2025,09:21:18,51529.95,51518.4,150,51530,30,0,352290
BANKNIFTY-II.NFO,03/04/2025,09:21:20,51529.95,51519,60,51530,30,0,352290
BANKNIFTY-II.NFO,03/04/2025,09:21:21,51529.95,51525,30,51530,30,0,352290
BANKNIFTY-II.NFO,03/04/2025,09:21:23,51529.95,51525.05,180,51529.95,30,0,352290
BANKNIFTY-II.NFO,03/04/2025,09:21:25,51530,51529.25,150,51550,60,60,352290
BANKNIFTY-II.NFO,03/04/2025,09:21:26,51530,51533.3,120,51550,60,0,352290
BANKNIFTY-II.NFO,03/04/2025,09:21:28,51554,51555.25,180,51560,30,90,352290
BANKNIFTY-II.NFO,03/04/2025,09:21:28,51554,51555.25,180,51560,30,0,352290
BANKNIFTY-II.NFO,03/04/2025,09:21:30,51560,51550.2,120,51566,30,30,352290
BANKNIFTY-II.NFO,03/04/2025,09:21:30,51560,51550.2,120,51566,30,0,352290
BANKNIFTY-II.NFO,03/04/2025,09:21:31,51565.95,51544.55,120,51565.95,90,30,352290
BANKNIFTY-II.NFO,03/04/2025,09:21:31,51565.95,51544.55,120,51565.95,90,0,352290
BANKNIFTY-II.NFO,03/04/2025,09:21:33,51565.95,51548.8,120,51566,30,30,352290
BANKNIFTY-II.NFO,03/04/2025,09:21:35,51565.95,51552.55,120,51566,30,0,352290
BANKNIFTY-II.NFO,03/04/2025,09:21:36,51566,51561.8,120,51576,30,30,352290
BANKNIFTY-II.NFO,03/04/2025,09:21:36,51566,51561.8,120,51576,30,0,352290
BANKNIFTY-II.NFO,03/04/2025,09:21:38,51566,51556.55,120,51574,30,0,352290
BANKNIFTY-II.NFO,03/04/2025,09:21:40,51566,51555.6,120,51573.95,60,0,352290
BANKNIFTY-II.NFO,03/04/2025,09:21:41,51566,51552.8,120,51573.95,60,0,352290
BANKNIFTY-II.NFO,03/04/2025,09:21:43,51566,51546.85,120,51573.95,60,0,352290
BANKNIFTY-II.NFO,03/04/2025,09:21:45,51566,51557.35,120,51574,30,0,352290
BANKNIFTY-II.NFO,03/04/2025,09:21:46,51566,51558.95,120,51574,30,0,352290
BANKNIFTY-II.NFO,03/04/2025,09:21:48,51566,51556.9,120,51574,30,0,352290
BANKNIFTY-II.NFO,03/04/2025,09:21:50,51574,51553.6,120,51575.95,60,30,352380
BANKNIFTY-II.NFO,03/04/2025,09:21:50,51574,51553.6,120,51575.95,60,0,352380
BANKNIFTY-II.NFO,03/04/2025,09:21:51,51574,51550.5,120,51575.65,60,0,352380
BANKNIFTY-II.NFO,03/04/2025,09:21:53,51574,51549.55,120,51575.95,60,0,352380
BANKNIFTY-II.NFO,03/04/2025,09:21:55,51574,51545.65,120,51573.9,60,0,352380
BANKNIFTY-II.NFO,03/04/2025,09:21:56,51573.95,51550.5,150,51573.95,30,30,352380
BANKNIFTY-II.NFO,03/04/2025,09:21:58,51573.95,51560,150,51573.9,60,0,352380
BANKNIFTY-II.NFO,03/04/2025,09:22:00,51560,51560,120,51573.1,90,30,352380
BANKNIFTY-II.NFO,03/04/2025,09:22:01,51560,51560,120,51573.9,30,0,352380
BANKNIFTY-II.NFO,03/04/2025,09:22:03,51560,51560.05,120,51573.95,30,0,352380
BANKNIFTY-II.NFO,03/04/2025,09:22:05,51560,51560,120,51573.9,60,0,352380
BANKNIFTY-II.NFO,03/04/2025,09:22:06,51560,51560.05,120,51574,30,0,352380
BANKNIFTY-II.NFO,03/04/2025,09:22:08,51560.05,51560,120,51569.95,60,30,352380
BANKNIFTY-II.NFO,03/04/2025,09:22:10,51560,51560,90,51560.05,30,30,352380
BANKNIFTY-II.NFO,03/04/2025,09:22:11,51560,51541.85,120,51560.05,30,90,352380
BANKNIFTY-II.NFO,03/04/2025,09:22:13,51560,51534.55,120,51559.95,30,0,352380
BANKNIFTY-II.NFO,03/04/2025,09:22:15,51559.95,51537.5,150,51559.95,30,30,352380
BANKNIFTY-II.NFO,03/04/2025,09:22:16,51559.95,51540.7,150,51560,90,0,352380
BANKNIFTY-II.NFO,03/04/2025,09:22:18,51559.95,51551.2,120,51560,90,0,352380
BANKNIFTY-II.NFO,03/04/2025,09:22:20,51559.95,51550.75,120,51560,90,0,352380
BANKNIFTY-II.NFO,03/04/2025,09:22:21,51560,51538.65,120,51559.95,30,60,352380
BANKNIFTY-II.NFO,03/04/2025,09:22:23,51560,51558.2,120,51560.05,30,60,352380
BANKNIFTY-II.NFO,03/04/2025,09:22:25,51560,51553.6,120,51560.05,30,0,352380
BANKNIFTY-II.NFO,03/04/2025,09:22:26,51560,51550.85,120,51560.05,30,0,352380
BANKNIFTY-II.NFO,03/04/2025,09:22:28,51560,51555.5,120,51560.05,30,0,352380
BANKNIFTY-II.NFO,03/04/2025,09:22:30,51560,51551.35,120,51560.05,30,0,352380
BANKNIFTY-II.NFO,03/04/2025,09:22:31,51560,51553.15,120,51560.05,30,0,352380
BANKNIFTY-II.NFO,03/04/2025,09:22:33,51560,51546.35,120,51560.05,30,0,352380
BANKNIFTY-II.NFO,03/04/2025,09:22:35,51560.05,51544.3,120,51573.5,30,30,352380
BANKNIFTY-II.NFO,03/04/2025,09:22:36,51560.05,51555.45,120,51574,30,0,352380
BANKNIFTY-II.NFO,03/04/2025,09:22:38,51560.05,51570.2,120,51574,30,0,352380
BANKNIFTY-II.NFO,03/04/2025,09:22:39,51574,51565.45,120,51580,30,30,352380
BANKNIFTY-II.NFO,03/04/2025,09:22:41,51574,51568.35,150,51580,30,0,352380
BANKNIFTY-II.NFO,03/04/2025,09:22:43,51582,51571.55,180,51597.5,30,60,352380
BANKNIFTY-II.NFO,03/04/2025,09:22:43,51582,51571.55,180,51597.5,30,0,352380
BANKNIFTY-II.NFO,03/04/2025,09:22:44,51582,51571.55,120,51599.85,30,0,352380
BANKNIFTY-II.NFO,03/04/2025,09:22:46,51582,51566.25,180,51595.75,30,0,352380
BANKNIFTY-II.NFO,03/04/2025,09:22:48,51582,51580,30,51590.95,60,0,352380
BANKNIFTY-II.NFO,03/04/2025,09:22:49,51582,51580,30,51592.95,60,0,352380
BANKNIFTY-II.NFO,03/04/2025,09:22:51,51592.95,51582,30,51589.55,150,30,352380
BANKNIFTY-II.NFO,03/04/2025,09:22:51,51592.95,51582,30,51589.55,150,0,352380
BANKNIFTY-II.NFO,03/04/2025,09:22:53,51580,51582,360,51591.1,30,60,352380
BANKNIFTY-II.NFO,03/04/2025,09:22:54,51582,51582,330,51585.35,150,30,352380
BANKNIFTY-II.NFO,03/04/2025,09:22:56,51582,51582,240,51585.2,60,90,352380
BANKNIFTY-II.NFO,03/04/2025,09:22:58,51582,51582,240,51590.35,60,0,352380
BANKNIFTY-II.NFO,03/04/2025,09:22:59,51582,51582,240,51584.45,60,0,352380
BANKNIFTY-II.NFO,03/04/2025,09:23:01,51582,51582,240,51587.15,60,0,352380
BANKNIFTY-II.NFO,03/04/2025,09:23:03,51582,51582,180,51584.45,150,60,352380
BANKNIFTY-II.NFO,03/04/2025,09:23:04,51582,51567.1,120,51594.75,60,180,352380
BANKNIFTY-II.NFO,03/04/2025,09:23:06,51573.1,51576.05,30,51586,30,30,352380
BANKNIFTY-II.NFO,03/04/2025,09:23:08,51573.1,51567.05,30,51584.25,30,0,352380
BANKNIFTY-II.NFO,03/04/2025,09:23:09,51573.1,51564.1,120,51584.1,30,0,352380
BANKNIFTY-II.NFO,03/04/2025,09:23:11,51567.05,51564.05,30,51584,60,30,352380
BANKNIFTY-II.NFO,03/04/2025,09:23:13,51567.05,51573.1,30,51584.15,30,0,352380
BANKNIFTY-II.NFO,03/04/2025,09:23:14,51561.05,51560.05,120,51582.45,30,60,352380
BANKNIFTY-II.NFO,03/04/2025,09:23:16,51561.05,51560.05,120,51580.65,60,0,352380
BANKNIFTY-II.NFO,03/04/2025,09:23:17,51560,51558.1,120,51579.05,30,30,352380
BANKNIFTY-II.NFO,03/04/2025,09:23:19,51560,51558.1,120,51578.7,60,0,352380
BANKNIFTY-II.NFO,03/04/2025,09:23:21,51560,51552.1,120,51571.65,30,0,352380
BANKNIFTY-II.NFO,03/04/2025,09:23:22,51560,51546.1,120,51565,30,0,352380
BANKNIFTY-II.NFO,03/04/2025,09:23:24,51560,51555.05,30,51572.65,30,0,352380
BANKNIFTY-II.NFO,03/04/2025,09:23:26,51560,51564.1,120,51581.55,30,0,352380
BANKNIFTY-II.NFO,03/04/2025,09:23:27,51560,51567.05,30,51586.15,30,0,352380
BANKNIFTY-II.NFO,03/04/2025,09:23:29,51560,51561.1,120,51585.1,30,0,352380
BANKNIFTY-II.NFO,03/04/2025,09:23:31,51560,51561.05,30,51578.35,30,0,352380
BANKNIFTY-II.NFO,03/04/2025,09:23:32,51560,51576.1,120,51594.3,30,0,352380
BANKNIFTY-II.NFO,03/04/2025,09:23:34,51560,51573.05,30,51587.6,30,0,352380
BANKNIFTY-II.NFO,03/04/2025,09:23:36,51560,51570.1,120,51589.2,30,0,352380
BANKNIFTY-II.NFO,03/04/2025,09:23:37,51570.1,51570.1,120,51587.1,30,30,352380
BANKNIFTY-II.NFO,03/04/2025,09:23:39,51570.1,51573.05,30,51584.25,30,0,352380
BANKNIFTY-II.NFO,03/04/2025,09:23:41,51570.1,51570.05,30,51586.15,30,0,352380
BANKNIFTY-II.NFO,03/04/2025,09:23:42,51570.1,51561.1,120,51581.45,30,0,352380
BANKNIFTY-II.NFO,03/04/2025,09:23:44,51570.1,51570.05,30,51582.15,30,0,352380
BANKNIFTY-II.NFO,03/04/2025,09:23:46,51570.1,51567.05,30,51582.55,30,0,352380
BANKNIFTY-II.NFO,03/04/2025,09:23:47,51570.1,51564.2,150,51586.05,30,0,352380
BANKNIFTY-II.NFO,03/04/2025,09:23:49,51570.1,51561.85,150,51584.6,30,0,352380
BANKNIFTY-II.NFO,03/04/2025,09:23:51,51570.1,51555.1,120,51575,30,0,352380
BANKNIFTY-II.NFO,03/04/2025,09:23:52,51570.1,51550,30,51564.2,30,0,352380
BANKNIFTY-II.NFO,03/04/2025,09:23:54,51570.1,51550,30,51561.8,30,0,352380
BANKNIFTY-II.NFO,03/04/2025,09:23:56,51550,51531.1,120,51550.85,30,30,352380
BANKNIFTY-II.NFO,03/04/2025,09:23:57,51550,51534.3,120,51555.7,30,0,352380
BANKNIFTY-II.NFO,03/04/2025,09:23:59,51550,51538.8,120,51559.45,30,0,352380
BANKNIFTY-II.NFO,03/04/2025,09:24:01,51551.2,51531.1,120,51550.85,30,30,352380
BANKNIFTY-II.NFO,03/04/2025,09:24:02,51551.2,51528.1,120,51548.8,30,0,352380
BANKNIFTY-II.NFO,03/04/2025,09:24:04,51551.2,51522.1,120,51546.7,30,0,352380
BANKNIFTY-II.NFO,03/04/2025,09:24:05,51547.5,51525.3,120,51550.75,30,30,352380
BANKNIFTY-II.NFO,03/04/2025,09:24:07,51547.5,51522.6,120,51545.55,30,0,352380
BANKNIFTY-II.NFO,03/04/2025,09:24:09,51547.5,51504.3,120,51527.1,60,0,352380
BANKNIFTY-II.NFO,03/04/2025,09:24:10,51547.5,51507.1,120,51526.7,30,0,352380
BANKNIFTY-II.NFO,03/04/2025,09:24:12,51547.5,51500.05,120,51519.6,30,0,352380
BANKNIFTY-II.NFO,03/04/2025,09:24:14,51547.5,51500,30,51517.65,60,0,352380
BANKNIFTY-II.NFO,03/04/2025,09:24:15,51547.5,51500,30,51511.3,90,0,352380
BANKNIFTY-II.NFO,03/04/2025,09:24:17,51547.5,51500,30,51508.65,60,0,352380
BANKNIFTY-II.NFO,03/04/2025,09:24:19,51547.5,51500,30,51516.45,30,0,352380
BANKNIFTY-II.NFO,03/04/2025,09:24:20,51547.5,51500,30,51512.9,30,0,352380
BANKNIFTY-II.NFO,03/04/2025,09:24:22,51492.1,51489.2,120,51513.9,30,60,352380
BANKNIFTY-II.NFO,03/04/2025,09:24:23,51492.1,51488.5,120,51513.1,30,0,352380
BANKNIFTY-II.NFO,03/04/2025,09:24:25,51492.1,51493.05,120,51520.15,30,0,352380
BANKNIFTY-II.NFO,03/04/2025,09:24:27,51492.1,51500.2,120,51530.15,30,0,352380
BANKNIFTY-II.NFO,03/04/2025,09:24:28,51492.1,51513.1,120,51538.2,30,0,352380
BANKNIFTY-II.NFO,03/04/2025,09:24:30,51492.1,51522.1,120,51541.05,30,0,352380
BANKNIFTY-II.NFO,03/04/2025,09:24:32,51525.2,51519.05,30,51538.85,30,30,352380
BANKNIFTY-II.NFO,03/04/2025,09:24:33,51525.2,51514,120,51540,30,0,352380
BANKNIFTY-II.NFO,03/04/2025,09:24:35,51525.2,51522.1,120,51540.9,30,0,352380
BANKNIFTY-II.NFO,03/04/2025,09:24:37,51525.2,51519.1,120,51540.8,30,0,352380
BANKNIFTY-II.NFO,03/04/2025,09:24:38,51525.2,51519.05,30,51537.55,30,0,352380
BANKNIFTY-II.NFO,03/04/2025,09:24:40,51525.2,51513.9,150,51537.15,30,0,352380
BANKNIFTY-II.NFO,03/04/2025,09:24:41,51525.2,51519.9,120,51546.5,90,0,352380
BANKNIFTY-II.NFO,03/04/2025,09:24:43,51525.2,51531.1,150,51558.35,30,0,352380
BANKNIFTY-II.NFO,03/04/2025,09:24:45,51525.2,51552.2,120,51579.1,30,0,352380
BANKNIFTY-II.NFO,03/04/2025,09:24:46,51525.2,51558.05,30,51575.55,30,0,352380
BANKNIFTY-II.NFO,03/04/2025,09:24:48,51525.2,51552.1,120,51570.75,30,0,352380
BANKNIFTY-II.NFO,03/04/2025,09:24:50,51525.2,51552.05,30,51572.05,30,0,352380
BANKNIFTY-II.NFO,03/04/2025,09:24:51,51525.2,51552.1,120,51571.1,30,0,352380
BANKNIFTY-II.NFO,03/04/2025,09:24:53,51552.05,51543.05,30,51562.2,120,150,352050
BANKNIFTY-II.NFO,03/04/2025,09:24:54,51561.4,51537.1,120,51561.95,120,30,352050
BANKNIFTY-II.NFO,03/04/2025,09:24:56,51561.4,51537.1,120,51559.05,120,0,352050
BANKNIFTY-II.NFO,03/04/2025,09:24:58,51561.4,51537.1,120,51564.4,30,0,352050
BANKNIFTY-II.NFO,03/04/2025,09:24:59,51561.4,51531.05,30,51549.4,120,0,352050
BANKNIFTY-II.NFO,03/04/2025,09:25:01,51561.4,51531.1,120,51551.8,30,0,352050
BANKNIFTY-II.NFO,03/04/2025,09:25:03,51561.4,51537.1,120,51559.85,30,0,352050
BANKNIFTY-II.NFO,03/04/2025,09:25:04,51561.4,51546.1,120,51574.4,30,0,352050
BANKNIFTY-II.NFO,03/04/2025,09:25:06,51561.4,51566,150,51572.5,120,0,352050
BANKNIFTY-II.NFO,03/04/2025,09:25:08,51566,51549.1,120,51569.45,30,150,352050
BANKNIFTY-II.NFO,03/04/2025,09:25:09,51566,51555.05,30,51570.6,30,0,352050
BANKNIFTY-II.NFO,03/04/2025,09:25:11,51566,51555.05,30,51570.05,30,0,352050
BANKNIFTY-II.NFO,03/04/2025,09:25:12,51566,51543.1,120,51561.8,30,0,352050
BANKNIFTY-II.NFO,03/04/2025,09:25:14,51566,51546.05,30,51561.4,30,0,352050
BANKNIFTY-II.NFO,03/04/2025,09:25:16,51566,51546.05,30,51563.65,120,0,352050
BANKNIFTY-II.NFO,03/04/2025,09:25:17,51566,51542,30,51558.05,120,0,352050
BANKNIFTY-II.NFO,03/04/2025,09:25:19,51566,51542,30,51556.55,120,0,352050
BANKNIFTY-II.NFO,03/04/2025,09:25:21,51566,51543.1,120,51561.65,30,0,352050
BANKNIFTY-II.NFO,03/04/2025,09:25:22,51566,51543.1,120,51564.1,120,0,352050
BANKNIFTY-II.NFO,03/04/2025,09:25:24,51566,51546.1,120,51565.95,120,0,352050
BANKNIFTY-II.NFO,03/04/2025,09:25:26,51565.95,51546.1,120,51565.95,90,30,352050
BANKNIFTY-II.NFO,03/04/2025,09:25:27,51565.95,51549.1,120,51565.95,90,0,352050
BANKNIFTY-II.NFO,03/04/2025,09:25:29,51565.95,51549.1,120,51566,120,0,352050
BANKNIFTY-II.NFO,03/04/2025,09:25:31,51565.95,51552.2,120,51566,120,0,352050
BANKNIFTY-II.NFO,03/04/2025,09:25:33,51565.95,51543.3,120,51565.95,90,0,352050
BANKNIFTY-II.NFO,03/04/2025,09:25:34,51565.95,51543.1,120,51563.45,90,0,352050
BANKNIFTY-II.NFO,03/04/2025,09:25:36,51549.1,51546.1,120,51565.95,90,30,352050
BANKNIFTY-II.NFO,03/04/2025,09:25:37,51549.1,51549.4,150,51565.95,30,0,352050
BANKNIFTY-II.NFO,03/04/2025,09:25:39,51549.1,51551.2,150,51565.95,30,0,352050
BANKNIFTY-II.NFO,03/04/2025,09:25:41,51549.1,51555.1,120,51565.95,30,0,352050
BANKNIFTY-II.NFO,03/04/2025,09:25:42,51549.1,51555.1,150,51565.95,30,0,352050
BANKNIFTY-II.NFO,03/04/2025,09:25:44,51549.1,51550.8,120,51565.95,30,0,352050
BANKNIFTY-II.NFO,03/04/2025,09:25:46,51550.8,51546.7,120,51565.95,30,30,352050
BANKNIFTY-II.NFO,03/04/2025,09:25:47,51550.8,51546.25,120,51565.9,30,0,352050
BANKNIFTY-II.NFO,03/04/2025,09:25:49,51566,51543.3,150,51565.95,30,90,352050
BANKNIFTY-II.NFO,03/04/2025,09:25:51,51566,51547.35,150,51566,60,0,352050
BANKNIFTY-II.NFO,03/04/2025,09:25:52,51566,51552.1,150,51566,60,0,352050
BANKNIFTY-II.NFO,03/04/2025,09:25:54,51566,51555.1,150,51566,60,0,352050
BANKNIFTY-II.NFO,03/04/2025,09:25:56,51566,51559.6,150,51566,30,30,352050
BANKNIFTY-II.NFO,03/04/2025,09:25:57,51566,51567.1,120,51586.9,30,30,352050
BANKNIFTY-II.NFO,03/04/2025,09:25:59,51566,51567.1,120,51587.5,30,0,352050
BANKNIFTY-II.NFO,03/04/2025,09:26:01,51566,51564.3,120,51584.45,30,0,352050
BANKNIFTY-II.NFO,03/04/2025,09:26:02,51584.45,51564.1,120,51586.3,30,30,352050
BANKNIFTY-II.NFO,03/04/2025,09:26:04,51584.45,51564.05,30,51583.9,30,0,352050
BANKNIFTY-II.NFO,03/04/2025,09:26:06,51584.45,51564.05,30,51581.15,90,0,352050
BANKNIFTY-II.NFO,03/04/2025,09:26:07,51584.45,51564.1,120,51583.7,30,0,352050
BANKNIFTY-II.NFO,03/04/2025,09:26:09,51584.45,51552.05,30,51573.95,30,0,352050
BANKNIFTY-II.NFO,03/04/2025,09:26:11,51584.45,51552.05,30,51572.5,30,0,352050
BANKNIFTY-II.NFO,03/04/2025,09:26:12,51584.45,51549.1,30,51566.45,30,0,352050
BANKNIFTY-II.NFO,03/04/2025,09:26:14,51584.45,51549.1,30,51560.3,90,0,352050
BANKNIFTY-II.NFO,03/04/2025,09:26:16,51584.45,51549.1,30,51565.4,30,0,352050
BANKNIFTY-II.NFO,03/04/2025,09:26:17,51584.45,51555.05,30,51574.7,90,0,352050
BANKNIFTY-II.NFO,03/04/2025,09:26:19,51584.45,51549.15,120,51568.1,90,0,352050
BANKNIFTY-II.NFO,03/04/2025,09:26:20,51584.45,51552.05,30,51568.65,30,0,352050
BANKNIFTY-II.NFO,03/04/2025,09:26:22,51584.45,51567.05,30,51576.25,30,0,352050
BANKNIFTY-II.NFO,03/04/2025,09:26:24,51584.45,51561.05,30,51578.9,30,0,352050
BANKNIFTY-II.NFO,03/04/2025,09:26:25,51564.05,51564.05,30,51577.1,90,30,352050
BANKNIFTY-II.NFO,03/04/2025,09:26:27,51564.05,51549.1,30,51569.4,30,0,352050
BANKNIFTY-II.NFO,03/04/2025,09:26:29,51564.05,51552.05,30,51568.65,90,0,352050
BANKNIFTY-II.NFO,03/04/2025,09:26:30,51564.05,51560,30,51568.25,90,0,352050
BANKNIFTY-II.NFO,03/04/2025,09:26:32,51564.05,51561.05,30,51576.15,30,0,352050
BANKNIFTY-II.NFO,03/04/2025,09:26:34,51564.05,51564.1,120,51582.8,30,0,352050
BANKNIFTY-II.NFO,03/04/2025,09:26:35,51564.05,51573.1,120,51584,30,0,352050
BANKNIFTY-II.NFO,03/04/2025,09:26:37,51564.05,51570.15,180,51584,30,0,352050
BANKNIFTY-II.NFO,03/04/2025,09:26:39,51564.05,51570.6,150,51584,30,0,352050
BANKNIFTY-II.NFO,03/04/2025,09:26:40,51564.05,51573.6,120,51584,30,0,352050
BANKNIFTY-II.NFO,03/04/2025,09:26:42,51575.25,51572.9,150,51584.45,120,90,352050
BANKNIFTY-II.NFO,03/04/2025,09:26:44,51584.45,51574.05,150,51584.45,90,30,352050
BANKNIFTY-II.NFO,03/04/2025,09:26:45,51584.45,51574.45,150,51584.45,90,0,352050
BANKNIFTY-II.NFO,03/04/2025,09:26:47,51584.45,51576.1,120,51584.45,90,0,352050
BANKNIFTY-II.NFO,03/04/2025,09:26:48,51584.45,51582.1,120,51584.45,30,60,352050
BANKNIFTY-II.NFO,03/04/2025,09:26:50,51584.45,51580.3,120,51584.45,30,0,352050
BANKNIFTY-II.NFO,03/04/2025,09:26:52,51584.45,51579.85,120,51584.45,30,0,352050
BANKNIFTY-II.NFO,03/04/2025,09:26:53,51584.45,51575.35,150,51584.45,30,0,352050
BANKNIFTY-II.NFO,03/04/2025,09:26:55,51584.45,51582.1,120,51598,30,30,352050
BANKNIFTY-II.NFO,03/04/2025,09:26:57,51584.45,51588.1,120,51598,30,0,352050
BANKNIFTY-II.NFO,03/04/2025,09:26:58,51584.45,51585.1,150,51598,30,0,352050
BANKNIFTY-II.NFO,03/04/2025,09:27:00,51585.05,51582.1,120,51598,30,30,352050
BANKNIFTY-II.NFO,03/04/2025,09:27:02,51585.05,51588.05,30,51598,30,0,352050
BANKNIFTY-II.NFO,03/04/2025,09:27:03,51598,51588.55,150,51600,210,30,352050
BANKNIFTY-II.NFO,03/04/2025,09:27:03,51598,51588.55,150,51600,210,0,352050
BANKNIFTY-II.NFO,03/04/2025,09:27:05,51598,51588.55,150,51600,210,0,352050
BANKNIFTY-II.NFO,03/04/2025,09:27:07,51598,51588.05,30,51599.95,30,0,352050
BANKNIFTY-II.NFO,03/04/2025,09:27:08,51598,51588.05,30,51600,210,0,352050
BANKNIFTY-II.NFO,03/04/2025,09:27:10,51598,51588.05,30,51599.95,90,0,352050
BANKNIFTY-II.NFO,03/04/2025,09:27:12,51598,51585.05,30,51599.95,90,0,352050
BANKNIFTY-II.NFO,03/04/2025,09:27:13,51598,51584.45,30,51597.95,30,0,352050
BANKNIFTY-II.NFO,03/04/2025,09:27:15,51598,51588.05,30,51597.95,30,0,352050
BANKNIFTY-II.NFO,03/04/2025,09:27:17,51598,51588.05,30,51598,30,0,352050
BANKNIFTY-II.NFO,03/04/2025,09:27:18,51598,51584.5,150,51598,30,0,352050
BANKNIFTY-II.NFO,03/04/2025,09:27:20,51598,51592.6,120,51600,210,30,352050
BANKNIFTY-II.NFO,03/04/2025,09:27:22,51598,51592.85,150,51600,210,0,352050
BANKNIFTY-II.NFO,03/04/2025,09:27:23,51600,51598.1,120,51600,180,30,352050
BANKNIFTY-II.NFO,03/04/2025,09:27:23,51600,51598.1,120,51600,180,0,352050
BANKNIFTY-II.NFO,03/04/2025,09:27:25,51600,51590.35,120,51600,120,60,352050
BANKNIFTY-II.NFO,03/04/2025,09:27:26,51600,51590.65,120,51600,120,0,352050
BANKNIFTY-II.NFO,03/04/2025,09:27:28,51600,51592,120,51600,30,90,352050
BANKNIFTY-II.NFO,03/04/2025,09:27:30,51600,51603.05,30,51609.05,30,30,352050
BANKNIFTY-II.NFO,03/04/2025,09:27:32,51587.05,51600.05,30,51616.1,60,1020,352050
BANKNIFTY-II.NFO,03/04/2025,09:27:32,51606.05,51600.05,30,51616.1,60,0,352050
BANKNIFTY-II.NFO,03/04/2025,09:27:33,51587.05,51603.1,60,51619.85,60,0,352050
BANKNIFTY-II.NFO,03/04/2025,09:27:35,51587.05,51603.05,30,51618.05,60,0,352050
BANKNIFTY-II.NFO,03/04/2025,09:27:37,51587.05,51603.05,30,51619.55,150,0,352050
BANKNIFTY-II.NFO,03/04/2025,09:27:38,51587.05,51608.25,60,51620,90,0,352050
BANKNIFTY-II.NFO,03/04/2025,09:27:40,51587.05,51610.55,30,51620,90,0,352050
BANKNIFTY-II.NFO,03/04/2025,09:27:42,51587.05,51609.2,90,51620,90,0,352050
BANKNIFTY-II.NFO,03/04/2025,09:27:43,51587.05,51609.05,30,51620,90,0,352050
BANKNIFTY-II.NFO,03/04/2025,09:27:45,51587.05,51603.7,60,51619.95,60,0,352050
BANKNIFTY-II.NFO,03/04/2025,09:27:47,51587.05,51606.1,60,51619,30,0,352050
BANKNIFTY-II.NFO,03/04/2025,09:27:48,51587.05,51606.05,30,51618.7,60,0,352050
BANKNIFTY-II.NFO,03/04/2025,09:27:50,51587.05,51603.05,30,51619,30,0,352050
BANKNIFTY-II.NFO,03/04/2025,09:27:52,51587.05,51611.55,30,51619,30,0,352050
BANKNIFTY-II.NFO,03/04/2025,09:27:53,51619,51616.5,30,51620,90,30,352050
BANKNIFTY-II.NFO,03/04/2025,09:27:53,51619,51616.5,30,51620,90,0,352050
BANKNIFTY-II.NFO,03/04/2025,09:27:55,51620,51618,30,51625.25,60,90,352230
BANKNIFTY-II.NFO,03/04/2025,09:27:55,51620,51618,30,51625.25,60,0,352230
BANKNIFTY-II.NFO,03/04/2025,09:27:57,51625.25,51618,30,51625.25,30,30,352230
BANKNIFTY-II.NFO,03/04/2025,09:27:57,51625.25,51618,30,51625.25,30,0,352230
BANKNIFTY-II.NFO,03/04/2025,09:27:58,51625.25,51618,30,51625.25,30,0,352230
BANKNIFTY-II.NFO,03/04/2025,09:28:00,51642.35,51630.05,30,51642.25,60,120,352230
BANKNIFTY-II.NFO,03/04/2025,09:28:00,51642.35,51630.05,30,51642.25,60,0,352230
BANKNIFTY-II.NFO,03/04/2025,09:28:01,51642.35,51630.05,30,51640.75,60,0,352230
BANKNIFTY-II.NFO,03/04/2025,09:28:03,51642.35,51630.05,30,51643.95,150,0,352230
BANKNIFTY-II.NFO,03/04/2025,09:28:05,51642.35,51627.05,30,51642.4,90,0,352230
BANKNIFTY-II.NFO,03/04/2025,09:28:06,51642.35,51628,30,51641.1,60,0,352230
BANKNIFTY-II.NFO,03/04/2025,09:28:08,51622.15,51624.7,30,51642.5,60,300,352230
BANKNIFTY-II.NFO,03/04/2025,09:28:10,51622.15,51627.05,30,51644.6,60,0,352230
BANKNIFTY-II.NFO,03/04/2025,09:28:11,51622.15,51627.05,30,51642.1,90,0,352230
BANKNIFTY-II.NFO,03/04/2025,09:28:13,51622.15,51624.05,30,51639.25,60,0,352230
BANKNIFTY-II.NFO,03/04/2025,09:28:15,51622.15,51621.05,30,51637.1,90,0,352230
BANKNIFTY-II.NFO,03/04/2025,09:28:16,51622.15,51627.1,60,51646.7,60,0,352230
BANKNIFTY-II.NFO,03/04/2025,09:28:18,51622.15,51630.05,30,51649.8,90,0,352230
BANKNIFTY-II.NFO,03/04/2025,09:28:20,51622.15,51634.8,60,51650,90,0,352230
BANKNIFTY-II.NFO,03/04/2025,09:28:21,51622.15,51636.3,150,51650,90,0,352230
BANKNIFTY-II.NFO,03/04/2025,09:28:23,51622.15,51630.05,30,51649.5,60,0,352230
BANKNIFTY-II.NFO,03/04/2025,09:28:24,51633.55,51636.3,60,51650,90,30,352230
BANKNIFTY-II.NFO,03/04/2025,09:28:26,51633.55,51630.05,30,51649.6,90,0,352230
BANKNIFTY-II.NFO,03/04/2025,09:28:28,51633.55,51630.05,30,51647.05,30,0,352230
BANKNIFTY-II.NFO,03/04/2025,09:28:29,51633.55,51624.05,30,51640.95,60,0,352230
BANKNIFTY-II.NFO,03/04/2025,09:28:31,51633.55,51630.05,30,51649.85,60,0,352230
BANKNIFTY-II.NFO,03/04/2025,09:28:33,51633.55,51630.05,30,51647.95,90,0,352230
BANKNIFTY-II.NFO,03/04/2025,09:28:34,51633.55,51630.05,30,51648.2,90,0,352230
BANKNIFTY-II.NFO,03/04/2025,09:28:36,51633.55,51633.05,60,51649.95,60,0,352230
BANKNIFTY-II.NFO,03/04/2025,09:28:38,51634.15,51635.6,30,51649.95,60,30,352230
BANKNIFTY-II.NFO,03/04/2025,09:28:39,51634.15,51633.45,30,51649.95,90,0,352230
BANKNIFTY-II.NFO,03/04/2025,09:28:41,51634.15,51633.05,30,51649.55,60,0,352230
BANKNIFTY-II.NFO,03/04/2025,09:28:43,51634.15,51624.15,60,51645.8,60,0,352230
BANKNIFTY-II.NFO,03/04/2025,09:28:44,51634.15,51621.05,30,51639.65,60,0,352230
BANKNIFTY-II.NFO,03/04/2025,09:28:46,51634.15,51624.2,90,51644.85,60,0,352230
BANKNIFTY-II.NFO,03/04/2025,09:28:48,51634.15,51630.05,30,51643.8,60,0,352230
BANKNIFTY-II.NFO,03/04/2025,09:28:49,51634.15,51630.05,30,51644.35,90,0,352230
BANKNIFTY-II.NFO,03/04/2025,09:28:51,51634.15,51633.65,30,51645,90,0,352230
BANKNIFTY-II.NFO,03/04/2025,09:28:53,51634.15,51621.95,30,51641.05,90,0,352230
BANKNIFTY-II.NFO,03/04/2025,09:28:54,51634.15,51627.05,30,51643.55,60,0,352230
BANKNIFTY-II.NFO,03/04/2025,09:28:56,51634.15,51624.6,30,51644.1,60,0,352230
BANKNIFTY-II.NFO,03/04/2025,09:28:58,51634.15,51630.7,30,51644.95,60,0,352230
BANKNIFTY-II.NFO,03/04/2025,09:28:59,51634.15,51632.35,30,51645,90,0,352230
BANKNIFTY-II.NFO,03/04/2025,09:29:01,51626.3,51627.4,30,51634.15,90,60,352230
BANKNIFTY-II.NFO,03/04/2025,09:29:03,51626.3,51622.4,30,51634.15,90,0,352230
BANKNIFTY-II.NFO,03/04/2025,09:29:04,51626.3,51619.7,30,51634.1,60,0,352230
BANKNIFTY-II.NFO,03/04/2025,09:29:06,51626.3,51616.5,30,51628.8,90,0,352230
BANKNIFTY-II.NFO,03/04/2025,09:29:07,51626.3,51620,30,51627.3,60,0,352230
BANKNIFTY-II.NFO,03/04/2025,09:29:09,51620,51616.5,30,51620.4,90,30,352230
BANKNIFTY-II.NFO,03/04/2025,09:29:11,51620,51616.5,30,51620.6,90,0,352230
BANKNIFTY-II.NFO,03/04/2025,09:29:12,51620,51616.5,30,51621.05,60,0,352230
BANKNIFTY-II.NFO,03/04/2025,09:29:14,51616.5,51600.05,30,51616.55,90,30,352230
BANKNIFTY-II.NFO,03/04/2025,09:29:16,51616.5,51600.05,30,51611.95,60,0,352230
BANKNIFTY-II.NFO,03/04/2025,09:29:17,51616.5,51600.05,30,51614.9,90,0,352230
BANKNIFTY-II.NFO,03/04/2025,09:29:19,51616.5,51610.75,30,51631.1,90,0,352230
BANKNIFTY-II.NFO,03/04/2025,09:29:21,51616.5,51615.3,60,51634,90,0,352230
BANKNIFTY-II.NFO,03/04/2025,09:29:22,51634.15,51621.05,30,51634.15,60,30,352230
BANKNIFTY-II.NFO,03/04/2025,09:29:24,51634.15,51619.35,60,51634.15,60,0,352230
BANKNIFTY-II.NFO,03/04/2025,09:29:25,51634.15,51618.05,30,51633.75,90,0,352230
BANKNIFTY-II.NFO,03/04/2025,09:29:27,51634.15,51609.05,30,51626.95,60,0,352230
BANKNIFTY-II.NFO,03/04/2025,09:29:29,51606.1,51606.05,30,51625.85,60,60,352230
BANKNIFTY-II.NFO,03/04/2025,09:29:30,51606.1,51606.05,30,51623.3,60,0,352230
BANKNIFTY-II.NFO,03/04/2025,09:29:32,51606.1,51600,30,51619.1,60,0,352230
BANKNIFTY-II.NFO,03/04/2025,09:29:34,51606.1,51600,30,51611.05,60,0,352230
BANKNIFTY-II.NFO,03/04/2025,09:29:35,51606.1,51603.2,30,51622.25,60,0,352230
BANKNIFTY-II.NFO,03/04/2025,09:29:37,51606.1,51609.45,30,51627.35,90,0,352230
BANKNIFTY-II.NFO,03/04/2025,09:29:39,51606.1,51613.5,30,51633.9,90,0,352230
BANKNIFTY-II.NFO,03/04/2025,09:29:40,51606.1,51606.6,30,51630.4,60,0,352230
BANKNIFTY-II.NFO,03/04/2025,09:29:42,51606.1,51611.35,60,51631.8,60,0,352230
BANKNIFTY-II.NFO,03/04/2025,09:29:44,51606.1,51616.2,60,51634.1,60,0,352230
BANKNIFTY-II.NFO,03/04/2025,09:29:45,51606.1,51614.35,60,51633.3,90,0,352230
BANKNIFTY-II.NFO,03/04/2025,09:29:47,51606.1,51619.05,30,51634.1,60,0,352230
BANKNIFTY-II.NFO,03/04/2025,09:29:49,51606.1,51623.6,30,51634.15,60,0,352230
BANKNIFTY-II.NFO,03/04/2025,09:29:50,51606.1,51624.25,30,51634.15,60,0,352230
BANKNIFTY-II.NFO,03/04/2025,09:29:52,51606.1,51625.7,30,51634.15,60,0,352230
BANKNIFTY-II.NFO,03/04/2025,09:29:54,51606.1,51626.2,30,51634.15,60,0,352230
BANKNIFTY-II.NFO,03/04/2025,09:29:55,51606.1,51622.7,30,51634.15,60,0,352230
BANKNIFTY-II.NFO,03/04/2025,09:29:57,51606.1,51626.55,30,51634.15,60,0,352230
BANKNIFTY-II.NFO,03/04/2025,09:29:58,51634.15,51623.9,60,51634.15,30,30,352230
BANKNIFTY-II.NFO,03/04/2025,09:30:00,51634.15,51624.45,30,51634.15,30,0,352230
BANKNIFTY-II.NFO,03/04/2025,09:30:02,51634.15,51625.95,30,51634.15,30,0,352230
BANKNIFTY-II.NFO,03/04/2025,09:30:03,51634.15,51623.85,60,51634.15,30,0,352230
BANKNIFTY-II.NFO,03/04/2025,09:30:05,51634.15,51622.3,30,51634.15,30,0,352230
BANKNIFTY-II.NFO,03/04/2025,09:30:07,51634.15,51626.6,30,51634.15,30,0,352230
BANKNIFTY-II.NFO,03/04/2025,09:30:08,51634.15,51628.3,30,51644.9,60,30,352230
BANKNIFTY-II.NFO,03/04/2025,09:30:10,51634.15,51630.05,30,51644.9,60,0,352230
BANKNIFTY-II.NFO,03/04/2025,09:30:12,51634.15,51628.25,90,51644.65,60,0,352230
BANKNIFTY-II.NFO,03/04/2025,09:30:13,51634.15,51621.45,60,51640.85,90,0,352230
BANKNIFTY-II.NFO,03/04/2025,09:30:15,51634.15,51631.1,30,51634,30,0,352230
BANKNIFTY-II.NFO,03/04/2025,09:30:17,51626.4,51628,30,51634,30,60,352230
BANKNIFTY-II.NFO,03/04/2025,09:30:18,51626.4,51630,30,51634,30,0,352230
BANKNIFTY-II.NFO,03/04/2025,09:30:20,51622.75,51621.05,30,51633.95,60,120,352230
BANKNIFTY-II.NFO,03/04/2025,09:30:22,51622.75,51624.15,30,51634,30,0,352230
BANKNIFTY-II.NFO,03/04/2025,09:30:23,51634,51624.05,30,51642.8,60,30,352230
BANKNIFTY-II.NFO,03/04/2025,09:30:25,51624.05,51622.3,30,51639.7,60,30,352230
BANKNIFTY-II.NFO,03/04/2025,09:30:27,51625.6,51625.1,150,51644.15,60,30,352230
BANKNIFTY-II.NFO,03/04/2025,09:30:28,51625.6,51626.7,150,51644.85,90,0,352230
BANKNIFTY-II.NFO,03/04/2025,09:30:30,51625.6,51627.95,60,51644.95,60,0,352230
BANKNIFTY-II.NFO,03/04/2025,09:30:32,51625,51622.3,30,51640.9,150,60,352230
BANKNIFTY-II.NFO,03/04/2025,09:30:33,51625,51627.05,30,51644.35,90,0,352230
BANKNIFTY-II.NFO,03/04/2025,09:30:35,51625,51627.05,30,51642.85,90,0,352230
BANKNIFTY-II.NFO,03/04/2025,09:30:37,51627.05,51624.05,30,51641.45,90,30,352230
BANKNIFTY-II.NFO,03/04/2025,09:30:38,51627.05,51621.05,30,51639.5,90,0,352230
BANKNIFTY-II.NFO,03/04/2025,09:30:40,51627.05,51622.75,150,51638,60,0,352230
BANKNIFTY-II.NFO,03/04/2025,09:30:42,51639.3,51622.9,30,51640.2,90,30,352230
BANKNIFTY-II.NFO,03/04/2025,09:30:43,51622.75,51622.75,120,51638.1,60,30,352230
BANKNIFTY-II.NFO,03/04/2025,09:30:45,51622.75,51627.9,30,51644.85,60,0,352530
BANKNIFTY-II.NFO,03/04/2025,09:30:47,51622.75,51624.3,30,51644.15,90,0,352530
BANKNIFTY-II.NFO,03/04/2025,09:30:48,51622.75,51626.25,30,51644.45,90,0,352530
BANKNIFTY-II.NFO,03/04/2025,09:30:50,51622.75,51625.05,30,51644.7,90,0,352530
BANKNIFTY-II.NFO,03/04/2025,09:30:52,51622.75,51623,30,51642.6,60,0,352530
BANKNIFTY-II.NFO,03/04/2025,09:30:53,51622.75,51622.8,30,51641.4,90,0,352530
BANKNIFTY-II.NFO,03/04/2025,09:30:55,51622.75,51622.8,30,51639.35,90,0,352530
BANKNIFTY-II.NFO,03/04/2025,09:30:57,51622.75,51622.75,90,51636.6,90,30,352530
BANKNIFTY-II.NFO,03/04/2025,09:30:58,51622.75,51608.6,30,51627.25,60,90,352530
BANKNIFTY-II.NFO,03/04/2025,09:31:00,51622.75,51605.6,30,51628.15,90,0,352530
BANKNIFTY-II.NFO,03/04/2025,09:31:02,51622.75,51600.7,30,51619.5,90,0,352530
BANKNIFTY-II.NFO,03/04/2025,09:31:03,51622.75,51600,60,51615.65,60,0,352530
BANKNIFTY-II.NFO,03/04/2025,09:31:05,51600,51600,30,51613.15,90,30,352530
BANKNIFTY-II.NFO,03/04/2025,09:31:07,51600,51600,30,51611.25,60,0,352530
BANKNIFTY-II.NFO,03/04/2025,09:31:08,51600,51600,30,51618.1,60,0,352530
BANKNIFTY-II.NFO,03/04/2025,09:31:10,51600,51600,30,51616.05,60,0,352530
BANKNIFTY-II.NFO,03/04/2025,09:31:12,51600,51600,30,51614.25,60,0,352530
BANKNIFTY-II.NFO,03/04/2025,09:31:13,51608.6,51589.6,30,51610.25,90,60,352530
BANKNIFTY-II.NFO,03/04/2025,09:31:15,51608.6,51588.15,30,51600,30,0,352530
BANKNIFTY-II.NFO,03/04/2025,09:31:17,51608.6,51588.5,30,51600,30,0,352530
BANKNIFTY-II.NFO,03/04/2025,09:31:18,51608.6,51588.75,30,51600,30,0,352530
BANKNIFTY-II.NFO,03/04/2025,09:31:20,51590,51584.65,30,51599.95,60,30,352530
BANKNIFTY-II.NFO,03/04/2025,09:31:22,51590,51583.4,30,51599.95,60,0,352530
BANKNIFTY-II.NFO,03/04/2025,09:31:23,51590,51586.5,180,51600,30,0,352530
BANKNIFTY-II.NFO,03/04/2025,09:31:25,51590,51589.5,30,51600,30,0,352530
BANKNIFTY-II.NFO,03/04/2025,09:31:26,51590,51590.75,30,51600,30,0,352530
BANKNIFTY-II.NFO,03/04/2025,09:31:28,51590,51590.95,30,51600,30,0,352530
BANKNIFTY-II.NFO,03/04/2025,09:31:30,51600,51596.55,30,51614.9,60,60,352530
BANKNIFTY-II.NFO,03/04/2025,09:31:31,51600,51597.1,60,51617.95,60,0,352530
BANKNIFTY-II.NFO,03/04/2025,09:31:33,51600,51600.05,150,51621.1,60,0,352530
BANKNIFTY-II.NFO,03/04/2025,09:31:35,51600,51603.6,60,51622.25,90,0,352530
BANKNIFTY-II.NFO,03/04/2025,09:31:36,51600,51599.35,150,51621.35,60,0,352530
BANKNIFTY-II.NFO,03/04/2025,09:31:38,51600,51601.7,150,51620,90,0,352530
BANKNIFTY-II.NFO,03/04/2025,09:31:40,51600,51598.45,60,51618.6,60,0,352530
BANKNIFTY-II.NFO,03/04/2025,09:31:41,51600,51596.8,60,51615.95,90,0,352530
BANKNIFTY-II.NFO,03/04/2025,09:31:43,51600,51600.4,60,51619.9,90,0,352530
BANKNIFTY-II.NFO,03/04/2025,09:31:45,51600,51600.05,60,51619.5,90,0,352530
BANKNIFTY-II.NFO,03/04/2025,09:31:46,51600,51597.5,60,51616.85,90,0,352530
BANKNIFTY-II.NFO,03/04/2025,09:31:48,51616.9,51593.05,60,51616.9,60,120,352530
BANKNIFTY-II.NFO,03/04/2025,09:31:50,51615,51597.1,30,51614.6,60,30,352530
BANKNIFTY-II.NFO,03/04/2025,09:31:52,51615,51594.15,60,51613.8,90,0,352530
BANKNIFTY-II.NFO,03/04/2025,09:31:53,51615,51594.7,60,51612.7,90,0,352530
BANKNIFTY-II.NFO,03/04/2025,09:31:55,51615,51596.4,30,51615.05,60,0,352530
BANKNIFTY-II.NFO,03/04/2025,09:31:57,51615,51595.55,60,51616.3,60,0,352530
BANKNIFTY-II.NFO,03/04/2025,09:31:58,51615,51595,30,51613.35,60,0,352530
BANKNIFTY-II.NFO,03/04/2025,09:32:00,51615,51595,30,51603.35,60,0,352530
BANKNIFTY-II.NFO,03/04/2025,09:32:02,51595,51583.75,30,51602.25,90,30,352530
BANKNIFTY-II.NFO,03/04/2025,09:32:03,51595,51583.55,30,51601.15,90,0,352530
BANKNIFTY-II.NFO,03/04/2025,09:32:05,51595,51577.75,60,51600.25,60,0,352530
BANKNIFTY-II.NFO,03/04/2025,09:32:07,51598.45,51573.5,60,51598.3,60,30,352530
BANKNIFTY-II.NFO,03/04/2025,09:32:08,51598.45,51574.8,30,51595.65,90,0,352530
BANKNIFTY-II.NFO,03/04/2025,09:32:10,51598.45,51574.9,30,51595.2,90,0,352530
BANKNIFTY-II.NFO,03/04/2025,09:32:12,51598.45,51574.4,60,51596.3,90,0,352530
BANKNIFTY-II.NFO,03/04/2025,09:32:13,51598.45,51577.8,30,51598.2,60,0,352530
BANKNIFTY-II.NFO,03/04/2025,09:32:15,51598.1,51579.65,120,51599.9,60,30,352530
BANKNIFTY-II.NFO,03/04/2025,09:32:16,51598.1,51573.2,60,51597.45,60,0,352530
BANKNIFTY-II.NFO,03/04/2025,09:32:18,51597.45,51574.4,60,51594.9,60,30,352530
BANKNIFTY-II.NFO,03/04/2025,09:32:20,51597.45,51574.05,60,51594.2,60,0,352530
BANKNIFTY-II.NFO,03/04/2025,09:32:21,51597.45,51572.95,60,51593.3,60,0,352530
BANKNIFTY-II.NFO,03/04/2025,09:32:23,51597.45,51572.05,120,51592.4,60,0,352530
BANKNIFTY-II.NFO,03/04/2025,09:32:25,51597.45,51581.3,60,51597.45,30,0,352530
BANKNIFTY-II.NFO,03/04/2025,09:32:26,51597.45,51581.9,60,51597.45,30,0,352530
BANKNIFTY-II.NFO,03/04/2025,09:32:28,51597.45,51579.8,60,51597.15,90,0,352530
BANKNIFTY-II.NFO,03/04/2025,09:32:30,51597.45,51579.8,60,51596.8,60,0,352530
BANKNIFTY-II.NFO,03/04/2025,09:32:31,51597.45,51579.35,60,51596,90,0,352530
BANKNIFTY-II.NFO,03/04/2025,09:32:33,51597.45,51583.95,60,51597.45,30,0,352530
BANKNIFTY-II.NFO,03/04/2025,09:32:35,51587.15,51586.85,60,51606.8,60,90,352530
BANKNIFTY-II.NFO,03/04/2025,09:32:36,51587.15,51586.25,60,51605.9,30,0,352530
BANKNIFTY-II.NFO,03/04/2025,09:32:38,51587.15,51593.05,60,51613.5,60,0,352530
BANKNIFTY-II.NFO,03/04/2025,09:32:40,51587.15,51599.9,60,51619.15,90,0,352530
BANKNIFTY-II.NFO,03/04/2025,09:32:41,51587.15,51598.15,60,51618.25,60,0,352530
BANKNIFTY-II.NFO,03/04/2025,09:32:43,51587.15,51590.7,60,51616,60,0,352530
BANKNIFTY-II.NFO,03/04/2025,09:32:45,51587.15,51589.75,60,51609.9,60,0,352530
BANKNIFTY-II.NFO,03/04/2025,09:32:46,51587.15,51589.65,60,51609.35,60,0,352530
BANKNIFTY-II.NFO,03/04/2025,09:32:48,51587.15,51588.45,60,51607.9,60,0,352530
BANKNIFTY-II.NFO,03/04/2025,09:32:50,51587.15,51589.85,60,51597,30,0,352530
BANKNIFTY-II.NFO,03/04/2025,09:32:51,51587.15,51590.45,60,51597,30,0,352530
BANKNIFTY-II.NFO,03/04/2025,09:32:53,51587.15,51592.55,60,51597,30,0,352530
BANKNIFTY-II.NFO,03/04/2025,09:32:55,51597,51597.05,60,51616.75,60,30,352530
BANKNIFTY-II.NFO,03/04/2025,09:32:56,51597,51598.5,60,51617.3,60,0,352530
BANKNIFTY-II.NFO,03/04/2025,09:32:58,51597,51603.1,60,51619.95,60,0,352530
BANKNIFTY-II.NFO,03/04/2025,09:33:00,51597,51600.25,60,51619.75,60,0,352530
BANKNIFTY-II.NFO,03/04/2025,09:33:01,51597,51595.2,60,51615.45,60,0,352530
BANKNIFTY-II.NFO,03/04/2025,09:33:03,51579.8,51573.85,30,51600.6,120,60,352530
BANKNIFTY-II.NFO,03/04/2025,09:33:05,51579.8,51574.75,30,51594.9,60,0,352530
BANKNIFTY-II.NFO,03/04/2025,09:33:06,51579.8,51572.05,30,51594.2,60,0,352530
BANKNIFTY-II.NFO,03/04/2025,09:33:08,51579.8,51572.65,30,51592.1,60,0,352530
BANKNIFTY-II.NFO,03/04/2025,09:33:10,51579.8,51580.05,30,51598,60,0,352530
BANKNIFTY-II.NFO,03/04/2025,09:33:11,51579.8,51582,30,51602.15,60,0,352530
BANKNIFTY-II.NFO,03/04/2025,09:33:13,51579.8,51595.2,30,51604.3,60,0,352530
BANKNIFTY-II.NFO,03/04/2025,09:33:15,51579.8,51595.2,30,51603.9,60,0,352530
BANKNIFTY-II.NFO,03/04/2025,09:33:16,51579.8,51595.2,30,51602.3,90,0,352530
BANKNIFTY-II.NFO,03/04/2025,09:33:18,51579.8,51595.2,30,51600.8,60,0,352530
BANKNIFTY-II.NFO,03/04/2025,09:33:20,51595.2,51575.1,30,51601.85,60,30,352530
BANKNIFTY-II.NFO,03/04/2025,09:33:21,51595.2,51573.55,30,51593.8,60,0,352530
BANKNIFTY-II.NFO,03/04/2025,09:33:23,51595.2,51574.35,30,51593,90,0,352530
BANKNIFTY-II.NFO,03/04/2025,09:33:25,51595.2,51580.35,30,51600.85,60,0,352530
BANKNIFTY-II.NFO,03/04/2025,09:33:26,51595.2,51586.35,60,51607.45,60,0,352530
BANKNIFTY-II.NFO,03/04/2025,09:33:28,51595.2,51587.8,30,51606.55,90,0,352530
BANKNIFTY-II.NFO,03/04/2025,09:33:30,51595.2,51583.95,60,51605.55,90,0,352530
BANKNIFTY-II.NFO,03/04/2025,09:33:31,51595.2,51586.85,30,51608.35,60,0,352530
BANKNIFTY-II.NFO,03/04/2025,09:33:33,51595.2,51584.2,30,51607.4,60,0,352530
BANKNIFTY-II.NFO,03/04/2025,09:33:34,51595.2,51585.3,60,51605.95,90,0,352530
BANKNIFTY-II.NFO,03/04/2025,09:33:36,51595.2,51592.45,30,51612.55,90,0,352530
BANKNIFTY-II.NFO,03/04/2025,09:33:38,51595.2,51597.7,90,51619.8,90,0,352530
BANKNIFTY-II.NFO,03/04/2025,09:33:39,51595.2,51597.55,30,51619.2,90,0,352530
BANKNIFTY-II.NFO,03/04/2025,09:33:41,51595.2,51598.35,30,51618.3,60,0,352530
BANKNIFTY-II.NFO,03/04/2025,09:33:43,51595.2,51595.25,30,51617.6,60,0,352530
BANKNIFTY-II.NFO,03/04/2025,09:33:44,51595.2,51592.25,30,51601,30,0,352530
BANKNIFTY-II.NFO,03/04/2025,09:33:46,51614.45,51596.6,60,51615.55,60,150,352830
BANKNIFTY-II.NFO,03/04/2025,09:33:48,51614.45,51592.65,210,51616.35,60,0,352830
BANKNIFTY-II.NFO,03/04/2025,09:33:49,51614.45,51587.35,30,51609.6,90,0,352830
BANKNIFTY-II.NFO,03/04/2025,09:33:51,51614.45,51588.1,210,51608.35,60,0,352830
BANKNIFTY-II.NFO,03/04/2025,09:33:53,51614.45,51592.85,30,51613.55,90,0,352830
BANKNIFTY-II.NFO,03/04/2025,09:33:54,51614.45,51598.85,60,51617.7,60,0,352830
BANKNIFTY-II.NFO,03/04/2025,09:33:56,51614.45,51601.8,60,51619.85,90,0,352830
BANKNIFTY-II.NFO,03/04/2025,09:33:58,51614.45,51602.8,30,51619.85,30,0,352830
BANKNIFTY-II.NFO,03/04/2025,09:33:59,51614.45,51601.65,30,51619.5,90,0,352830
BANKNIFTY-II.NFO,03/04/2025,09:34:01,51602.9,51602.9,30,51614.45,30,30,352830
BANKNIFTY-II.NFO,03/04/2025,09:34:03,51602.9,51603.75,30,51614.45,30,0,352830
BANKNIFTY-II.NFO,03/04/2025,09:34:04,51602.9,51609.65,60,51614.45,30,0,352830
BANKNIFTY-II.NFO,03/04/2025,09:34:06,51620,51621.1,60,51641.7,60,90,352830
BANKNIFTY-II.NFO,03/04/2025,09:34:08,51620,51631.2,30,51645,180,0,352830
BANKNIFTY-II.NFO,03/04/2025,09:34:09,51624.65,51624.6,30,51644.65,90,180,352830
BANKNIFTY-II.NFO,03/04/2025,09:34:11,51623.45,51626.05,300,51644.85,60,30,352830
BANKNIFTY-II.NFO,03/04/2025,09:34:13,51623.45,51627.7,60,51644.95,90,0,352830
BANKNIFTY-II.NFO,03/04/2025,09:34:15,51628.85,51629.2,30,51644.95,90,150,352830
BANKNIFTY-II.NFO,03/04/2025,09:34:16,51640.7,51643.1,150,51645,180,60,352830
BANKNIFTY-II.NFO,03/04/2025,09:34:18,51640.7,51640.6,30,51645,180,0,352830
BANKNIFTY-II.NFO,03/04/2025,09:34:20,51645,51645.3,90,51650,90,180,352830
BANKNIFTY-II.NFO,03/04/2025,09:34:20,51645,51645.3,90,51650,90,0,352830
BANKNIFTY-II.NFO,03/04/2025,09:34:21,51643.95,51644.9,60,51650,90,30,352830
BANKNIFTY-II.NFO,03/04/2025,09:34:23,51643.95,51643,60,51650,90,0,352830
BANKNIFTY-II.NFO,03/04/2025,09:34:25,51643.35,51642.8,30,51650,90,60,352830
BANKNIFTY-II.NFO,03/04/2025,09:34:26,51670.45,51651.2,60,51670.15,90,1950,352830
BANKNIFTY-II.NFO,03/04/2025,09:34:26,51670.45,51651.2,60,51670.15,90,0,352830
BANKNIFTY-II.NFO,03/04/2025,09:34:28,51670.45,51653.05,60,51671.35,60,0,352830
BANKNIFTY-II.NFO,03/04/2025,09:34:30,51670.45,51655.45,60,51672.75,90,0,352830
BANKNIFTY-II.NFO,03/04/2025,09:34:31,51670.45,51655.05,60,51675.35,60,0,352830
BANKNIFTY-II.NFO,03/04/2025,09:34:33,51663.7,51664.65,30,51676.3,30,30,352830
BANKNIFTY-II.NFO,03/04/2025,09:34:35,51663.7,51661.65,30,51676.25,60,0,352830
BANKNIFTY-II.NFO,03/04/2025,09:34:36,51663.7,51660.2,30,51675.7,90,0,352830
BANKNIFTY-II.NFO,03/04/2025,09:34:38,51660.2,51661.6,30,51676.15,60,30,352830
BANKNIFTY-II.NFO,03/04/2025,09:34:40,51656.15,51660,30,51675.05,90,120,352830
BANKNIFTY-II.NFO,03/04/2025,09:34:41,51656.15,51662.95,240,51676.3,30,0,352830
BANKNIFTY-II.NFO,03/04/2025,09:34:43,51656.15,51662.6,60,51676.25,60,0,352830
BANKNIFTY-II.NFO,03/04/2025,09:34:45,51656.15,51665.1,240,51676.3,30,0,352830
BANKNIFTY-II.NFO,03/04/2025,09:34:46,51676.3,51671.4,60,51687.3,90,30,352830
BANKNIFTY-II.NFO,03/04/2025,09:34:46,51676.3,51671.4,60,51687.3,90,0,352830
BANKNIFTY-II.NFO,03/04/2025,09:34:48,51676.1,51675.65,30,51694.35,60,30,352830
BANKNIFTY-II.NFO,03/04/2025,09:34:50,51679.35,51678.95,150,51694.95,90,30,352830
BANKNIFTY-II.NFO,03/04/2025,09:34:50,51679.35,51678.95,150,51694.95,90,0,352830
BANKNIFTY-II.NFO,03/04/2025,09:34:51,51679.35,51683.5,30,51695,30,0,352830
BANKNIFTY-II.NFO,03/04/2025,09:34:53,51679.35,51684.05,30,51695,30,0,352830
BANKNIFTY-II.NFO,03/04/2025,09:34:55,51700,51689.45,270,51700,390,90,352830
BANKNIFTY-II.NFO,03/04/2025,09:34:55,51700,51689.45,270,51700,390,0,352830
BANKNIFTY-II.NFO,03/04/2025,09:34:56,51700,51684.1,30,51699.7,60,0,352830
BANKNIFTY-II.NFO,03/04/2025,09:34:58,51673.95,51680,30,51697.7,60,120,352830
BANKNIFTY-II.NFO,03/04/2025,09:35:00,51696.7,51670.25,30,51695.95,60,30,352830
BANKNIFTY-II.NFO,03/04/2025,09:35:01,51673.2,51679.45,150,51698.1,60,60,352830
BANKNIFTY-II.NFO,03/04/2025,09:35:03,51673.2,51680.1,300,51699.55,60,0,352830
BANKNIFTY-II.NFO,03/04/2025,09:35:05,51673.2,51689,300,51700,420,0,352830
BANKNIFTY-II.NFO,03/04/2025,09:35:06,51693.95,51694.1,30,51710,30,480,352830
BANKNIFTY-II.NFO,03/04/2025,09:35:08,51693.95,51698.95,120,51710,30,0,352830
BANKNIFTY-II.NFO,03/04/2025,09:35:10,51694,51692.9,150,51709.55,60,60,352830
BANKNIFTY-II.NFO,03/04/2025,09:35:11,51694,51696.95,150,51710,30,0,352830
BANKNIFTY-II.NFO,03/04/2025,09:35:13,51694,51694.25,30,51709.95,60,0,352830
BANKNIFTY-II.NFO,03/04/2025,09:35:15,51694,51693.95,150,51709.85,60,0,352830
BANKNIFTY-II.NFO,03/04/2025,09:35:16,51694,51698.15,120,51710,30,0,352830
BANKNIFTY-II.NFO,03/04/2025,09:35:18,51726.85,51707.75,30,51728.75,60,60,352830
BANKNIFTY-II.NFO,03/04/2025,09:35:18,51726.85,51707.75,30,51728.75,60,0,352830
BANKNIFTY-II.NFO,03/04/2025,09:35:20,51726.85,51705,30,51726.55,90,0,352830
BANKNIFTY-II.NFO,03/04/2025,09:35:21,51726.85,51700.55,30,51724.75,60,0,352830
BANKNIFTY-II.NFO,03/04/2025,09:35:23,51726.85,51699.35,30,51723.8,60,0,352830
BANKNIFTY-II.NFO,03/04/2025,09:35:25,51726.85,51704.25,30,51722,60,0,352830
BANKNIFTY-II.NFO,03/04/2025,09:35:26,51721.5,51693.1,30,51720.35,60,30,352830
BANKNIFTY-II.NFO,03/04/2025,09:35:28,51721.5,51685.3,30,51710.8,60,0,352830
BANKNIFTY-II.NFO,03/04/2025,09:35:30,51721.5,51690.8,30,51709.55,60,0,352830
BANKNIFTY-II.NFO,03/04/2025,09:35:31,51721.5,51683.95,30,51707,60,0,352830
BANKNIFTY-II.NFO,03/04/2025,09:35:33,51721.5,51680.5,30,51705,60,0,352830
BANKNIFTY-II.NFO,03/04/2025,09:35:35,51721.5,51683.6,30,51701.2,90,0,352830
BANKNIFTY-II.NFO,03/04/2025,09:35:36,51721.5,51690.3,30,51710,60,0,352830
BANKNIFTY-II.NFO,03/04/2025,09:35:38,51721.5,51685.55,60,51706.9,60,0,352830
BANKNIFTY-II.NFO,03/04/2025,09:35:40,51721.5,51688.05,30,51705.3,90,0,352830
BANKNIFTY-II.NFO,03/04/2025,09:35:41,51683,51682.3,30,51702.65,90,30,352830
BANKNIFTY-II.NFO,03/04/2025,09:35:43,51683,51694.75,30,51710.95,60,0,352830
BANKNIFTY-II.NFO,03/04/2025,09:35:45,51683,51698.35,30,51711,30,0,352830
BANKNIFTY-II.NFO,03/04/2025,09:35:46,51702.7,51696.5,150,51710.95,90,30,352830
BANKNIFTY-II.NFO,03/04/2025,09:35:48,51702.7,51699.35,150,51711,30,0,352830
BANKNIFTY-II.NFO,03/04/2025,09:35:50,51702.7,51701.9,150,51711,30,0,352830
BANKNIFTY-II.NFO,03/04/2025,09:35:51,51702.7,51698.95,300,51711,30,0,352830
BANKNIFTY-II.NFO,03/04/2025,09:35:53,51706.5,51707.8,120,51725,60,90,352830
BANKNIFTY-II.NFO,03/04/2025,09:35:55,51707.8,51709.1,90,51725.65,60,30,352830
BANKNIFTY-II.NFO,03/04/2025,09:35:56,51707.8,51705.2,90,51724.95,60,0,352830
BANKNIFTY-II.NFO,03/04/2025,09:35:58,51707.8,51697.75,150,51720.1,60,0,352830
BANKNIFTY-II.NFO,03/04/2025,09:36:00,51690.95,51689.8,150,51712.15,60,60,352830
BANKNIFTY-II.NFO,03/04/2025,09:36:01,51693.45,51691.5,60,51709.25,60,30,352830
BANKNIFTY-II.NFO,03/04/2025,09:36:03,51696.1,51694.3,300,51714.45,60,30,352830
BANKNIFTY-II.NFO,03/04/2025,09:36:05,51696.1,51697.75,30,51713.75,30,0,352830
BANKNIFTY-II.NFO,03/04/2025,09:36:06,51696.1,51694.65,150,51714.45,60,0,352830
BANKNIFTY-II.NFO,03/04/2025,09:36:08,51696.1,51706.55,30,51715,30,0,352830
BANKNIFTY-II.NFO,03/04/2025,09:36:10,51696.1,51706.35,30,51715,30,0,352830
BANKNIFTY-II.NFO,03/04/2025,09:36:11,51696.1,51704.35,30,51715,30,0,352830
BANKNIFTY-II.NFO,03/04/2025,09:36:13,51696.1,51703.45,150,51715,30,0,352830
BANKNIFTY-II.NFO,03/04/2025,09:36:15,51712.75,51710.95,150,51715,30,30,352830
BANKNIFTY-II.NFO,03/04/2025,09:36:16,51715,51710.5,150,51720,60,150,352830
BANKNIFTY-II.NFO,03/04/2025,09:36:18,51717.45,51711.95,150,51720,60,60,352830
BANKNIFTY-II.NFO,03/04/2025,09:36:20,51717.45,51706.3,150,51719.95,60,0,352830
BANKNIFTY-II.NFO,03/04/2025,09:36:21,51707.3,51708.95,150,51720,30,30,352830
BANKNIFTY-II.NFO,03/04/2025,09:36:23,51707.3,51701.75,150,51719.65,90,0,352830
BANKNIFTY-II.NFO,03/04/2025,09:36:25,51701.75,51695.1,120,51713.2,60,30,352830
BANKNIFTY-II.NFO,03/04/2025,09:36:26,51701.75,51696.05,120,51712.25,60,0,352830
BANKNIFTY-II.NFO,03/04/2025,09:36:28,51701.75,51697.75,120,51713.8,60,0,352830
BANKNIFTY-II.NFO,03/04/2025,09:36:30,51701.75,51702.45,120,51717.7,60,0,352830
BANKNIFTY-II.NFO,03/04/2025,09:36:31,51701.75,51700.5,120,51718.3,90,0,352830
BANKNIFTY-II.NFO,03/04/2025,09:36:33,51701.75,51705.85,120,51720,60,0,352830
BANKNIFTY-II.NFO,03/04/2025,09:36:35,51701.75,51708.5,300,51720,30,0,352830
BANKNIFTY-II.NFO,03/04/2025,09:36:37,51701.75,51706.95,120,51719.9,30,0,352830
BANKNIFTY-II.NFO,03/04/2025,09:36:38,51701.75,51703.4,120,51719.9,60,0,352830
BANKNIFTY-II.NFO,03/04/2025,09:36:40,51722,51708.45,300,51725,30,60,352830
BANKNIFTY-II.NFO,03/04/2025,09:36:41,51731.95,51714.75,120,51731.6,90,120,352830
BANKNIFTY-II.NFO,03/04/2025,09:36:41,51731.95,51714.75,120,51731.6,90,0,352830
BANKNIFTY-II.NFO,03/04/2025,09:36:43,51731.95,51710.3,30,51731.15,60,0,352830
BANKNIFTY-II.NFO,03/04/2025,09:36:45,51731.95,51708.4,30,51729.65,60,0,352830
BANKNIFTY-II.NFO,03/04/2025,09:36:46,51731.95,51709.3,30,51728.05,60,0,352830
BANKNIFTY-II.NFO,03/04/2025,09:36:48,51732,51720.8,30,51735,30,30,355620
BANKNIFTY-II.NFO,03/04/2025,09:36:48,51732,51720.8,30,51735,30,0,355620
BANKNIFTY-II.NFO,03/04/2025,09:36:50,51732,51716.7,120,51733.9,90,0,355620
BANKNIFTY-II.NFO,03/04/2025,09:36:51,51716.75,51718.1,120,51734.15,60,30,355620
BANKNIFTY-II.NFO,03/04/2025,09:36:53,51716.75,51714.45,120,51732.45,60,0,355620
BANKNIFTY-II.NFO,03/04/2025,09:36:55,51713,51712.15,90,51730.65,60,60,355620
BANKNIFTY-II.NFO,03/04/2025,09:36:56,51730,51719.65,90,51734.95,150,90,355620
BANKNIFTY-II.NFO,03/04/2025,09:36:58,51735,51735,30,51746.25,60,60,355620
BANKNIFTY-II.NFO,03/04/2025,09:36:58,51735,51735,30,51746.25,60,0,355620
BANKNIFTY-II.NFO,03/04/2025,09:37:00,51744.95,51729.85,30,51749.85,60,90,355620
BANKNIFTY-II.NFO,03/04/2025,09:37:00,51746.25,51729.85,30,51749.85,60,0,355620
BANKNIFTY-II.NFO,03/04/2025,09:37:01,51732.3,51736.65,90,51749.95,60,30,355620
BANKNIFTY-II.NFO,03/04/2025,09:37:03,51750,51742.1,90,51759.8,60,120,355620
BANKNIFTY-II.NFO,03/04/2025,09:37:03,51750,51742.1,90,51759.8,60,0,355620
BANKNIFTY-II.NFO,03/04/2025,09:37:05,51750,51737.5,240,51758.2,60,0,355620
BANKNIFTY-II.NFO,03/04/2025,09:37:06,51750,51741.05,90,51758.15,60,0,355620
BANKNIFTY-II.NFO,03/04/2025,09:37:08,51757.65,51736.35,60,51756.35,60,60,355620
BANKNIFTY-II.NFO,03/04/2025,09:37:08,51757.65,51736.35,60,51756.35,60,0,355620
BANKNIFTY-II.NFO,03/04/2025,09:37:10,51757.65,51736.6,30,51754.85,60,0,355620
BANKNIFTY-II.NFO,03/04/2025,09:37:11,51757.65,51730.4,60,51750.65,60,0,355620
BANKNIFTY-II.NFO,03/04/2025,09:37:13,51748.9,51726.95,30,51748.2,60,30,355620
BANKNIFTY-II.NFO,03/04/2025,09:37:15,51747.4,51731,60,51750.75,60,60,355620
BANKNIFTY-II.NFO,03/04/2025,09:37:16,51751.85,51734.8,30,51758,60,60,355620
BANKNIFTY-II.NFO,03/04/2025,09:37:18,51751.85,51737.05,30,51758.55,60,0,355620
BANKNIFTY-II.NFO,03/04/2025,09:37:20,51733.8,51730,60,51754.25,60,120,355620
BANKNIFTY-II.NFO,03/04/2025,09:37:21,51730.9,51725.45,30,51747.8,60,30,355620
BANKNIFTY-II.NFO,03/04/2025,09:37:23,51730.9,51724,30,51746.6,60,0,355620
BANKNIFTY-II.NFO,03/04/2025,09:37:25,51746.6,51729.8,30,51748.85,90,30,355620
BANKNIFTY-II.NFO,03/04/2025,09:37:26,51746.6,51727.35,30,51747.35,90,0,355620
BANKNIFTY-II.NFO,03/04/2025,09:37:28,51746.6,51732.45,30,51751.8,60,0,355620
BANKNIFTY-II.NFO,03/04/2025,09:37:30,51746.6,51731.85,90,51752.45,90,0,355620
BANKNIFTY-II.NFO,03/04/2025,09:37:31,51724,51729.4,30,51749.5,60,60,355620
BANKNIFTY-II.NFO,03/04/2025,09:37:33,51752.6,51726.65,30,51750.7,60,30,355620
BANKNIFTY-II.NFO,03/04/2025,09:37:35,51752.6,51723.1,30,51743.6,90,0,355620
BANKNIFTY-II.NFO,03/04/2025,09:37:36,51752.6,51712.4,30,51739.95,60,0,355620
BANKNIFTY-II.NFO,03/04/2025,09:37:38,51752.6,51709.65,30,51733.65,60,0,355620
BANKNIFTY-II.NFO,03/04/2025,09:37:40,51752.6,51714.45,30,51736,60,0,355620
BANKNIFTY-II.NFO,03/04/2025,09:37:41,51752.6,51710.1,30,51731.55,60,0,355620
BANKNIFTY-II.NFO,03/04/2025,09:37:43,51752.6,51706.35,30,51728.25,60,0,355620
BANKNIFTY-II.NFO,03/04/2025,09:37:45,51752.6,51711.15,60,51730.1,60,0,355620
BANKNIFTY-II.NFO,03/04/2025,09:37:46,51752.6,51711.15,60,51726.45,60,0,355620
BANKNIFTY-II.NFO,03/04/2025,09:37:48,51726.75,51711.15,60,51726.4,120,300,355620
BANKNIFTY-II.NFO,03/04/2025,09:37:50,51726.75,51711.15,60,51724.1,120,0,355620
BANKNIFTY-II.NFO,03/04/2025,09:37:51,51726.75,51711.15,60,51727.1,60,0,355620
BANKNIFTY-II.NFO,03/04/2025,09:37:53,51726.75,51712.55,120,51736.2,60,0,355620
BANKNIFTY-II.NFO,03/04/2025,09:37:55,51726.75,51712.75,120,51734.65,60,0,355620
BANKNIFTY-II.NFO,03/04/2025,09:37:56,51726.75,51715.85,120,51737.5,60,0,355620
BANKNIFTY-II.NFO,03/04/2025,09:37:58,51726.75,51712.2,120,51735.4,60,0,355620
BANKNIFTY-II.NFO,03/04/2025,09:38:00,51726.75,51712.45,120,51732.7,180,0,355620
BANKNIFTY-II.NFO,03/04/2025,09:38:01,51738.2,51717.85,120,51738.1,120,120,355620
BANKNIFTY-II.NFO,03/04/2025,09:38:03,51738.2,51718.95,120,51740.35,120,0,355620
BANKNIFTY-II.NFO,03/04/2025,09:38:04,51738.2,51711.2,120,51735.35,120,0,355620
BANKNIFTY-II.NFO,03/04/2025,09:38:06,51712.45,51711.2,120,51730.75,120,30,355620
BANKNIFTY-II.NFO,03/04/2025,09:38:08,51704,51705.35,120,51727.3,60,90,355620
BANKNIFTY-II.NFO,03/04/2025,09:38:09,51706.8,51707.1,120,51726.6,120,30,355620
BANKNIFTY-II.NFO,03/04/2025,09:38:11,51700,51700,90,51723.3,120,30,355620
BANKNIFTY-II.NFO,03/04/2025,09:38:13,51700,51700,30,51713.15,60,90,355620
BANKNIFTY-II.NFO,03/04/2025,09:38:14,51684.3,51684.4,120,51706.8,120,90,355620
BANKNIFTY-II.NFO,03/04/2025,09:38:16,51684.3,51680.95,120,51705.7,90,0,355620
BANKNIFTY-II.NFO,03/04/2025,09:38:18,51684.3,51690.95,120,51711.25,60,0,355620
BANKNIFTY-II.NFO,03/04/2025,09:38:19,51684.3,51686.2,120,51707.8,60,0,355620
BANKNIFTY-II.NFO,03/04/2025,09:38:21,51684.3,51681.5,120,51702.45,90,0,355620
BANKNIFTY-II.NFO,03/04/2025,09:38:23,51684.3,51679.3,120,51700.1,60,0,355620
BANKNIFTY-II.NFO,03/04/2025,09:38:24,51684.3,51675.35,120,51698.15,90,0,355620
BANKNIFTY-II.NFO,03/04/2025,09:38:26,51684.3,51671.9,120,51700.5,90,0,355620
BANKNIFTY-II.NFO,03/04/2025,09:38:28,51684.3,51678.25,120,51696.3,90,0,355620
BANKNIFTY-II.NFO,03/04/2025,09:38:29,51684.3,51676.95,120,51700.35,90,0,355620
BANKNIFTY-II.NFO,03/04/2025,09:38:31,51676.85,51670.05,120,51695.75,120,30,355620
BANKNIFTY-II.NFO,03/04/2025,09:38:33,51695.45,51674.95,120,51695.05,90,60,355620
BANKNIFTY-II.NFO,03/04/2025,09:38:34,51695.45,51679.85,120,51699.85,90,0,355620
BANKNIFTY-II.NFO,03/04/2025,09:38:36,51672.95,51672.95,60,51695.2,90,60,355620
BANKNIFTY-II.NFO,03/04/2025,09:38:38,51672.95,51683.35,120,51705.25,60,0,355620
BANKNIFTY-II.NFO,03/04/2025,09:38:39,51672.95,51681.75,120,51704.35,120,0,355620
BANKNIFTY-II.NFO,03/04/2025,09:38:41,51684.35,51685.8,90,51703.05,120,30,355620
BANKNIFTY-II.NFO,03/04/2025,09:38:43,51684.35,51679.7,90,51697.5,120,0,355620
BANKNIFTY-II.NFO,03/04/2025,09:38:44,51684.35,51687.95,120,51713.05,90,0,355620
BANKNIFTY-II.NFO,03/04/2025,09:38:46,51684.35,51687.95,120,51709.45,120,0,355620
BANKNIFTY-II.NFO,03/04/2025,09:38:48,51684.85,51684.6,90,51701.15,120,60,355620
BANKNIFTY-II.NFO,03/04/2025,09:38:50,51685,51681.15,90,51700.6,150,30,355620
BANKNIFTY-II.NFO,03/04/2025,09:38:51,51685,51677.05,90,51695.1,120,0,355620
BANKNIFTY-II.NFO,03/04/2025,09:38:53,51685,51677.8,90,51693.85,120,0,355620
BANKNIFTY-II.NFO,03/04/2025,09:38:55,51685,51674.3,120,51692.35,120,0,355620
BANKNIFTY-II.NFO,03/04/2025,09:38:56,51685,51673.15,120,51692.8,120,0,355620
BANKNIFTY-II.NFO,03/04/2025,09:38:58,51685,51673.55,120,51691.7,120,0,355620
BANKNIFTY-II.NFO,03/04/2025,09:39:00,51685,51675.05,180,51698.2,120,0,355620
BANKNIFTY-II.NFO,03/04/2025,09:39:01,51685,51681.65,120,51703.6,120,0,355620
BANKNIFTY-II.NFO,03/04/2025,09:39:03,51685,51675,90,51693.65,120,0,355620
BANKNIFTY-II.NFO,03/04/2025,09:39:05,51685,51680.75,30,51696.55,120,0,355620
BANKNIFTY-II.NFO,03/04/2025,09:39:06,51685,51685.15,30,51701,120,0,355620
BANKNIFTY-II.NFO,03/04/2025,09:39:08,51685,51676.45,120,51700.75,120,0,355620
BANKNIFTY-II.NFO,03/04/2025,09:39:09,51685,51677.75,120,51696.45,120,0,355620
BANKNIFTY-II.NFO,03/04/2025,09:39:11,51685,51671.4,120,51695.15,120,0,355620
BANKNIFTY-II.NFO,03/04/2025,09:39:13,51685,51668.5,90,51680,30,0,355620
BANKNIFTY-II.NFO,03/04/2025,09:39:14,51680,51673.85,120,51694.45,120,30,355620
BANKNIFTY-II.NFO,03/04/2025,09:39:16,51680,51669.9,120,51694.45,120,0,355620
BANKNIFTY-II.NFO,03/04/2025,09:39:18,51691.7,51672.4,120,51691.4,120,30,355620
BANKNIFTY-II.NFO,03/04/2025,09:39:19,51691.7,51670.35,120,51689.15,120,0,355620
BANKNIFTY-II.NFO,03/04/2025,09:39:21,51691.7,51670.5,120,51688.35,120,0,355620
BANKNIFTY-II.NFO,03/04/2025,09:39:23,51691.7,51680.05,120,51700.5,120,0,355620
BANKNIFTY-II.NFO,03/04/2025,09:39:24,51691.7,51674.95,120,51695.8,120,0,355620
BANKNIFTY-II.NFO,03/04/2025,09:39:26,51677,51671.8,120,51696.8,120,30,355620
BANKNIFTY-II.NFO,03/04/2025,09:39:28,51677,51671.85,90,51690.9,120,0,355620
BANKNIFTY-II.NFO,03/04/2025,09:39:29,51677,51676.45,120,51697.35,120,0,355620
BANKNIFTY-II.NFO,03/04/2025,09:39:31,51677,51685.9,120,51707.2,120,0,355620
BANKNIFTY-II.NFO,03/04/2025,09:39:33,51677,51689.5,120,51700,30,0,355620
BANKNIFTY-II.NFO,03/04/2025,09:39:34,51677,51687.9,120,51700,30,0,355620
BANKNIFTY-II.NFO,03/04/2025,09:39:36,51677,51678.1,90,51699.9,120,0,355620
BANKNIFTY-II.NFO,03/04/2025,09:39:38,51677,51684.4,120,51699.95,60,0,355620
BANKNIFTY-II.NFO,03/04/2025,09:39:39,51677,51688.25,120,51700,30,0,355620
BANKNIFTY-II.NFO,03/04/2025,09:39:41,51677,51688.2,30,51699.95,60,0,355620
BANKNIFTY-II.NFO,03/04/2025,09:39:42,51677,51688.2,30,51699.95,120,0,355620
BANKNIFTY-II.NFO,03/04/2025,09:39:44,51677,51688.25,120,51700,30,0,355620
BANKNIFTY-II.NFO,03/04/2025,09:39:46,51677,51692.25,30,51700,30,0,355620
BANKNIFTY-II.NFO,03/04/2025,09:39:47,51700,51694.8,90,51719.95,120,60,355920
BANKNIFTY-II.NFO,03/04/2025,09:39:49,51700,51692.5,90,51717.4,120,0,355920
BANKNIFTY-II.NFO,03/04/2025,09:39:51,51700,51695.95,90,51716.4,120,0,355920
BANKNIFTY-II.NFO,03/04/2025,09:39:52,51701.95,51706,60,51719.95,60,60,355920
BANKNIFTY-II.NFO,03/04/2025,09:39:54,51701.95,51708.75,60,51720,450,0,355920
BANKNIFTY-II.NFO,03/04/2025,09:39:56,51701.95,51713.5,30,51720,450,0,355920
BANKNIFTY-II.NFO,03/04/2025,09:39:57,51701.95,51701.7,90,51719.85,120,0,355920
BANKNIFTY-II.NFO,03/04/2025,09:39:59,51701.95,51707.7,30,51719.95,60,0,355920
BANKNIFTY-II.NFO,03/04/2025,09:40:01,51701.95,51707.3,30,51719.95,60,0,355920
BANKNIFTY-II.NFO,03/04/2025,09:40:02,51701.95,51710.15,90,51720,450,0,355920
BANKNIFTY-II.NFO,03/04/2025,09:40:04,51701.95,51712.55,30,51720,450,0,355920
BANKNIFTY-II.NFO,03/04/2025,09:40:06,51715.85,51716.05,120,51735.4,120,480,355920
BANKNIFTY-II.NFO,03/04/2025,09:40:07,51715.85,51721.55,60,51744.55,120,0,355920
BANKNIFTY-II.NFO,03/04/2025,09:40:09,51715.85,51717.6,60,51740.3,120,0,355920
BANKNIFTY-II.NFO,03/04/2025,09:40:11,51715.85,51717.15,60,51739.45,120,0,355920
BANKNIFTY-II.NFO,03/04/2025,09:40:12,51715.85,51720.55,60,51741.45,120,0,355920
BANKNIFTY-II.NFO,03/04/2025,09:40:14,51715.85,51719.1,120,51739.95,120,0,355920
BANKNIFTY-II.NFO,03/04/2025,09:40:16,51715.85,51720.7,60,51742.8,120,0,355920
BANKNIFTY-II.NFO,03/04/2025,09:40:17,51715.85,51713.65,180,51738.35,150,0,355920
BANKNIFTY-II.NFO,03/04/2025,09:40:19,51715.85,51715.8,120,51734.35,120,0,355920
BANKNIFTY-II.NFO,03/04/2025,09:40:21,51715.85,51719.45,60,51735,30,0,355920
BANKNIFTY-II.NFO,03/04/2025,09:40:22,51715.85,51721.6,60,51735,30,0,355920
BANKNIFTY-II.NFO,03/04/2025,09:40:24,51715.85,51713.75,60,51734.55,120,0,355920
BANKNIFTY-II.NFO,03/04/2025,09:40:26,51715.85,51714.95,60,51733.65,120,0,355920
BANKNIFTY-II.NFO,03/04/2025,09:40:27,51715.85,51712.15,120,51733.55,120,0,355920
BANKNIFTY-II.NFO,03/04/2025,09:40:29,51715.85,51712.85,60,51731.4,120,0,355920
BANKNIFTY-II.NFO,03/04/2025,09:40:31,51715.85,51717.75,120,51734.85,120,0,355920
BANKNIFTY-II.NFO,03/04/2025,09:40:32,51715.85,51717.75,60,51734.45,120,0,355920
BANKNIFTY-II.NFO,03/04/2025,09:40:34,51732.35,51715.85,30,51731.5,120,30,355920
BANKNIFTY-II.NFO,03/04/2025,09:40:36,51732.35,51715.85,30,51730,120,0,355920
BANKNIFTY-II.NFO,03/04/2025,09:40:37,51732.35,51717.15,120,51734.65,120,0,355920
BANKNIFTY-II.NFO,03/04/2025,09:40:39,51732.35,51720.45,90,51735,30,0,355920
BANKNIFTY-II.NFO,03/04/2025,09:40:41,51732.35,51724.1,60,51735,30,0,355920
BANKNIFTY-II.NFO,03/04/2025,09:40:42,51740,51726.05,60,51740,30,60,355920
BANKNIFTY-II.NFO,03/04/2025,09:40:44,51722.8,51724.4,60,51740,30,30,355920
BANKNIFTY-II.NFO,03/04/2025,09:40:46,51739.85,51722.6,120,51739.85,120,90,355920
BANKNIFTY-II.NFO,03/04/2025,09:40:47,51739.85,51716.6,120,51738.4,150,0,355920
BANKNIFTY-II.NFO,03/04/2025,09:40:49,51739.85,51716.35,90,51736.1,120,0,355920
BANKNIFTY-II.NFO,03/04/2025,09:40:51,51739.85,51715.85,30,51736.1,120,0,355920
BANKNIFTY-II.NFO,03/04/2025,09:40:52,51739.85,51718.15,90,51739.45,120,0,355920
BANKNIFTY-II.NFO,03/04/2025,09:40:54,51739.85,51719.55,90,51739.15,120,0,355920
BANKNIFTY-II.NFO,03/04/2025,09:40:55,51739.85,51721.7,90,51740,30,0,355920
BANKNIFTY-II.NFO,03/04/2025,09:40:57,51739.75,51716.1,120,51738.45,120,30,355920
BANKNIFTY-II.NFO,03/04/2025,09:40:59,51739.75,51720.95,120,51739.95,120,0,355920
BANKNIFTY-II.NFO,03/04/2025,09:41:00,51739.75,51721.8,120,51739.65,120,0,355920
BANKNIFTY-II.NFO,03/04/2025,09:41:02,51739.75,51723,120,51739.95,60,0,355920
BANKNIFTY-II.NFO,03/04/2025,09:41:04,51739.75,51727.7,30,51740,30,0,355920
BANKNIFTY-II.NFO,03/04/2025,09:41:05,51739.75,51718.85,120,51739.25,120,0,355920
BANKNIFTY-II.NFO,03/04/2025,09:41:07,51739.75,51725.7,30,51739.75,120,0,355920
BANKNIFTY-II.NFO,03/04/2025,09:41:09,51740,51728.8,30,51750.4,120,30,355920
BANKNIFTY-II.NFO,03/04/2025,09:41:10,51730.45,51730.35,90,51749.6,120,30,355920
BANKNIFTY-II.NFO,03/04/2025,09:41:12,51730.45,51729.85,120,51747.6,120,0,355920
BANKNIFTY-II.NFO,03/04/2025,09:41:14,51730.45,51733.15,90,51756.25,120,0,355920
BANKNIFTY-II.NFO,03/04/2025,09:41:15,51740.5,51735.95,90,51754.15,120,30,355920
BANKNIFTY-II.NFO,03/04/2025,09:41:17,51740.5,51744.85,120,51757.65,30,0,355920
BANKNIFTY-II.NFO,03/04/2025,09:41:19,51751.85,51754.95,30,51765,30,450,355920
BANKNIFTY-II.NFO,03/04/2025,09:41:19,51760,51754.95,30,51765,30,0,355920
BANKNIFTY-II.NFO,03/04/2025,09:41:20,51765,51741.1,90,51768.7,120,30,355920
BANKNIFTY-II.NFO,03/04/2025,09:41:20,51765,51741.1,90,51768.7,120,0,355920
BANKNIFTY-II.NFO,03/04/2025,09:41:22,51746.05,51747.35,60,51768.95,120,30,355920
BANKNIFTY-II.NFO,03/04/2025,09:41:24,51746.05,51751.15,60,51772.9,120,0,355920
BANKNIFTY-II.NFO,03/04/2025,09:41:25,51746.05,51751.95,60,51772.3,120,0,355920
BANKNIFTY-II.NFO,03/04/2025,09:41:27,51746.05,51754.2,30,51769.5,120,0,355920
BANKNIFTY-II.NFO,03/04/2025,09:41:29,51769.3,51748.5,60,51768.7,120,30,355920
BANKNIFTY-II.NFO,03/04/2025,09:41:29,51769.3,51748.5,60,51768.7,120,0,355920
BANKNIFTY-II.NFO,03/04/2025,09:41:30,51769.3,51749.15,60,51777.7,120,0,355920
BANKNIFTY-II.NFO,03/04/2025,09:41:32,51769.3,51756.55,30,51775.9,120,0,355920
BANKNIFTY-II.NFO,03/04/2025,09:41:34,51769.3,51761.3,60,51779,60,0,355920
BANKNIFTY-II.NFO,03/04/2025,09:41:35,51769.3,51752.25,30,51778.4,120,0,355920
BANKNIFTY-II.NFO,03/04/2025,09:41:37,51769.3,51760.05,30,51778.95,120,0,355920
BANKNIFTY-II.NFO,03/04/2025,09:41:39,51769.3,51765.65,30,51779,60,0,355920
BANKNIFTY-II.NFO,03/04/2025,09:41:40,51769.3,51766.4,30,51779,60,0,355920
BANKNIFTY-II.NFO,03/04/2025,09:41:42,51769.3,51762.45,60,51778.95,60,0,355920
BANKNIFTY-II.NFO,03/04/2025,09:41:44,51769.3,51762.45,30,51778.95,60,0,355920
BANKNIFTY-II.NFO,03/04/2025,09:41:45,51769.3,51764.05,30,51778.95,60,0,355920
BANKNIFTY-II.NFO,03/04/2025,09:41:47,51769.3,51762.5,60,51779,60,0,355920
BANKNIFTY-II.NFO,03/04/2025,09:41:49,51784.3,51761.05,150,51783.85,120,450,355920
BANKNIFTY-II.NFO,03/04/2025,09:41:49,51784.3,51761.05,150,51783.85,120,0,355920
BANKNIFTY-II.NFO,03/04/2025,09:41:50,51763.25,51763.85,120,51769.3,30,30,355920
BANKNIFTY-II.NFO,03/04/2025,09:41:52,51763.25,51762.95,120,51769.3,30,0,355920
BANKNIFTY-II.NFO,03/04/2025,09:41:53,51784.65,51762.95,120,51784.35,90,150,355920
BANKNIFTY-II.NFO,03/04/2025,09:41:53,51784.65,51762.95,120,51784.35,90,0,355920
BANKNIFTY-II.NFO,03/04/2025,09:41:55,51784.65,51765.9,120,51786.75,60,0,355920
BANKNIFTY-II.NFO,03/04/2025,09:41:57,51786.5,51769.3,120,51786.75,60,30,355920
BANKNIFTY-II.NFO,03/04/2025,09:41:57,51786.5,51769.3,120,51786.75,60,0,355920
BANKNIFTY-II.NFO,03/04/2025,09:41:58,51786.5,51769.35,120,51786.7,60,0,355920
BANKNIFTY-II.NFO,03/04/2025,09:42:00,51775,51771.5,120,51786.75,60,30,355920
BANKNIFTY-II.NFO,03/04/2025,09:42:02,51775,51767.55,30,51784.4,120,0,355920
BANKNIFTY-II.NFO,03/04/2025,09:42:03,51775,51753.05,30,51776.5,120,0,355920
BANKNIFTY-II.NFO,03/04/2025,09:42:05,51761.35,51741.05,30,51761.35,150,30,355920
BANKNIFTY-II.NFO,03/04/2025,09:42:06,51761.35,51741.05,30,51760.7,150,0,355920
BANKNIFTY-II.NFO,03/04/2025,09:42:08,51761.35,51747.75,120,51766.6,90,0,355920
BANKNIFTY-II.NFO,03/04/2025,09:42:10,51761.35,51744.3,120,51764.15,60,0,355920
BANKNIFTY-II.NFO,03/04/2025,09:42:11,51761.35,51726.1,120,51751,60,0,355920
BANKNIFTY-II.NFO,03/04/2025,09:42:13,51761.35,51723.05,60,51741.5,90,0,355920
BANKNIFTY-II.NFO,03/04/2025,09:42:15,51761.35,51724.4,90,51743.5,60,0,355920
BANKNIFTY-II.NFO,03/04/2025,09:42:16,51723.35,51726.45,120,51746.5,120,150,355920
BANKNIFTY-II.NFO,03/04/2025,09:42:18,51725.6,51730.2,30,51746.05,120,90,355920
BANKNIFTY-II.NFO,03/04/2025,09:42:20,51725.6,51734.6,120,51755.3,120,0,355920
BANKNIFTY-II.NFO,03/04/2025,09:42:21,51725.6,51735.1,120,51754.95,120,0,355920
BANKNIFTY-II.NFO,03/04/2025,09:42:23,51725.6,51743.75,120,51761.2,120,0,355920
BANKNIFTY-II.NFO,03/04/2025,09:42:25,51725.6,51741.95,120,51761.1,120,0,355920
BANKNIFTY-II.NFO,03/04/2025,09:42:26,51725.6,51748.25,180,51761.35,30,0,355920
BANKNIFTY-II.NFO,03/04/2025,09:42:28,51761.35,51749.7,150,51770.4,120,30,355920
BANKNIFTY-II.NFO,03/04/2025,09:42:30,51761.35,51751.25,150,51774.2,120,0,355920
BANKNIFTY-II.NFO,03/04/2025,09:42:31,51761.35,51750.35,120,51769.7,120,0,355920
BANKNIFTY-II.NFO,03/04/2025,09:42:33,51761.35,51746.55,120,51765.3,120,0,355920
BANKNIFTY-II.NFO,03/04/2025,09:42:35,51749.25,51749.9,120,51772.6,120,30,355920
BANKNIFTY-II.NFO,03/04/2025,09:42:36,51749.25,51761.35,30,51767.65,120,0,355920
BANKNIFTY-II.NFO,03/04/2025,09:42:38,51761.35,51749.2,120,51768.2,120,30,355920
BANKNIFTY-II.NFO,03/04/2025,09:42:40,51761.35,51749.65,90,51767.5,120,0,355920
BANKNIFTY-II.NFO,03/04/2025,09:42:41,51761.35,51752.15,90,51770.7,120,0,355920
BANKNIFTY-II.NFO,03/04/2025,09:42:43,51752.95,51753.25,120,51770.8,120,390,355920
BANKNIFTY-II.NFO,03/04/2025,09:42:45,51752.95,51748.25,120,51765.7,120,0,355920
BANKNIFTY-II.NFO,03/04/2025,09:42:46,51752.95,51745.55,120,51764.9,30,0,355920
BANKNIFTY-II.NFO,03/04/2025,09:42:48,51752.95,51744.05,30,51759.05,120,0,355920
BANKNIFTY-II.NFO,03/04/2025,09:42:50,51752.95,51736,30,51752.65,120,0,355920
BANKNIFTY-II.NFO,03/04/2025,09:42:51,51752.95,51736,30,51752.55,120,0,355920
BANKNIFTY-II.NFO,03/04/2025,09:42:53,51752.95,51736.25,120,51755.7,120,0,355920
BANKNIFTY-II.NFO,03/04/2025,09:42:55,51752.95,51741.1,120,51761.3,120,0,355920
BANKNIFTY-II.NFO,03/04/2025,09:42:56,51761.65,51744.6,120,51762.8,120,30,356160
BANKNIFTY-II.NFO,03/04/2025,09:42:58,51761.65,51744.3,120,51763.6,120,0,356160
BANKNIFTY-II.NFO,03/04/2025,09:43:00,51761.65,51744.05,30,51757.9,120,0,356160
BANKNIFTY-II.NFO,03/04/2025,09:43:01,51761.65,51738.8,120,51757.1,120,0,356160
BANKNIFTY-II.NFO,03/04/2025,09:43:03,51761.65,51738.1,120,51756.1,120,0,356160
BANKNIFTY-II.NFO,03/04/2025,09:43:05,51761.65,51738.05,30,51754.6,120,0,356160
BANKNIFTY-II.NFO,03/04/2025,09:43:06,51761.65,51736.15,120,51757.6,120,0,356160
BANKNIFTY-II.NFO,03/04/2025,09:43:08,51761.65,51744.05,30,51759.15,120,0,356160
BANKNIFTY-II.NFO,03/04/2025,09:43:10,51761.65,51744.05,30,51757.65,120,0,356160
BANKNIFTY-II.NFO,03/04/2025,09:43:11,51761.65,51744.05,30,51757.85,120,0,356160
BANKNIFTY-II.NFO,03/04/2025,09:43:13,51761.65,51744.05,30,51760.85,120,0,356160
BANKNIFTY-II.NFO,03/04/2025,09:43:15,51761.65,51750.4,120,51768.65,120,0,356160
BANKNIFTY-II.NFO,03/04/2025,09:43:16,51761.65,51750.05,30,51767.8,120,0,356160
BANKNIFTY-II.NFO,03/04/2025,09:43:18,51761.65,51750.4,120,51768.1,120,0,356160
BANKNIFTY-II.NFO,03/04/2025,09:43:20,51761.65,51753.05,30,51769.5,120,0,356160
BANKNIFTY-II.NFO,03/04/2025,09:43:21,51761.65,51741.3,120,51759.9,120,0,356160
BANKNIFTY-II.NFO,03/04/2025,09:43:23,51761.65,51747.3,120,51768.75,120,0,356160
BANKNIFTY-II.NFO,03/04/2025,09:43:25,51747.4,51747.1,120,51761.65,30,30,356160
BANKNIFTY-II.NFO,03/04/2025,09:43:26,51747.4,51744.05,30,51760.45,120,0,356160
BANKNIFTY-II.NFO,03/04/2025,09:43:28,51747.4,51738.3,120,51756.65,120,0,356160
BANKNIFTY-II.NFO,03/04/2025,09:43:30,51747.4,51741.2,120,51759.05,30,0,356160
BANKNIFTY-II.NFO,03/04/2025,09:43:31,51747.4,51738.05,30,51756,30,0,356160
BANKNIFTY-II.NFO,03/04/2025,09:43:33,51747.4,51736,30,51752.25,30,0,356160
BANKNIFTY-II.NFO,03/04/2025,09:43:35,51747.4,51736,30,51740.55,30,0,356160
BANKNIFTY-II.NFO,03/04/2025,09:43:36,51747.4,51736,30,51740.3,120,0,356160
BANKNIFTY-II.NFO,03/04/2025,09:43:38,51736,51723.2,120,51741.05,30,30,356160
BANKNIFTY-II.NFO,03/04/2025,09:43:40,51736,51724.1,120,51743.55,120,0,356160
BANKNIFTY-II.NFO,03/04/2025,09:43:41,51736,51723.3,120,51742,120,0,356160
BANKNIFTY-II.NFO,03/04/2025,09:43:43,51736,51726.3,120,51743.9,120,0,356160
BANKNIFTY-II.NFO,03/04/2025,09:43:45,51736,51726.05,30,51741.7,120,0,356160
BANKNIFTY-II.NFO,03/04/2025,09:43:46,51736,51726.05,30,51739.25,30,0,356160
BANKNIFTY-II.NFO,03/04/2025,09:43:48,51736,51717.05,30,51738.85,90,0,356160
BANKNIFTY-II.NFO,03/04/2025,09:43:49,51736,51713,60,51730.45,120,0,356160
BANKNIFTY-II.NFO,03/04/2025,09:43:51,51736,51713,60,51724.3,120,0,356160
BANKNIFTY-II.NFO,03/04/2025,09:43:53,51713,51712,30,51719.35,120,60,356160
BANKNIFTY-II.NFO,03/04/2025,09:43:54,51713,51712,30,51727.9,120,0,356160
BANKNIFTY-II.NFO,03/04/2025,09:43:56,51713,51712,30,51718.45,180,0,356160
BANKNIFTY-II.NFO,03/04/2025,09:43:58,51713,51712,30,51723.05,30,0,356160
BANKNIFTY-II.NFO,03/04/2025,09:43:59,51713,51712.05,120,51730.2,120,0,356160
BANKNIFTY-II.NFO,03/04/2025,09:44:01,51713,51712.35,120,51729.05,30,0,356160
BANKNIFTY-II.NFO,03/04/2025,09:44:03,51713,51712,30,51720.65,120,0,356160
BANKNIFTY-II.NFO,03/04/2025,09:44:04,51713,51712,30,51723.4,30,0,356160
BANKNIFTY-II.NFO,03/04/2025,09:44:06,51713,51712,30,51723.25,120,0,356160
BANKNIFTY-II.NFO,03/04/2025,09:44:08,51713,51712,30,51722.15,120,0,356160
BANKNIFTY-II.NFO,03/04/2025,09:44:09,51713,51712,30,51721.15,30,0,356160
BANKNIFTY-II.NFO,03/04/2025,09:44:11,51713,51712,30,51718.15,30,0,356160
BANKNIFTY-II.NFO,03/04/2025,09:44:13,51713,51712,30,51720.1,90,0,356160
BANKNIFTY-II.NFO,03/04/2025,09:44:14,51713,51712,30,51724.75,120,0,356160
BANKNIFTY-II.NFO,03/04/2025,09:44:16,51713,51712,30,51725.05,120,0,356160
BANKNIFTY-II.NFO,03/04/2025,09:44:18,51713,51712,30,51723.7,120,0,356160
BANKNIFTY-II.NFO,03/04/2025,09:44:19,51713,51712,30,51723.4,120,0,356160
BANKNIFTY-II.NFO,03/04/2025,09:44:21,51723.3,51712,30,51725.65,120,30,356160
BANKNIFTY-II.NFO,03/04/2025,09:44:23,51723.3,51712,30,51720.8,120,0,356160
BANKNIFTY-II.NFO,03/04/2025,09:44:24,51723.3,51712,30,51718.9,120,0,356160
BANKNIFTY-II.NFO,03/04/2025,09:44:26,51712,51700,90,51713.85,90,30,356160
BANKNIFTY-II.NFO,03/04/2025,09:44:28,51712,51700,90,51702.45,30,0,356160
BANKNIFTY-II.NFO,03/04/2025,09:44:29,51700,51700,30,51707.55,120,60,356160
BANKNIFTY-II.NFO,03/04/2025,09:44:31,51700,51700,30,51706.25,30,0,356160
BANKNIFTY-II.NFO,03/04/2025,09:44:33,51700,51700,30,51711.05,30,0,356160
BANKNIFTY-II.NFO,03/04/2025,09:44:34,51700,51700,30,51708.35,90,0,356160
BANKNIFTY-II.NFO,03/04/2025,09:44:36,51700,51700,30,51702.4,90,0,356160
BANKNIFTY-II.NFO,03/04/2025,09:44:38,51700,51686.05,120,51702.65,30,30,356160
BANKNIFTY-II.NFO,03/04/2025,09:44:39,51700,51686,30,51699.4,120,0,356160
BANKNIFTY-II.NFO,03/04/2025,09:44:41,51700,51686,30,51699.75,30,0,356160
BANKNIFTY-II.NFO,03/04/2025,09:44:43,51686.05,51686.05,90,51700,30,30,356160
BANKNIFTY-II.NFO,03/04/2025,09:44:44,51686.05,51687.55,150,51700,30,0,356160
BANKNIFTY-II.NFO,03/04/2025,09:44:46,51686.05,51686.85,120,51700,30,0,356160
BANKNIFTY-II.NFO,03/04/2025,09:44:48,51700,51688.35,120,51707.45,90,30,356160
BANKNIFTY-II.NFO,03/04/2025,09:44:49,51700,51690.2,150,51710.35,90,0,356160
BANKNIFTY-II.NFO,03/04/2025,09:44:51,51700,51692.55,120,51711.4,90,0,356160
BANKNIFTY-II.NFO,03/04/2025,09:44:53,51700,51692.2,30,51705.75,90,0,356160
BANKNIFTY-II.NFO,03/04/2025,09:44:54,51700,51686,30,51702.3,60,0,356160
BANKNIFTY-II.NFO,03/04/2025,09:44:56,51700,51686.75,120,51704.7,120,0,356160
BANKNIFTY-II.NFO,03/04/2025,09:44:58,51700,51691.2,30,51707.2,90,0,356160
BANKNIFTY-II.NFO,03/04/2025,09:44:59,51700,51686,30,51696.7,90,0,356160
BANKNIFTY-II.NFO,03/04/2025,09:45:01,51700,51686,30,51693.6,120,0,356160
BANKNIFTY-II.NFO,03/04/2025,09:45:03,51700,51686,30,51695.15,90,0,356160
BANKNIFTY-II.NFO,03/04/2025,09:45:04,51700,51686.15,120,51700,30,0,356160
BANKNIFTY-II.NFO,03/04/2025,09:45:06,51700,51690.8,120,51700,30,0,356160
BANKNIFTY-II.NFO,03/04/2025,09:45:08,51715.4,51702.65,120,51721.15,90,60,356160
BANKNIFTY-II.NFO,03/04/2025,09:45:09,51715.4,51699.2,120,51720.55,30,0,356160
BANKNIFTY-II.NFO,03/04/2025,09:45:11,51715.4,51699.8,120,51720.3,120,0,356160
BANKNIFTY-II.NFO,03/04/2025,09:45:13,51715.4,51699.25,120,51723.25,150,0,356160
BANKNIFTY-II.NFO,03/04/2025,09:45:14,51715.4,51702.4,120,51719.9,120,0,356160
BANKNIFTY-II.NFO,03/04/2025,09:45:16,51715.4,51700.9,120,51720.3,90,0,356160
BANKNIFTY-II.NFO,03/04/2025,09:45:17,51715.4,51703.75,120,51724.6,120,0,356160
BANKNIFTY-II.NFO,03/04/2025,09:45:19,51715.4,51686.05,120,51711.05,120,0,356160
BANKNIFTY-II.NFO,03/04/2025,09:45:21,51715.4,51687.85,120,51706.25,90,0,356160
BANKNIFTY-II.NFO,03/04/2025,09:45:22,51715.4,51688.85,120,51707.15,30,0,356160
BANKNIFTY-II.NFO,03/04/2025,09:45:24,51715.4,51690.15,120,51710,30,0,356160
BANKNIFTY-II.NFO,03/04/2025,09:45:26,51715.4,51686,30,51701.85,30,0,356160
BANKNIFTY-II.NFO,03/04/2025,09:45:27,51715.4,51686.05,60,51703.6,90,0,356160
BANKNIFTY-II.NFO,03/04/2025,09:45:29,51715.4,51686.35,120,51704.55,90,0,356160
BANKNIFTY-II.NFO,03/04/2025,09:45:31,51681.25,51681.35,120,51700.5,120,150,356160
BANKNIFTY-II.NFO,03/04/2025,09:45:33,51681.25,51676.45,120,51700.05,120,0,356160
BANKNIFTY-II.NFO,03/04/2025,09:45:34,51681.25,51681.05,150,51704.1,120,0,356160
BANKNIFTY-II.NFO,03/04/2025,09:45:36,51681.25,51687.3,150,51708,120,0,356160
BANKNIFTY-II.NFO,03/04/2025,09:45:38,51681.25,51692.15,120,51715.35,120,0,356160
BANKNIFTY-II.NFO,03/04/2025,09:45:39,51681.25,51693.75,120,51713.8,120,0,356160
BANKNIFTY-II.NFO,03/04/2025,09:45:41,51693.75,51687.5,150,51711.3,180,30,356160
BANKNIFTY-II.NFO,03/04/2025,09:45:43,51693.75,51684.7,120,51708,120,0,356160
BANKNIFTY-II.NFO,03/04/2025,09:45:44,51693.75,51691.8,150,51713.35,120,0,356160
BANKNIFTY-II.NFO,03/04/2025,09:45:46,51693.55,51694.25,30,51714.85,120,60,356160
BANKNIFTY-II.NFO,03/04/2025,09:45:48,51693.55,51695.15,30,51714.15,120,0,356160
BANKNIFTY-II.NFO,03/04/2025,09:45:49,51700,51697.15,150,51715.4,30,30,356070
BANKNIFTY-II.NFO,03/04/2025,09:45:51,51700,51699.7,30,51715.4,30,0,356070
BANKNIFTY-II.NFO,03/04/2025,09:45:53,51700,51700.85,120,51715.4,30,0,356070
BANKNIFTY-II.NFO,03/04/2025,09:45:54,51700,51702.25,120,51715.4,30,0,356070
BANKNIFTY-II.NFO,03/04/2025,09:45:56,51700,51699.4,30,51715.4,30,0,356070
BANKNIFTY-II.NFO,03/04/2025,09:45:58,51714.85,51699.85,60,51715.4,30,30,356070
BANKNIFTY-II.NFO,03/04/2025,09:45:59,51714.85,51692.8,120,51711.2,120,0,356070
BANKNIFTY-II.NFO,03/04/2025,09:46:01,51714.85,51670.15,120,51693.85,150,0,356070
BANKNIFTY-II.NFO,03/04/2025,09:46:03,51714.85,51673.05,120,51694.25,120,0,356070
BANKNIFTY-II.NFO,03/04/2025,09:46:04,51693.95,51670.45,120,51692.55,120,30,356070
BANKNIFTY-II.NFO,03/04/2025,09:46:06,51693.95,51670,30,51685.75,120,0,356070
BANKNIFTY-II.NFO,03/04/2025,09:46:08,51693.95,51670,30,51685.6,120,0,356070
BANKNIFTY-II.NFO,03/04/2025,09:46:09,51693.95,51670,30,51687.95,120,0,356070
BANKNIFTY-II.NFO,03/04/2025,09:46:11,51693.95,51670,30,51682.45,120,0,356070
BANKNIFTY-II.NFO,03/04/2025,09:46:12,51693.95,51670,30,51679.2,120,0,356070
BANKNIFTY-II.NFO,03/04/2025,09:46:14,51693.95,51670,30,51681.05,120,0,356070
BANKNIFTY-II.NFO,03/04/2025,09:46:16,51670,51660.75,120,51683.05,120,30,356070
BANKNIFTY-II.NFO,03/04/2025,09:46:17,51670,51661.95,90,51681.7,120,0,356070
BANKNIFTY-II.NFO,03/04/2025,09:46:19,51670,51660.25,150,51680.3,120,0,356070
BANKNIFTY-II.NFO,03/04/2025,09:46:21,51666.45,51666.45,30,51687.55,120,90,356070
BANKNIFTY-II.NFO,03/04/2025,09:46:22,51666.45,51667.35,30,51689.25,120,0,356070
BANKNIFTY-II.NFO,03/04/2025,09:46:24,51666.45,51666.9,90,51686.45,120,0,356070
BANKNIFTY-II.NFO,03/04/2025,09:46:26,51666.45,51667.6,90,51688.85,120,0,356070
BANKNIFTY-II.NFO,03/04/2025,09:46:27,51705.85,51678.2,120,51698.4,120,30,356070
BANKNIFTY-II.NFO,03/04/2025,09:46:29,51705.85,51679.3,120,51704.55,120,0,356070
BANKNIFTY-II.NFO,03/04/2025,09:46:31,51705.85,51681.2,30,51702.4,120,0,356070
BANKNIFTY-II.NFO,03/04/2025,09:46:32,51705.85,51681.5,30,51701.5,120,0,356070
BANKNIFTY-II.NFO,03/04/2025,09:46:34,51705.85,51681.2,120,51699.85,120,0,356070
BANKNIFTY-II.NFO,03/04/2025,09:46:36,51705.85,51684.1,120,51703.2,120,0,356070
BANKNIFTY-II.NFO,03/04/2025,09:46:37,51705.85,51684.8,30,51705.5,120,0,356070
BANKNIFTY-II.NFO,03/04/2025,09:46:39,51705.85,51685.7,30,51705.6,120,0,356070
BANKNIFTY-II.NFO,03/04/2025,09:46:41,51705.85,51685.1,150,51705.8,120,0,356070
BANKNIFTY-II.NFO,03/04/2025,09:46:42,51685.9,51684.5,150,51705.7,120,30,356070
BANKNIFTY-II.NFO,03/04/2025,09:46:44,51705.85,51696.05,30,51712.3,120,30,356070
BANKNIFTY-II.NFO,03/04/2025,09:46:46,51696.05,51690.1,120,51707.8,120,30,356070
BANKNIFTY-II.NFO,03/04/2025,09:46:47,51696.05,51681.1,120,51698.4,120,0,356070
BANKNIFTY-II.NFO,03/04/2025,09:46:49,51700.9,51684.1,60,51700.4,120,30,356070
BANKNIFTY-II.NFO,03/04/2025,09:46:51,51700.9,51684.05,30,51700.7,120,0,356070
BANKNIFTY-II.NFO,03/04/2025,09:46:52,51700.9,51684.1,90,51702,120,0,356070
BANKNIFTY-II.NFO,03/04/2025,09:46:54,51700.9,51687.1,90,51704.15,120,0,356070
BANKNIFTY-II.NFO,03/04/2025,09:46:56,51700.9,51683.9,120,51696.05,30,0,356070
BANKNIFTY-II.NFO,03/04/2025,09:46:57,51696.05,51684.3,120,51701.9,120,30,356070
BANKNIFTY-II.NFO,03/04/2025,09:46:59,51696.05,51684.05,30,51702.4,120,0,356070
BANKNIFTY-II.NFO,03/04/2025,09:47:01,51696.05,51675.6,60,51696.1,120,0,356070
BANKNIFTY-II.NFO,03/04/2025,09:47:02,51696.05,51676.8,60,51695.4,120,0,356070
BANKNIFTY-II.NFO,03/04/2025,09:47:04,51696.05,51681.1,120,51702.45,120,0,356070
BANKNIFTY-II.NFO,03/04/2025,09:47:06,51696.05,51684.1,90,51705.1,120,30,356070
BANKNIFTY-II.NFO,03/04/2025,09:47:07,51696.05,51684.4,120,51702,180,0,356070
BANKNIFTY-II.NFO,03/04/2025,09:47:09,51696.05,51690.05,30,51706.4,120,0,356070
BANKNIFTY-II.NFO,03/04/2025,09:47:11,51696.05,51690.4,120,51708.05,120,0,356070
BANKNIFTY-II.NFO,03/04/2025,09:47:12,51696.05,51690.05,30,51707.15,120,0,356070
BANKNIFTY-II.NFO,03/04/2025,09:47:14,51696.05,51687.05,30,51701.6,120,0,356070
BANKNIFTY-II.NFO,03/04/2025,09:47:16,51696.05,51690.05,30,51704.1,120,0,356070
BANKNIFTY-II.NFO,03/04/2025,09:47:17,51696.05,51684.05,30,51698.8,120,0,356070
BANKNIFTY-II.NFO,03/04/2025,09:47:19,51696.05,51690.3,90,51710.8,120,0,356070
BANKNIFTY-II.NFO,03/04/2025,09:47:21,51696.05,51693.7,60,51712.55,120,0,356070
BANKNIFTY-II.NFO,03/04/2025,09:47:22,51696.05,51687.5,150,51695.05,30,0,356070
BANKNIFTY-II.NFO,03/04/2025,09:47:24,51687.8,51687.1,60,51707.75,120,210,356070
BANKNIFTY-II.NFO,03/04/2025,09:47:26,51687.8,51690.6,90,51712.3,120,0,356070
BANKNIFTY-II.NFO,03/04/2025,09:47:27,51714.8,51697.55,120,51714.8,30,30,356070
BANKNIFTY-II.NFO,03/04/2025,09:47:29,51714.8,51696.5,60,51714.6,120,0,356070
BANKNIFTY-II.NFO,03/04/2025,09:47:31,51714.8,51690.2,90,51708.4,120,0,356070
BANKNIFTY-II.NFO,03/04/2025,09:47:32,51714.8,51684.3,90,51703.7,120,0,356070
BANKNIFTY-II.NFO,03/04/2025,09:47:34,51714.8,51678.3,60,51697.8,120,0,356070
BANKNIFTY-II.NFO,03/04/2025,09:47:36,51714.8,51679.3,90,51699.35,120,0,356070
BANKNIFTY-II.NFO,03/04/2025,09:47:37,51714.8,51677.1,60,51697.65,120,0,356070
BANKNIFTY-II.NFO,03/04/2025,09:47:39,51714.8,51682.45,60,51703,120,0,356070
BANKNIFTY-II.NFO,03/04/2025,09:47:41,51714.8,51681.9,60,51700.35,120,0,356070
BANKNIFTY-II.NFO,03/04/2025,09:47:42,51714.8,51694.9,120,51714.7,120,0,356070
BANKNIFTY-II.NFO,03/04/2025,09:47:44,51714.8,51694.9,120,51708.2,120,0,356070
BANKNIFTY-II.NFO,03/04/2025,09:47:46,51714.8,51694.9,120,51708.35,120,0,356070
BANKNIFTY-II.NFO,03/04/2025,09:47:47,51714.8,51695.75,60,51714.6,120,0,356070
BANKNIFTY-II.NFO,03/04/2025,09:47:49,51714.8,51696.45,60,51713.7,120,0,356070
BANKNIFTY-II.NFO,03/04/2025,09:47:51,51714.8,51695.55,60,51714.15,120,0,356070
BANKNIFTY-II.NFO,03/04/2025,09:47:52,51714.6,51700,30,51714.3,120,60,356070
BANKNIFTY-II.NFO,03/04/2025,09:47:54,51714.6,51700.05,60,51714.8,60,0,356070
BANKNIFTY-II.NFO,03/04/2025,09:47:56,51715,51706,90,51715,390,150,356070
BANKNIFTY-II.NFO,03/04/2025,09:47:57,51715,51707.15,30,51715,270,120,356070
BANKNIFTY-II.NFO,03/04/2025,09:47:59,51715,51703.75,60,51715,270,0,356070
BANKNIFTY-II.NFO,03/04/2025,09:48:01,51715,51708.3,30,51715,270,0,356070
BANKNIFTY-II.NFO,03/04/2025,09:48:02,51730,51714.1,60,51729.95,60,330,356070
BANKNIFTY-II.NFO,03/04/2025,09:48:04,51730,51720.05,90,51730,870,0,356070
BANKNIFTY-II.NFO,03/04/2025,09:48:06,51730,51717.2,60,51730,870,0,356070
BANKNIFTY-II.NFO,03/04/2025,09:48:07,51730,51714.05,30,51729.85,120,0,356070
BANKNIFTY-II.NFO,03/04/2025,09:48:09,51730,51713.9,60,51729.8,120,0,356070
BANKNIFTY-II.NFO,03/04/2025,09:48:11,51730,51721.65,30,51729.95,120,0,356070
BANKNIFTY-II.NFO,03/04/2025,09:48:12,51730,51721.65,30,51730,870,0,356070
BANKNIFTY-II.NFO,03/04/2025,09:48:14,51730,51714.05,30,51729.65,120,0,356070
BANKNIFTY-II.NFO,03/04/2025,09:48:16,51730,51720,30,51729.35,120,0,356070
BANKNIFTY-II.NFO,03/04/2025,09:48:17,51730,51720,60,51729.55,120,0,356070
BANKNIFTY-II.NFO,03/04/2025,09:48:19,51729.65,51720,60,51729.25,120,60,356070
BANKNIFTY-II.NFO,03/04/2025,09:48:21,51729.65,51720,60,51723.75,120,0,356070
BANKNIFTY-II.NFO,03/04/2025,09:48:22,51720,51705.05,30,51724.45,120,60,356070
BANKNIFTY-II.NFO,03/04/2025,09:48:24,51720,51702.6,90,51720,120,0,356070
BANKNIFTY-II.NFO,03/04/2025,09:48:26,51720,51699.1,90,51721.9,150,0,356070
BANKNIFTY-II.NFO,03/04/2025,09:48:27,51720,51705.05,90,51721.8,120,0,356070
BANKNIFTY-II.NFO,03/04/2025,09:48:29,51720,51709.6,60,51729.45,120,0,356070
BANKNIFTY-II.NFO,03/04/2025,09:48:31,51720,51718.7,30,51720,30,0,356070
BANKNIFTY-II.NFO,03/04/2025,09:48:32,51720,51720.2,30,51729.75,120,30,356070
BANKNIFTY-II.NFO,03/04/2025,09:48:34,51720,51711.05,30,51728.55,120,0,356070
BANKNIFTY-II.NFO,03/04/2025,09:48:36,51720,51711.05,30,51727.15,120,0,356070
BANKNIFTY-II.NFO,03/04/2025,09:48:37,51720,51709.05,30,51725.85,120,0,356070
BANKNIFTY-II.NFO,03/04/2025,09:48:39,51720,51708.05,30,51724.25,120,0,356070
BANKNIFTY-II.NFO,03/04/2025,09:48:41,51720,51708.05,30,51725.5,120,0,356070
BANKNIFTY-II.NFO,03/04/2025,09:48:42,51720,51708.05,30,51723.35,180,0,356070
BANKNIFTY-II.NFO,03/04/2025,09:48:44,51720,51711.3,150,51728.1,120,0,356070
BANKNIFTY-II.NFO,03/04/2025,09:48:46,51720,51713.6,30,51729.75,120,0,356070
BANKNIFTY-II.NFO,03/04/2025,09:48:47,51720,51708.9,150,51728.25,120,0,356070
BANKNIFTY-II.NFO,03/04/2025,09:48:49,51720,51709.15,120,51725.65,120,0,356070
BANKNIFTY-II.NFO,03/04/2025,09:48:51,51720,51709.3,120,51724.45,120,0,356070
BANKNIFTY-II.NFO,03/04/2025,09:48:52,51720,51704.9,120,51724.3,120,0,356070
BANKNIFTY-II.NFO,03/04/2025,09:48:54,51720,51704.95,120,51721.75,120,0,356070
BANKNIFTY-II.NFO,03/04/2025,09:48:56,51720,51708.2,90,51727.6,120,0,356070
BANKNIFTY-II.NFO,03/04/2025,09:48:57,51720,51711.85,60,51729.45,120,0,356070
BANKNIFTY-II.NFO,03/04/2025,09:48:59,51720,51720.05,240,51730,870,0,356070
BANKNIFTY-II.NFO,03/04/2025,09:49:01,51720,51718.05,60,51730,870,0,356070
BANKNIFTY-II.NFO,03/04/2025,09:49:02,51720,51722.45,120,51730,870,0,356070
BANKNIFTY-II.NFO,03/04/2025,09:49:04,51730,51721.25,60,51730,690,180,355890
BANKNIFTY-II.NFO,03/04/2025,09:49:06,51730,51723.65,90,51730,690,0,355890
BANKNIFTY-II.NFO,03/04/2025,09:49:07,51730,51723.6,30,51730,630,60,355890
BANKNIFTY-II.NFO,03/04/2025,09:49:09,51730,51724.35,120,51730,480,150,355890
BANKNIFTY-II.NFO,03/04/2025,09:49:11,51730,51722.55,120,51730,240,240,355890
BANKNIFTY-II.NFO,03/04/2025,09:49:12,51730,51721.9,120,51730,240,0,355890
BANKNIFTY-II.NFO,03/04/2025,09:49:16,51730,51721.95,120,51730,240,0,355890
BANKNIFTY-II.NFO,03/04/2025,09:49:17,51730,51721.9,120,51730,240,0,355890
BANKNIFTY-II.NFO,03/04/2025,09:49:19,51730,51721.9,120,51729.85,120,60,355890
BANKNIFTY-II.NFO,03/04/2025,09:49:21,51730,51721.9,120,51730,180,0,355890
BANKNIFTY-II.NFO,03/04/2025,09:49:22,51730,51721.95,60,51730,180,0,355890
BANKNIFTY-II.NFO,03/04/2025,09:49:24,51730,51721.9,120,51730,180,0,355890
BANKNIFTY-II.NFO,03/04/2025,09:49:27,51730,51721.9,120,51729.55,120,0,355890
BANKNIFTY-II.NFO,03/04/2025,09:49:29,51730,51721.9,120,51730,180,0,355890
BANKNIFTY-II.NFO,03/04/2025,09:49:34,51730,51722.75,120,51730,150,30,355890
BANKNIFTY-II.NFO,03/04/2025,09:49:35,51730,51722.75,60,51730,150,0,355890
