Ticker,Date,Time,LTP,BuyPrice,BuyQty,SellPrice,SellQty,LTQ,OpenInterest
NIFTY-III.NFO,03/04/2025,09:15:02,23500.1,23474.3,75,23493.95,150,825,443475
NIFTY-III.NFO,03/04/2025,09:15:02,23500,23474.3,75,23493.95,150,0,443475
NIFTY-III.NFO,03/04/2025,09:15:02,23500.1,23474.3,75,23493.95,150,0,443475
NIFTY-III.NFO,03/04/2025,09:15:02,23480,23474.3,75,23493.95,150,0,443475
NIFTY-III.NFO,03/04/2025,09:15:03,23476.65,23479.95,75,23495.9,150,300,443475
NIFTY-III.NFO,03/04/2025,09:15:03,23470,23479.95,75,23495.9,150,0,443475
NIFTY-III.NFO,03/04/2025,09:15:05,23500.15,23495.4,150,23519.95,375,1575,443475
NIFTY-III.NFO,03/04/2025,09:15:05,23500.15,23495.4,150,23519.95,375,0,443475
NIFTY-III.NFO,03/04/2025,09:15:07,23501.75,23501.75,75,23521.5,75,150,443475
NIFTY-III.NFO,03/04/2025,09:15:07,23501.75,23501.75,75,23521.5,75,0,443475
NIFTY-III.NFO,03/04/2025,09:15:08,23500,23500.85,150,23519.75,75,150,443475
NIFTY-III.NFO,03/04/2025,09:15:10,23503.85,23503.85,75,23523.1,150,150,443475
NIFTY-III.NFO,03/04/2025,09:15:10,23504.95,23503.85,75,23523.1,150,0,443475
NIFTY-III.NFO,03/04/2025,09:15:12,23503.85,23497.05,150,23521.25,525,0,443475
NIFTY-III.NFO,03/04/2025,09:15:13,23503.85,23501.45,150,23517.7,150,0,443475
NIFTY-III.NFO,03/04/2025,09:15:15,23503.85,23509.25,150,23521.4,150,0,443475
NIFTY-III.NFO,03/04/2025,09:15:17,23503.85,23506.15,150,23525.55,150,0,443475
NIFTY-III.NFO,03/04/2025,09:15:18,23506.15,23510.7,75,23526.55,75,75,443475
NIFTY-III.NFO,03/04/2025,09:15:18,23506.15,23510.7,75,23526.55,75,0,443475
NIFTY-III.NFO,03/04/2025,09:15:20,23506.15,23522.9,225,23526.65,75,0,443475
NIFTY-III.NFO,03/04/2025,09:15:22,23526.9,23522.95,150,23533.15,75,150,443475
NIFTY-III.NFO,03/04/2025,09:15:22,23526.9,23522.95,150,23533.15,75,0,443475
NIFTY-III.NFO,03/04/2025,09:15:23,23532.45,23522.95,75,23532.1,375,1575,443475
NIFTY-III.NFO,03/04/2025,09:15:23,23537.4,23522.95,75,23532.1,375,0,443475
NIFTY-III.NFO,03/04/2025,09:15:25,23537.65,23522.95,75,23530.55,75,75,443475
NIFTY-III.NFO,03/04/2025,09:15:25,23537.65,23522.95,75,23530.55,75,0,443475
NIFTY-III.NFO,03/04/2025,09:15:27,23522.9,23522.9,75,23529.15,375,225,443475
NIFTY-III.NFO,03/04/2025,09:15:28,23527.45,23522.95,75,23527.05,375,225,443475
NIFTY-III.NFO,03/04/2025,09:15:30,23527.45,23522.95,75,23528.65,75,0,443475
NIFTY-III.NFO,03/04/2025,09:15:32,23527.45,23523.4,75,23530.3,375,0,443475
NIFTY-III.NFO,03/04/2025,09:15:33,23522.9,23516,300,23525.45,150,150,443475
NIFTY-III.NFO,03/04/2025,09:15:35,23522.9,23516.45,75,23526.25,450,0,443475
NIFTY-III.NFO,03/04/2025,09:15:37,23525.2,23514.05,150,23525.25,75,375,444975
NIFTY-III.NFO,03/04/2025,09:15:38,23522.9,23514.1,75,23524,75,75,444975
NIFTY-III.NFO,03/04/2025,09:15:40,23522.9,23513.1,75,23520.75,75,0,444975
NIFTY-III.NFO,03/04/2025,09:15:42,23522.9,23510.85,150,23523.7,450,0,444975
NIFTY-III.NFO,03/04/2025,09:15:43,23522.9,23511.25,150,23523.7,75,0,444975
NIFTY-III.NFO,03/04/2025,09:15:45,23522.9,23509.35,75,23522.7,450,0,444975
NIFTY-III.NFO,03/04/2025,09:15:47,23522.9,23507.55,150,23520.5,450,0,444975
NIFTY-III.NFO,03/04/2025,09:15:48,23522.9,23507.05,75,23518.95,75,0,444975
NIFTY-III.NFO,03/04/2025,09:15:50,23507.05,23507,150,23514.25,75,75,444975
NIFTY-III.NFO,03/04/2025,09:15:52,23507.05,23507,150,23511.15,75,0,444975
NIFTY-III.NFO,03/04/2025,09:15:53,23507.05,23507,150,23510.6,75,0,444975
NIFTY-III.NFO,03/04/2025,09:15:57,23507,23505,75,23507,75,150,444975
NIFTY-III.NFO,03/04/2025,09:15:58,23507,23505,75,23506.45,150,75,444975
NIFTY-III.NFO,03/04/2025,09:16:00,23507,23501,150,23506.45,75,0,444975
NIFTY-III.NFO,03/04/2025,09:16:02,23505.6,23501.05,75,23505.6,75,75,444975
NIFTY-III.NFO,03/04/2025,09:16:03,23505.6,23501,150,23505.5,75,0,444975
NIFTY-III.NFO,03/04/2025,09:16:05,23505.55,23501.05,75,23508.95,75,75,444975
NIFTY-III.NFO,03/04/2025,09:16:06,23501.05,23501.05,75,23509.25,75,75,444975
NIFTY-III.NFO,03/04/2025,09:16:08,23501.05,23501.05,75,23508.15,75,0,444975
NIFTY-III.NFO,03/04/2025,09:16:10,23501.05,23501,150,23506.45,75,0,444975
NIFTY-III.NFO,03/04/2025,09:16:11,23500.05,23500.05,75,23506.45,75,225,444975
NIFTY-III.NFO,03/04/2025,09:16:13,23509.2,23500.05,150,23510.9,75,75,444975
NIFTY-III.NFO,03/04/2025,09:16:15,23509.2,23500.05,150,23509.7,75,0,444975
NIFTY-III.NFO,03/04/2025,09:16:16,23509.2,23501.75,75,23513.8,75,0,444975
NIFTY-III.NFO,03/04/2025,09:16:18,23509.2,23503.4,75,23516.75,75,0,444975
NIFTY-III.NFO,03/04/2025,09:16:20,23509.2,23504.7,75,23517.05,75,0,444975
NIFTY-III.NFO,03/04/2025,09:16:21,23509.2,23504.85,75,23509.2,75,0,444975
NIFTY-III.NFO,03/04/2025,09:16:23,23509.2,23509.65,75,23519.95,150,75,444975
NIFTY-III.NFO,03/04/2025,09:16:25,23509.2,23507.75,75,23519.95,75,0,444975
NIFTY-III.NFO,03/04/2025,09:16:26,23519.25,23509.75,450,23518.5,75,75,444975
NIFTY-III.NFO,03/04/2025,09:16:28,23512.1,23512.05,75,23518.5,75,75,444975
NIFTY-III.NFO,03/04/2025,09:16:30,23512.1,23509.2,300,23516.8,150,0,444975
NIFTY-III.NFO,03/04/2025,09:16:31,23509.2,23507.2,75,23509,150,300,444975
NIFTY-III.NFO,03/04/2025,09:16:33,23509,23507.15,75,23509,75,75,444975
NIFTY-III.NFO,03/04/2025,09:16:35,23509,23507.15,75,23509,75,0,444975
NIFTY-III.NFO,03/04/2025,09:16:36,23509,23504.1,150,23513.85,150,75,444975
NIFTY-III.NFO,03/04/2025,09:16:38,23509,23505.1,150,23510.65,75,0,444975
NIFTY-III.NFO,03/04/2025,09:16:40,23509,23506.2,150,23509.5,75,0,444975
NIFTY-III.NFO,03/04/2025,09:16:41,23509,23506.2,150,23510.65,75,0,444975
NIFTY-III.NFO,03/04/2025,09:16:43,23509,23508.95,75,23510.65,75,0,444975
NIFTY-III.NFO,03/04/2025,09:16:44,23509,23505.5,75,23510,75,0,444975
NIFTY-III.NFO,03/04/2025,09:16:46,23510,23508.85,75,23512.65,75,75,444975
NIFTY-III.NFO,03/04/2025,09:16:48,23510,23510.05,150,23516.7,75,0,444975
NIFTY-III.NFO,03/04/2025,09:16:49,23510,23510.05,150,23516.9,75,0,444975
NIFTY-III.NFO,03/04/2025,09:16:51,23510,23510.05,150,23515.75,75,0,444975
NIFTY-III.NFO,03/04/2025,09:16:53,23510,23515,225,23515.7,75,0,444975
NIFTY-III.NFO,03/04/2025,09:16:54,23515,23510,300,23513.95,75,225,444975
NIFTY-III.NFO,03/04/2025,09:16:56,23515,23510,300,23513.85,75,0,444975
NIFTY-III.NFO,03/04/2025,09:16:58,23515,23510,375,23516,75,0,444975
NIFTY-III.NFO,03/04/2025,09:16:59,23512.7,23510,375,23515.2,75,75,444975
NIFTY-III.NFO,03/04/2025,09:17:01,23514.2,23510,375,23512.65,75,225,444975
NIFTY-III.NFO,03/04/2025,09:17:02,23514.2,23510,375,23512.9,75,0,444975
NIFTY-III.NFO,03/04/2025,09:17:04,23510,23510,75,23514.45,150,375,444975
NIFTY-III.NFO,03/04/2025,09:17:06,23510,23510,150,23512.95,75,0,444975
NIFTY-III.NFO,03/04/2025,09:17:07,23514.85,23510,150,23511.3,75,225,444975
NIFTY-III.NFO,03/04/2025,09:17:09,23514.85,23510.05,75,23513.1,75,0,444975
NIFTY-III.NFO,03/04/2025,09:17:11,23514.85,23510.05,150,23515,75,0,444975
NIFTY-III.NFO,03/04/2025,09:17:12,23514.85,23510.05,75,23515,75,0,444975
NIFTY-III.NFO,03/04/2025,09:17:14,23514.7,23510,150,23514.8,150,600,444975
NIFTY-III.NFO,03/04/2025,09:17:16,23514.7,23510,150,23514.5,75,0,444975
NIFTY-III.NFO,03/04/2025,09:17:17,23514.7,23510,150,23514.7,75,0,444975
NIFTY-III.NFO,03/04/2025,09:17:19,23514.7,23510,150,23515,75,0,444975
NIFTY-III.NFO,03/04/2025,09:17:21,23515.7,23515.1,75,23516.85,225,150,444975
NIFTY-III.NFO,03/04/2025,09:17:22,23515.7,23515.1,75,23517.95,75,0,444975
NIFTY-III.NFO,03/04/2025,09:17:24,23515.7,23515.1,75,23516.95,75,0,444975
NIFTY-III.NFO,03/04/2025,09:17:26,23517.75,23515.15,150,23519,75,75,444975
NIFTY-III.NFO,03/04/2025,09:17:27,23517.75,23515.15,150,23519,75,0,444975
NIFTY-III.NFO,03/04/2025,09:17:29,23517.75,23515.8,75,23519,75,0,444975
NIFTY-III.NFO,03/04/2025,09:17:31,23519,23516.2,75,23520,75,75,444975
NIFTY-III.NFO,03/04/2025,09:17:32,23519,23516.05,75,23520,75,0,444975
NIFTY-III.NFO,03/04/2025,09:17:34,23520,23520,300,23525.4,75,75,444975
NIFTY-III.NFO,03/04/2025,09:17:35,23526.55,23520.05,75,23527.3,150,150,444975
NIFTY-III.NFO,03/04/2025,09:17:37,23527.85,23520.05,75,23527.9,150,75,444975
NIFTY-III.NFO,03/04/2025,09:17:39,23523.05,23520.05,75,23527.8,75,300,444975
NIFTY-III.NFO,03/04/2025,09:17:41,23523.05,23527.85,75,23530,75,0,444975
NIFTY-III.NFO,03/04/2025,09:17:42,23523.05,23527.85,150,23530,75,0,444975
NIFTY-III.NFO,03/04/2025,09:17:44,23530,23527.9,75,23534.85,75,75,444975
NIFTY-III.NFO,03/04/2025,09:17:46,23530,23528.1,150,23539,150,0,444975
NIFTY-III.NFO,03/04/2025,09:17:47,23530,23527.85,150,23534.4,75,0,444975
NIFTY-III.NFO,03/04/2025,09:17:49,23532.7,23527.85,75,23533.8,75,75,444975
NIFTY-III.NFO,03/04/2025,09:17:51,23532.7,23530,225,23534.4,150,0,444975
NIFTY-III.NFO,03/04/2025,09:17:52,23532.7,23530,225,23530.85,75,0,444975
NIFTY-III.NFO,03/04/2025,09:17:54,23530.85,23530,225,23536.65,150,75,444975
NIFTY-III.NFO,03/04/2025,09:17:55,23530.85,23530,225,23530.85,75,0,444975
NIFTY-III.NFO,03/04/2025,09:17:57,23534.05,23530,675,23534.5,75,225,444975
NIFTY-III.NFO,03/04/2025,09:17:59,23534.05,23530,750,23530.85,75,0,444975
NIFTY-III.NFO,03/04/2025,09:18:02,23534.05,23530.05,150,23533.9,75,0,444975
NIFTY-III.NFO,03/04/2025,09:18:04,23534.05,23532.2,75,23540,75,0,444975
NIFTY-III.NFO,03/04/2025,09:18:05,23534.05,23535.05,150,23540,75,0,444975
NIFTY-III.NFO,03/04/2025,09:18:07,23534.05,23535.05,75,23540,75,0,444975
NIFTY-III.NFO,03/04/2025,09:18:09,23535,23535,75,23540,150,150,444975
NIFTY-III.NFO,03/04/2025,09:18:10,23535,23535,300,23540,150,0,444975
NIFTY-III.NFO,03/04/2025,09:18:12,23535,23535,375,23540,150,0,444975
NIFTY-III.NFO,03/04/2025,09:18:14,23540,23535,375,23540,75,75,444975
NIFTY-III.NFO,03/04/2025,09:18:14,23540,23535,375,23540,75,0,444975
NIFTY-III.NFO,03/04/2025,09:18:15,23540,23535,300,23540,150,0,444975
NIFTY-III.NFO,03/04/2025,09:18:17,23540,23536,225,23540,75,0,444975
NIFTY-III.NFO,03/04/2025,09:18:24,23538.4,23536,300,23539.3,150,75,444975
NIFTY-III.NFO,03/04/2025,09:18:25,23537.65,23536,225,23537.35,825,375,444975
NIFTY-III.NFO,03/04/2025,09:18:27,23536,23535,300,23536.35,825,225,444975
NIFTY-III.NFO,03/04/2025,09:18:29,23535,23530,1200,23533.55,75,300,444975
NIFTY-III.NFO,03/04/2025,09:18:30,23535,23530,1200,23534.85,75,0,444975
NIFTY-III.NFO,03/04/2025,09:18:32,23532.7,23530,1200,23532.85,375,300,444975
NIFTY-III.NFO,03/04/2025,09:18:34,23532.7,23530.55,75,23535,750,0,444975
NIFTY-III.NFO,03/04/2025,09:18:35,23536.3,23536.35,75,23536.9,75,450,446250
NIFTY-III.NFO,03/04/2025,09:18:37,23536.3,23536.35,75,23538.1,75,0,446250
NIFTY-III.NFO,03/04/2025,09:18:39,23535.25,23535.85,75,23538.7,150,150,446250
NIFTY-III.NFO,03/04/2025,09:18:40,23535,23535.05,75,23539,1125,75,446250
NIFTY-III.NFO,03/04/2025,09:18:42,23536.05,23536.6,75,23539.9,750,75,446250
NIFTY-III.NFO,03/04/2025,09:18:44,23536.05,23536.6,75,23539.8,75,0,446250
NIFTY-III.NFO,03/04/2025,09:18:45,23536.05,23537.6,75,23540,150,0,446250
NIFTY-III.NFO,03/04/2025,09:18:47,23536.05,23538.6,75,23540,150,0,446250
NIFTY-III.NFO,03/04/2025,09:18:49,23536.05,23538.8,75,23540,150,0,446250
NIFTY-III.NFO,03/04/2025,09:18:50,23540,23540,150,23541.3,75,150,446250
NIFTY-III.NFO,03/04/2025,09:18:52,23540,23540,75,23542.05,750,75,446250
NIFTY-III.NFO,03/04/2025,09:18:54,23540,23540,75,23540.8,75,0,446250
NIFTY-III.NFO,03/04/2025,09:18:55,23540,23531.6,75,23541.55,150,750,446250
NIFTY-III.NFO,03/04/2025,09:18:57,23540,23530,1125,23536.3,150,0,446250
NIFTY-III.NFO,03/04/2025,09:18:59,23535.55,23531.55,75,23535.75,750,75,446250
NIFTY-III.NFO,03/04/2025,09:19:00,23535.15,23531.55,75,23534.1,75,225,446250
NIFTY-III.NFO,03/04/2025,09:19:02,23534.05,23531.55,75,23534.15,750,150,446250
NIFTY-III.NFO,03/04/2025,09:19:04,23535.5,23531.55,75,23535.05,75,225,446250
NIFTY-III.NFO,03/04/2025,09:19:05,23535.5,23531.55,75,23535.05,75,0,446250
NIFTY-III.NFO,03/04/2025,09:19:07,23535.05,23535,225,23537.85,750,75,446250
NIFTY-III.NFO,03/04/2025,09:19:09,23535.05,23535,225,23536.2,75,0,446250
NIFTY-III.NFO,03/04/2025,09:19:10,23535.05,23535,225,23535.7,750,0,446250
NIFTY-III.NFO,03/04/2025,09:19:12,23535.05,23535,300,23535.6,75,0,446250
NIFTY-III.NFO,03/04/2025,09:19:14,23535.8,23530,1050,23534.95,750,750,446250
NIFTY-III.NFO,03/04/2025,09:19:15,23535.8,23530,1050,23535.5,75,0,446250
NIFTY-III.NFO,03/04/2025,09:19:17,23535.8,23530,1050,23535.05,75,0,446250
NIFTY-III.NFO,03/04/2025,09:19:19,23535.8,23530.05,75,23535.05,75,0,446250
NIFTY-III.NFO,03/04/2025,09:19:20,23535.8,23531.15,75,23539.85,675,0,446250
NIFTY-III.NFO,03/04/2025,09:19:22,23535.8,23533.35,75,23540,75,0,446250
NIFTY-III.NFO,03/04/2025,09:19:24,23535.8,23535.8,75,23540,75,0,446250
NIFTY-III.NFO,03/04/2025,09:19:29,23535.8,23535.85,150,23540,75,0,446250
NIFTY-III.NFO,03/04/2025,09:19:30,23535.8,23535.8,75,23540,75,0,446250
NIFTY-III.NFO,03/04/2025,09:19:32,23535.85,23535.85,75,23540,75,75,446250
NIFTY-III.NFO,03/04/2025,09:19:35,23535.85,23535.85,75,23540,75,0,446250
NIFTY-III.NFO,03/04/2025,09:19:37,23535.85,23535.8,75,23540,75,0,446250
NIFTY-III.NFO,03/04/2025,09:19:39,23535.85,23536,225,23540,75,0,446250
NIFTY-III.NFO,03/04/2025,09:19:40,23535.85,23536,225,23539.95,75,0,446250
NIFTY-III.NFO,03/04/2025,09:19:42,23535.85,23539,75,23539.95,75,0,446250
NIFTY-III.NFO,03/04/2025,09:19:44,23535.85,23539,75,23540,75,0,446250
NIFTY-III.NFO,03/04/2025,09:19:49,23535.85,23539.05,75,23540,75,0,446250
NIFTY-III.NFO,03/04/2025,09:19:51,23540,23539,75,23543,675,75,446250
NIFTY-III.NFO,03/04/2025,09:19:52,23543,23539,75,23543.25,75,150,446250
NIFTY-III.NFO,03/04/2025,09:19:52,23543,23539,75,23543.25,75,0,446250
NIFTY-III.NFO,03/04/2025,09:19:54,23543,23539,75,23544.4,600,0,446250
NIFTY-III.NFO,03/04/2025,09:19:56,23543,23539,75,23542.3,75,0,446250
NIFTY-III.NFO,03/04/2025,09:19:57,23541.95,23536,825,23542.2,75,150,446250
NIFTY-III.NFO,03/04/2025,09:19:59,23541.95,23536,825,23540.55,450,0,446250
NIFTY-III.NFO,03/04/2025,09:20:01,23541.95,23536,825,23539.7,450,0,446250
NIFTY-III.NFO,03/04/2025,09:20:02,23541.55,23536,600,23541.9,75,75,446250
NIFTY-III.NFO,03/04/2025,09:20:04,23541.55,23536,600,23541.4,150,0,446250
NIFTY-III.NFO,03/04/2025,09:20:06,23536,23535,525,23536.3,150,600,446250
NIFTY-III.NFO,03/04/2025,09:20:07,23536,23535,525,23537.75,75,0,446250
NIFTY-III.NFO,03/04/2025,09:20:11,23536,23535.4,150,23542.8,450,0,446250
NIFTY-III.NFO,03/04/2025,09:20:12,23536,23535.05,150,23542.1,375,0,446250
NIFTY-III.NFO,03/04/2025,09:20:14,23536,23536.05,150,23543,75,0,446250
NIFTY-III.NFO,03/04/2025,09:20:16,23536,23537,150,23543,75,0,446250
NIFTY-III.NFO,03/04/2025,09:20:17,23536,23536.1,75,23543.55,450,0,446250
NIFTY-III.NFO,03/04/2025,09:20:19,23536,23538.55,150,23543.2,75,0,446250
NIFTY-III.NFO,03/04/2025,09:20:21,23545.9,23544.1,75,23550,75,225,446250
NIFTY-III.NFO,03/04/2025,09:20:21,23545.9,23544.1,75,23550,75,0,446250
NIFTY-III.NFO,03/04/2025,09:20:22,23545.9,23542.7,75,23550,150,0,446250
NIFTY-III.NFO,03/04/2025,09:20:24,23550,23540.5,75,23550,150,150,446250
NIFTY-III.NFO,03/04/2025,09:20:24,23550,23540.5,75,23550,150,0,446250
NIFTY-III.NFO,03/04/2025,09:20:26,23550,23539.5,75,23548.9,75,0,446250
NIFTY-III.NFO,03/04/2025,09:20:27,23550,23540.65,75,23549.15,300,0,446250
NIFTY-III.NFO,03/04/2025,09:20:29,23550,23538.6,150,23546.75,450,0,446250
NIFTY-III.NFO,03/04/2025,09:20:31,23550,23538.6,150,23546.05,375,0,446250
NIFTY-III.NFO,03/04/2025,09:20:32,23550,23536.55,75,23545.9,225,0,446250
NIFTY-III.NFO,03/04/2025,09:20:34,23544.75,23536.1,75,23543.9,300,150,446250
NIFTY-III.NFO,03/04/2025,09:20:36,23544.75,23536.15,75,23544.95,600,0,446250
NIFTY-III.NFO,03/04/2025,09:20:37,23544.75,23537.65,150,23545,75,0,446250
NIFTY-III.NFO,03/04/2025,09:20:39,23544.75,23538.05,150,23545,75,0,446250
NIFTY-III.NFO,03/04/2025,09:20:41,23545,23536.4,150,23543.95,300,75,446250
NIFTY-III.NFO,03/04/2025,09:20:42,23545,23540,150,23545.7,225,0,446250
NIFTY-III.NFO,03/04/2025,09:20:44,23545,23540,150,23545.25,225,0,446250
NIFTY-III.NFO,03/04/2025,09:20:46,23544.75,23540,225,23545.5,75,75,446250
NIFTY-III.NFO,03/04/2025,09:20:47,23544.75,23540.05,75,23546.1,225,0,446250
NIFTY-III.NFO,03/04/2025,09:20:49,23544.75,23540.05,150,23548.75,300,0,446250
NIFTY-III.NFO,03/04/2025,09:20:51,23544.75,23540,225,23545.25,225,0,446250
NIFTY-III.NFO,03/04/2025,09:20:52,23546,23540.05,75,23546.35,225,75,446250
NIFTY-III.NFO,03/04/2025,09:20:54,23546,23540.55,150,23546.9,75,0,446250
NIFTY-III.NFO,03/04/2025,09:20:56,23546,23540.85,150,23547.5,75,0,446250
NIFTY-III.NFO,03/04/2025,09:20:57,23546,23541.05,75,23549.75,300,0,446250
NIFTY-III.NFO,03/04/2025,09:20:59,23546,23540.6,75,23549.35,225,0,446250
NIFTY-III.NFO,03/04/2025,09:21:01,23546,23541.75,75,23549.5,75,0,446250
NIFTY-III.NFO,03/04/2025,09:21:02,23551.25,23540.85,75,23550.3,300,375,446250
NIFTY-III.NFO,03/04/2025,09:21:02,23551.25,23540.85,75,23550.3,300,0,446250
NIFTY-III.NFO,03/04/2025,09:21:04,23551.25,23543.25,150,23549,75,0,446250
NIFTY-III.NFO,03/04/2025,09:21:06,23551.25,23544.25,75,23551.25,75,0,446250
NIFTY-III.NFO,03/04/2025,09:21:07,23551.25,23542.55,75,23550.3,225,0,446250
NIFTY-III.NFO,03/04/2025,09:21:09,23551.25,23547,225,23551.2,225,0,446250
NIFTY-III.NFO,03/04/2025,09:21:11,23551.25,23547,225,23552.05,75,0,446250
NIFTY-III.NFO,03/04/2025,09:21:12,23551.25,23547,225,23551.6,75,0,446250
NIFTY-III.NFO,03/04/2025,09:21:14,23551.25,23549.85,75,23555,150,0,446250
NIFTY-III.NFO,03/04/2025,09:21:16,23555,23555.25,150,23561.15,75,150,446250
NIFTY-III.NFO,03/04/2025,09:21:16,23555,23555.25,150,23561.15,75,0,446250
NIFTY-III.NFO,03/04/2025,09:21:17,23561.15,23555.45,150,23564.95,450,75,446250
NIFTY-III.NFO,03/04/2025,09:21:17,23561.15,23555.45,150,23564.95,450,0,446250
NIFTY-III.NFO,03/04/2025,09:21:19,23561.15,23555.05,150,23564.2,300,0,446250
NIFTY-III.NFO,03/04/2025,09:21:21,23561.15,23555.1,75,23563.85,75,0,446250
NIFTY-III.NFO,03/04/2025,09:21:22,23561.15,23555.7,150,23564.5,75,0,446250
NIFTY-III.NFO,03/04/2025,09:21:24,23559.95,23558.05,150,23564.6,75,75,446250
NIFTY-III.NFO,03/04/2025,09:21:26,23559.95,23561.15,75,23563.45,75,0,446250
NIFTY-III.NFO,03/04/2025,09:21:27,23559.95,23561.15,75,23565.2,75,0,446250
NIFTY-III.NFO,03/04/2025,09:21:29,23565.2,23561.15,75,23565.5,75,75,446250
NIFTY-III.NFO,03/04/2025,09:21:29,23565.2,23561.15,75,23565.5,75,0,446250
NIFTY-III.NFO,03/04/2025,09:21:30,23565.2,23561.15,75,23565.5,75,0,446250
NIFTY-III.NFO,03/04/2025,09:21:34,23565.2,23561.15,75,23565.95,150,0,446250
NIFTY-III.NFO,03/04/2025,09:21:35,23565.95,23565.4,75,23570,75,150,448650
NIFTY-III.NFO,03/04/2025,09:21:35,23565.95,23565.4,75,23570,75,0,448650
NIFTY-III.NFO,03/04/2025,09:21:37,23565.95,23563.75,75,23570,75,0,448650
NIFTY-III.NFO,03/04/2025,09:21:39,23565.95,23562.05,150,23570,75,0,448650
NIFTY-III.NFO,03/04/2025,09:21:40,23565.95,23562.4,150,23569.95,75,0,448650
NIFTY-III.NFO,03/04/2025,09:21:42,23565.95,23565.05,75,23570,75,0,448650
NIFTY-III.NFO,03/04/2025,09:21:44,23565.95,23565,150,23569.95,75,0,448650
NIFTY-III.NFO,03/04/2025,09:21:45,23570,23565,150,23571.3,75,75,448650
NIFTY-III.NFO,03/04/2025,09:21:45,23570,23565,150,23571.3,75,0,448650
NIFTY-III.NFO,03/04/2025,09:21:47,23570,23565,150,23568.85,75,0,448650
NIFTY-III.NFO,03/04/2025,09:21:49,23570,23565.05,75,23572.2,150,0,448650
NIFTY-III.NFO,03/04/2025,09:21:51,23570,23565,150,23570.8,75,0,448650
NIFTY-III.NFO,03/04/2025,09:21:52,23569.2,23565,150,23571.65,225,75,448650
NIFTY-III.NFO,03/04/2025,09:21:54,23571.5,23565,150,23571.05,300,75,448650
NIFTY-III.NFO,03/04/2025,09:21:54,23571.5,23565,150,23571.05,300,0,448650
NIFTY-III.NFO,03/04/2025,09:21:56,23570,23565,300,23569.15,75,150,448650
NIFTY-III.NFO,03/04/2025,09:21:57,23569.75,23565,150,23570,75,150,448650
NIFTY-III.NFO,03/04/2025,09:21:59,23569.75,23565,225,23569.2,75,0,448650
NIFTY-III.NFO,03/04/2025,09:22:01,23568.75,23565,225,23569.2,75,225,448650
NIFTY-III.NFO,03/04/2025,09:22:02,23565,23565,150,23570,75,75,448650
NIFTY-III.NFO,03/04/2025,09:22:04,23570,23570,150,23571.1,75,75,448650
NIFTY-III.NFO,03/04/2025,09:22:06,23570,23570,150,23571.55,150,0,448650
NIFTY-III.NFO,03/04/2025,09:22:07,23571.55,23570,150,23571.35,150,75,448650
NIFTY-III.NFO,03/04/2025,09:22:07,23571.55,23570,150,23571.35,150,0,448650
NIFTY-III.NFO,03/04/2025,09:22:09,23570,23565,150,23573.05,150,150,448650
NIFTY-III.NFO,03/04/2025,09:22:11,23570,23565,150,23569,75,0,448650
NIFTY-III.NFO,03/04/2025,09:22:12,23569,23565,150,23570.45,75,75,448650
NIFTY-III.NFO,03/04/2025,09:22:14,23567.7,23565,150,23567.2,150,75,448650
NIFTY-III.NFO,03/04/2025,09:22:16,23567.7,23565,150,23568.2,150,0,448650
NIFTY-III.NFO,03/04/2025,09:22:17,23565,23565,75,23570.7,375,75,448650
NIFTY-III.NFO,03/04/2025,09:22:19,23565,23565,75,23570.45,75,0,448650
NIFTY-III.NFO,03/04/2025,09:22:21,23565,23565,75,23568.65,75,0,448650
NIFTY-III.NFO,03/04/2025,09:22:22,23566.95,23561.15,75,23567.1,450,375,448650
NIFTY-III.NFO,03/04/2025,09:22:24,23561.15,23560,375,23566.7,225,75,448650
NIFTY-III.NFO,03/04/2025,09:22:26,23561.15,23560.05,75,23566.95,75,0,448650
NIFTY-III.NFO,03/04/2025,09:22:27,23566.4,23560,450,23566.35,225,75,448650
NIFTY-III.NFO,03/04/2025,09:22:29,23566.4,23560,450,23565.5,225,0,448650
NIFTY-III.NFO,03/04/2025,09:22:31,23560,23556.8,75,23560,75,450,448650
NIFTY-III.NFO,03/04/2025,09:22:32,23560,23556,75,23560,75,0,448650
NIFTY-III.NFO,03/04/2025,09:22:34,23560,23555.05,75,23560,75,0,448650
NIFTY-III.NFO,03/04/2025,09:22:36,23560,23560,150,23561.65,75,150,448650
NIFTY-III.NFO,03/04/2025,09:22:37,23560,23560.05,75,23565.75,150,0,448650
NIFTY-III.NFO,03/04/2025,09:22:39,23560,23560.05,150,23566.75,150,0,448650
NIFTY-III.NFO,03/04/2025,09:22:41,23560,23560.05,150,23566.95,75,0,448650
NIFTY-III.NFO,03/04/2025,09:22:42,23560,23560.05,150,23566.05,75,0,448650
NIFTY-III.NFO,03/04/2025,09:22:44,23565.75,23560.05,150,23566.95,75,75,448650
NIFTY-III.NFO,03/04/2025,09:22:46,23565.75,23560.05,150,23566.95,75,0,448650
NIFTY-III.NFO,03/04/2025,09:22:47,23565.75,23560,375,23566.3,75,0,448650
NIFTY-III.NFO,03/04/2025,09:22:49,23565.75,23560.05,75,23564.1,75,0,448650
NIFTY-III.NFO,03/04/2025,09:22:51,23565.75,23560,375,23565.25,150,0,448650
NIFTY-III.NFO,03/04/2025,09:22:52,23565.75,23560.05,75,23566.05,150,0,448650
NIFTY-III.NFO,03/04/2025,09:22:54,23566,23565.75,150,23566.05,150,75,448650
NIFTY-III.NFO,03/04/2025,09:22:56,23565.75,23560.05,75,23566.2,75,150,448650
NIFTY-III.NFO,03/04/2025,09:22:57,23565.75,23560.05,75,23566.75,75,0,448650
NIFTY-III.NFO,03/04/2025,09:22:59,23565.75,23560,375,23565.95,150,0,448650
NIFTY-III.NFO,03/04/2025,09:23:01,23565.75,23560.5,75,23566.95,75,0,448650
NIFTY-III.NFO,03/04/2025,09:23:02,23567.2,23560.55,150,23565.75,75,150,448650
NIFTY-III.NFO,03/04/2025,09:23:04,23565.75,23561.6,75,23570.5,75,75,448650
NIFTY-III.NFO,03/04/2025,09:23:06,23565.75,23564.6,150,23571,75,0,448650
NIFTY-III.NFO,03/04/2025,09:23:07,23565.75,23563.85,150,23571,75,0,448650
NIFTY-III.NFO,03/04/2025,09:23:09,23565.75,23561.6,75,23571,150,0,448650
NIFTY-III.NFO,03/04/2025,09:23:11,23565.75,23562.4,150,23571,150,0,448650
NIFTY-III.NFO,03/04/2025,09:23:14,23562.4,23562.45,75,23570.95,150,75,448650
NIFTY-III.NFO,03/04/2025,09:23:16,23562.4,23562.35,75,23569.1,150,0,448650
NIFTY-III.NFO,03/04/2025,09:23:19,23569.45,23562.35,75,23569.1,75,300,448650
NIFTY-III.NFO,03/04/2025,09:23:20,23569.45,23565.75,75,23568.2,75,0,448650
NIFTY-III.NFO,03/04/2025,09:23:22,23569.45,23565.75,75,23566,150,0,448650
NIFTY-III.NFO,03/04/2025,09:23:24,23569.45,23565.75,75,23566.2,75,0,448650
NIFTY-III.NFO,03/04/2025,09:23:27,23565.75,23560.5,75,23565,75,75,448650
NIFTY-III.NFO,03/04/2025,09:23:29,23566.75,23560.5,75,23565.25,150,300,448650
NIFTY-III.NFO,03/04/2025,09:23:30,23566.75,23560.5,75,23566.4,375,0,448650
NIFTY-III.NFO,03/04/2025,09:23:32,23566.75,23560.55,150,23568.35,375,0,448650
NIFTY-III.NFO,03/04/2025,09:23:34,23566.75,23560.55,150,23569.5,375,0,448650
NIFTY-III.NFO,03/04/2025,09:23:35,23566.75,23560.55,150,23569.6,300,0,448650
NIFTY-III.NFO,03/04/2025,09:23:37,23569.75,23560.55,150,23568.5,150,300,448650
NIFTY-III.NFO,03/04/2025,09:23:39,23569.75,23560.55,150,23570.5,150,0,448650
NIFTY-III.NFO,03/04/2025,09:23:40,23569.75,23560.55,150,23568.85,150,0,448650
NIFTY-III.NFO,03/04/2025,09:23:42,23560.5,23560,75,23567.15,150,75,448650
NIFTY-III.NFO,03/04/2025,09:23:44,23560.5,23560,75,23566.2,150,0,448650
NIFTY-III.NFO,03/04/2025,09:23:45,23566,23560,75,23566.5,75,300,448650
NIFTY-III.NFO,03/04/2025,09:23:47,23566,23560,75,23566,75,0,448650
NIFTY-III.NFO,03/04/2025,09:23:49,23566,23560,75,23564.15,75,0,448650
NIFTY-III.NFO,03/04/2025,09:23:52,23566,23560,75,23561.5,75,0,448650
NIFTY-III.NFO,03/04/2025,09:23:54,23560,23556,75,23558.85,75,75,448650
NIFTY-III.NFO,03/04/2025,09:23:55,23555,23550,75,23551.75,75,150,448650
NIFTY-III.NFO,03/04/2025,09:23:57,23550,23543.3,150,23553.7,300,75,448650
NIFTY-III.NFO,03/04/2025,09:23:59,23550,23549.05,75,23551.75,75,0,448650
NIFTY-III.NFO,03/04/2025,09:24:01,23550,23541.9,150,23549.05,75,0,448650
NIFTY-III.NFO,03/04/2025,09:24:02,23550,23541.5,1800,23548.25,75,0,448650
NIFTY-III.NFO,03/04/2025,09:24:04,23550,23541.65,150,23547.9,75,0,448650
NIFTY-III.NFO,03/04/2025,09:24:06,23550,23541.75,75,23548.6,75,150,448650
NIFTY-III.NFO,03/04/2025,09:24:07,23541.5,23541.5,1725,23545.2,75,75,448650
NIFTY-III.NFO,03/04/2025,09:24:09,23541.5,23535.55,75,23537.85,75,1725,448650
NIFTY-III.NFO,03/04/2025,09:24:11,23541.5,23536.8,75,23539.95,75,0,448650
NIFTY-III.NFO,03/04/2025,09:24:12,23541.5,23538.25,75,23539.95,75,0,448650
NIFTY-III.NFO,03/04/2025,09:24:14,23538.25,23536.8,75,23538.25,75,75,448650
NIFTY-III.NFO,03/04/2025,09:24:16,23538.25,23535.8,75,23538.25,75,0,448650
NIFTY-III.NFO,03/04/2025,09:24:17,23535,23536.4,75,23539.4,75,150,448650
NIFTY-III.NFO,03/04/2025,09:24:19,23537.4,23537.5,75,23539.9,75,75,448650
NIFTY-III.NFO,03/04/2025,09:24:21,23538.7,23537.6,75,23539.9,75,75,448650
NIFTY-III.NFO,03/04/2025,09:24:22,23537.4,23535,750,23539.9,150,75,448650
NIFTY-III.NFO,03/04/2025,09:24:24,23537.4,23537.75,75,23539.75,75,0,448650
NIFTY-III.NFO,03/04/2025,09:24:25,23539.9,23539.9,75,23542.7,75,75,448650
NIFTY-III.NFO,03/04/2025,09:24:27,23539.9,23540.9,150,23545,75,0,448650
NIFTY-III.NFO,03/04/2025,09:24:29,23539.9,23542.4,150,23545,75,0,448650
NIFTY-III.NFO,03/04/2025,09:24:30,23545,23544.3,75,23550,150,75,448650
NIFTY-III.NFO,03/04/2025,09:24:32,23546.5,23543.75,75,23550,75,150,448650
NIFTY-III.NFO,03/04/2025,09:24:34,23546.5,23543.75,75,23550,75,0,448650
NIFTY-III.NFO,03/04/2025,09:24:35,23546.5,23544.05,75,23550,75,0,448650
NIFTY-III.NFO,03/04/2025,09:24:37,23546.05,23544.15,75,23550,75,75,451500
NIFTY-III.NFO,03/04/2025,09:24:39,23546.05,23544.25,150,23548.75,75,0,451500
NIFTY-III.NFO,03/04/2025,09:24:40,23549.25,23544.25,150,23549.3,75,75,451500
NIFTY-III.NFO,03/04/2025,09:24:42,23549.25,23546.1,150,23550,75,0,451500
NIFTY-III.NFO,03/04/2025,09:24:44,23550,23551.65,150,23560.1,75,75,451500
NIFTY-III.NFO,03/04/2025,09:24:45,23550,23555.1,75,23562.65,75,0,451500
NIFTY-III.NFO,03/04/2025,09:24:47,23550,23555.2,150,23562.9,75,0,451500
NIFTY-III.NFO,03/04/2025,09:24:49,23550,23555.3,150,23564.45,300,0,451500
NIFTY-III.NFO,03/04/2025,09:24:50,23550,23555.3,150,23561.3,75,0,451500
NIFTY-III.NFO,03/04/2025,09:24:52,23555.3,23555.25,150,23560.15,75,150,451500
NIFTY-III.NFO,03/04/2025,09:24:54,23555.3,23555.35,75,23559.65,75,0,451500
NIFTY-III.NFO,03/04/2025,09:24:55,23555.3,23555.4,75,23557.75,75,0,451500
NIFTY-III.NFO,03/04/2025,09:24:57,23555.3,23555.5,75,23557.75,75,0,451500
NIFTY-III.NFO,03/04/2025,09:25:00,23555.3,23555.55,75,23559.95,75,0,451500
NIFTY-III.NFO,03/04/2025,09:25:02,23555.3,23555.65,75,23556.1,75,0,451500
NIFTY-III.NFO,03/04/2025,09:25:04,23556.1,23558.25,75,23568.15,75,75,451500
NIFTY-III.NFO,03/04/2025,09:25:05,23556.1,23560.4,75,23570.5,75,0,451500
NIFTY-III.NFO,03/04/2025,09:25:07,23566,23558.4,75,23565.3,150,150,451500
NIFTY-III.NFO,03/04/2025,09:25:09,23566,23556.15,75,23566.55,75,0,451500
NIFTY-III.NFO,03/04/2025,09:25:10,23566,23558.1,75,23567.75,75,0,451500
NIFTY-III.NFO,03/04/2025,09:25:12,23562.15,23558.2,150,23565.9,150,150,451500
NIFTY-III.NFO,03/04/2025,09:25:14,23565.45,23558.2,225,23565.3,300,75,451500
NIFTY-III.NFO,03/04/2025,09:25:15,23565.45,23558.2,150,23564.2,75,0,451500
NIFTY-III.NFO,03/04/2025,09:25:17,23565.45,23558.2,150,23560.65,75,0,451500
NIFTY-III.NFO,03/04/2025,09:25:19,23558.2,23558.2,75,23561.95,375,75,451500
NIFTY-III.NFO,03/04/2025,09:25:20,23561.55,23552.05,75,23561.55,75,150,451500
NIFTY-III.NFO,03/04/2025,09:25:22,23562.7,23552.6,75,23562.7,75,75,451500
NIFTY-III.NFO,03/04/2025,09:25:24,23562.7,23552.6,75,23561.45,75,0,451500
NIFTY-III.NFO,03/04/2025,09:25:25,23562.7,23552.6,75,23562.1,375,0,451500
NIFTY-III.NFO,03/04/2025,09:25:27,23562.7,23552.7,75,23562.15,450,0,451500
NIFTY-III.NFO,03/04/2025,09:25:29,23562.7,23552.85,75,23561.8,75,0,451500
NIFTY-III.NFO,03/04/2025,09:25:30,23562.7,23554.95,75,23565.05,375,0,451500
NIFTY-III.NFO,03/04/2025,09:25:32,23562.7,23554,75,23563.25,375,0,451500
NIFTY-III.NFO,03/04/2025,09:25:34,23562.7,23554.05,75,23562.7,525,0,451500
NIFTY-III.NFO,03/04/2025,09:25:35,23562.7,23554,225,23560.9,75,0,451500
NIFTY-III.NFO,03/04/2025,09:25:37,23562.7,23556.9,75,23563.15,75,0,451500
NIFTY-III.NFO,03/04/2025,09:25:39,23564,23557.75,75,23567.85,150,75,451500
NIFTY-III.NFO,03/04/2025,09:25:40,23564,23557.2,150,23564,75,0,451500
NIFTY-III.NFO,03/04/2025,09:25:42,23558,23557.35,75,23564.2,75,75,451500
NIFTY-III.NFO,03/04/2025,09:25:44,23558,23562.7,75,23563.95,75,0,451500
NIFTY-III.NFO,03/04/2025,09:25:45,23562.7,23557.3,75,23559.05,75,75,451500
NIFTY-III.NFO,03/04/2025,09:25:47,23563.4,23557.3,75,23561.2,150,75,451500
NIFTY-III.NFO,03/04/2025,09:25:49,23563.4,23557.35,75,23560.65,75,0,451500
NIFTY-III.NFO,03/04/2025,09:25:50,23563.4,23557.45,75,23562.15,75,0,451500
NIFTY-III.NFO,03/04/2025,09:25:52,23563.4,23557.4,75,23562.85,75,0,451500
NIFTY-III.NFO,03/04/2025,09:25:54,23563.4,23557.45,75,23562.85,75,0,451500
NIFTY-III.NFO,03/04/2025,09:25:55,23563.4,23558.6,75,23564.1,75,0,451500
NIFTY-III.NFO,03/04/2025,09:25:57,23563.4,23557.6,75,23566.45,375,75,451500
NIFTY-III.NFO,03/04/2025,09:25:59,23563.4,23557.6,75,23567.1,75,0,451500
NIFTY-III.NFO,03/04/2025,09:26:00,23563.4,23558.45,75,23569.1,225,0,451500
NIFTY-III.NFO,03/04/2025,09:26:02,23558.55,23558.7,75,23568.45,75,75,451500
NIFTY-III.NFO,03/04/2025,09:26:04,23558.55,23558.5,75,23564.55,75,0,451500
NIFTY-III.NFO,03/04/2025,09:26:05,23558.55,23558.5,75,23564.6,75,0,451500
NIFTY-III.NFO,03/04/2025,09:26:07,23558.55,23558.55,150,23565.2,75,0,451500
NIFTY-III.NFO,03/04/2025,09:26:09,23565.2,23558.5,75,23563.2,75,75,451500
NIFTY-III.NFO,03/04/2025,09:26:10,23565.2,23558.5,75,23562.2,75,0,451500
NIFTY-III.NFO,03/04/2025,09:26:12,23562.2,23555.05,75,23562.5,150,75,451500
NIFTY-III.NFO,03/04/2025,09:26:14,23562.2,23554.9,75,23559.05,75,0,451500
NIFTY-III.NFO,03/04/2025,09:26:17,23562.2,23556.4,75,23559.75,75,0,451500
NIFTY-III.NFO,03/04/2025,09:26:19,23562.2,23555.3,75,23563.8,75,0,451500
NIFTY-III.NFO,03/04/2025,09:26:21,23562.2,23556.25,75,23562.8,75,0,451500
NIFTY-III.NFO,03/04/2025,09:26:22,23562.2,23557.8,75,23562.75,75,0,451500
NIFTY-III.NFO,03/04/2025,09:26:24,23562.2,23558.45,225,23563.15,75,0,451500
NIFTY-III.NFO,03/04/2025,09:26:26,23563.15,23558.7,150,23568.75,150,75,451500
NIFTY-III.NFO,03/04/2025,09:26:27,23563.1,23558,75,23568.05,150,75,451500
NIFTY-III.NFO,03/04/2025,09:26:29,23563.1,23558.3,75,23566.85,75,0,451500
NIFTY-III.NFO,03/04/2025,09:26:31,23565,23557.95,75,23562,75,75,451500
NIFTY-III.NFO,03/04/2025,09:26:32,23565,23558.95,150,23565.15,75,0,451500
NIFTY-III.NFO,03/04/2025,09:26:34,23565,23560.6,150,23566.2,75,0,451500
NIFTY-III.NFO,03/04/2025,09:26:36,23565,23565,75,23570.05,75,0,451500
NIFTY-III.NFO,03/04/2025,09:26:37,23565,23564.25,150,23571,150,0,451500
NIFTY-III.NFO,03/04/2025,09:26:39,23565,23563.5,150,23571,75,75,451500
NIFTY-III.NFO,03/04/2025,09:26:41,23565,23570,300,23571,75,0,451500
NIFTY-III.NFO,03/04/2025,09:26:42,23570,23563.5,75,23571,75,300,451500
NIFTY-III.NFO,03/04/2025,09:26:44,23570,23562.45,150,23571,150,0,451500
NIFTY-III.NFO,03/04/2025,09:26:46,23570,23565.05,75,23571,75,0,451500
NIFTY-III.NFO,03/04/2025,09:26:47,23570.2,23565.2,150,23571,75,75,451500
NIFTY-III.NFO,03/04/2025,09:26:49,23570.2,23565.15,150,23571,75,0,451500
NIFTY-III.NFO,03/04/2025,09:26:51,23570.2,23565.15,75,23571,75,0,451500
NIFTY-III.NFO,03/04/2025,09:26:56,23570.2,23565.2,150,23571,75,0,451500
NIFTY-III.NFO,03/04/2025,09:26:57,23570.2,23566.15,75,23571,75,0,451500
NIFTY-III.NFO,03/04/2025,09:26:59,23570.2,23566.8,75,23571,75,0,451500
NIFTY-III.NFO,03/04/2025,09:27:00,23570.2,23565.05,75,23571,75,0,451500
NIFTY-III.NFO,03/04/2025,09:27:02,23570.2,23566.45,150,23571,75,0,451500
NIFTY-III.NFO,03/04/2025,09:27:04,23570.2,23565.1,150,23571,75,0,451500
NIFTY-III.NFO,03/04/2025,09:27:05,23570.2,23565,450,23571,75,0,451500
NIFTY-III.NFO,03/04/2025,09:27:07,23570.2,23565.5,75,23570.5,75,0,451500
NIFTY-III.NFO,03/04/2025,09:27:09,23570.2,23565.5,75,23570.95,75,0,451500
NIFTY-III.NFO,03/04/2025,09:27:10,23570.2,23565.5,75,23569.8,75,0,451500
NIFTY-III.NFO,03/04/2025,09:27:12,23570.2,23565.5,75,23567.95,75,0,451500
NIFTY-III.NFO,03/04/2025,09:27:14,23570.2,23565.5,75,23566.2,75,0,451500
NIFTY-III.NFO,03/04/2025,09:27:15,23565,23560,150,23566.15,75,375,451500
NIFTY-III.NFO,03/04/2025,09:27:17,23565,23560,150,23562.1,75,0,451500
NIFTY-III.NFO,03/04/2025,09:27:18,23565,23560,225,23566.15,75,0,451500
NIFTY-III.NFO,03/04/2025,09:27:20,23565,23560,225,23568.1,75,0,451500
NIFTY-III.NFO,03/04/2025,09:27:22,23565,23560,150,23562.7,75,0,451500
NIFTY-III.NFO,03/04/2025,09:27:23,23565,23560,225,23568.35,225,0,451500
NIFTY-III.NFO,03/04/2025,09:27:25,23565,23560,150,23565.55,75,0,451500
NIFTY-III.NFO,03/04/2025,09:27:27,23565,23560,150,23566.3,75,0,451500
NIFTY-III.NFO,03/04/2025,09:27:28,23565,23560.05,150,23569.15,150,0,451500
NIFTY-III.NFO,03/04/2025,09:27:30,23565,23561.45,75,23570.2,75,0,451500
NIFTY-III.NFO,03/04/2025,09:27:32,23565,23560.3,75,23569.55,150,0,451500
NIFTY-III.NFO,03/04/2025,09:27:33,23565,23561.3,75,23570.1,525,0,451500
NIFTY-III.NFO,03/04/2025,09:27:35,23565,23560.1,150,23569.05,150,0,451500
NIFTY-III.NFO,03/04/2025,09:27:37,23565,23560.1,75,23565.35,75,0,451500
NIFTY-III.NFO,03/04/2025,09:27:38,23565,23562.45,150,23570.2,75,0,451500
NIFTY-III.NFO,03/04/2025,09:27:40,23565,23564.2,150,23570.2,75,0,451500
NIFTY-III.NFO,03/04/2025,09:27:42,23565,23565.2,150,23570.2,75,0,451500
NIFTY-III.NFO,03/04/2025,09:27:43,23565,23565,75,23570.2,75,0,451500
NIFTY-III.NFO,03/04/2025,09:27:47,23565,23565,75,23570,75,0,451500
NIFTY-III.NFO,03/04/2025,09:27:52,23565,23562.05,75,23570,75,0,451500
NIFTY-III.NFO,03/04/2025,09:27:53,23565,23563,150,23570,75,0,451500
NIFTY-III.NFO,03/04/2025,09:27:55,23565,23565.1,75,23570,75,0,451500
NIFTY-III.NFO,03/04/2025,09:27:57,23565,23567.25,75,23570,75,0,451500
NIFTY-III.NFO,03/04/2025,09:27:58,23565,23567.05,75,23570,75,0,451500
NIFTY-III.NFO,03/04/2025,09:28:00,23565,23569.9,75,23570,75,0,451500
NIFTY-III.NFO,03/04/2025,09:28:02,23569.85,23566.7,75,23570.2,75,75,453150
NIFTY-III.NFO,03/04/2025,09:28:03,23569.85,23565.05,75,23570.2,75,0,453150
NIFTY-III.NFO,03/04/2025,09:28:07,23569.85,23565.65,75,23570.2,75,0,453150
NIFTY-III.NFO,03/04/2025,09:28:08,23569.85,23566.6,75,23570.2,75,0,453150
NIFTY-III.NFO,03/04/2025,09:28:10,23569.85,23567.1,75,23570.2,75,0,453150
NIFTY-III.NFO,03/04/2025,09:28:12,23569.85,23567.25,75,23570.2,75,0,453150
NIFTY-III.NFO,03/04/2025,09:28:13,23569.85,23565.05,75,23570,75,0,453150
NIFTY-III.NFO,03/04/2025,09:28:15,23569.85,23566.6,75,23570,75,0,453150
NIFTY-III.NFO,03/04/2025,09:28:17,23569.85,23568.55,75,23570,75,0,453150
NIFTY-III.NFO,03/04/2025,09:28:19,23570.2,23568.7,150,23571,75,150,453150
NIFTY-III.NFO,03/04/2025,09:28:20,23571,23571.8,150,23576.3,75,75,453150
NIFTY-III.NFO,03/04/2025,09:28:22,23571,23569.8,75,23576.3,75,0,453150
NIFTY-III.NFO,03/04/2025,09:28:24,23571,23571,75,23580,75,0,453150
NIFTY-III.NFO,03/04/2025,09:28:25,23571,23571.75,75,23576.3,75,0,453150
NIFTY-III.NFO,03/04/2025,09:28:27,23579.1,23571.05,150,23578.5,75,75,453150
NIFTY-III.NFO,03/04/2025,09:28:27,23579.1,23571.05,150,23578.5,75,0,453150
NIFTY-III.NFO,03/04/2025,09:28:29,23579.1,23571.05,75,23578.2,150,0,453150
NIFTY-III.NFO,03/04/2025,09:28:30,23579.1,23571.05,75,23577.6,75,0,453150
NIFTY-III.NFO,03/04/2025,09:28:32,23579.1,23571.05,150,23578.75,450,0,453150
NIFTY-III.NFO,03/04/2025,09:28:34,23579.1,23571.05,75,23578.15,75,0,453150
NIFTY-III.NFO,03/04/2025,09:28:35,23571.05,23569.3,150,23578.1,375,75,453150
NIFTY-III.NFO,03/04/2025,09:28:37,23571.05,23568.85,150,23578.25,75,0,453150
NIFTY-III.NFO,03/04/2025,09:28:39,23578.6,23568.1,150,23577.3,150,300,453150
NIFTY-III.NFO,03/04/2025,09:28:40,23578.6,23570.1,150,23578.2,225,0,453150
NIFTY-III.NFO,03/04/2025,09:28:42,23578.6,23568.35,75,23576.05,300,0,453150
NIFTY-III.NFO,03/04/2025,09:28:44,23578.6,23568.35,75,23574.35,75,0,453150
NIFTY-III.NFO,03/04/2025,09:28:45,23578.6,23567.25,75,23573.6,225,0,453150
NIFTY-III.NFO,03/04/2025,09:28:47,23578.6,23568.25,150,23576.35,150,0,453150
NIFTY-III.NFO,03/04/2025,09:28:49,23578.6,23568.25,150,23574.75,75,0,453150
NIFTY-III.NFO,03/04/2025,09:28:50,23578.6,23569.45,75,23576.05,150,0,453150
NIFTY-III.NFO,03/04/2025,09:28:52,23578.6,23569.5,150,23575.25,450,0,453150
NIFTY-III.NFO,03/04/2025,09:28:54,23578.6,23569.55,75,23575.7,75,0,453150
NIFTY-III.NFO,03/04/2025,09:28:55,23578.6,23571,75,23575.85,75,0,453150
NIFTY-III.NFO,03/04/2025,09:28:57,23578.6,23571,75,23576.25,75,0,453150
NIFTY-III.NFO,03/04/2025,09:28:59,23578,23571.4,150,23579,75,150,453150
NIFTY-III.NFO,03/04/2025,09:29:00,23578,23571.05,150,23576.25,75,0,453150
NIFTY-III.NFO,03/04/2025,09:29:02,23578.35,23571.15,75,23578.1,75,300,453150
NIFTY-III.NFO,03/04/2025,09:29:04,23578.35,23572,150,23579,75,0,453150
NIFTY-III.NFO,03/04/2025,09:29:05,23578.35,23572,75,23578,75,0,453150
NIFTY-III.NFO,03/04/2025,09:29:07,23578.35,23572,75,23577.3,75,0,453150
NIFTY-III.NFO,03/04/2025,09:29:09,23578.35,23571,75,23575.45,75,0,453150
NIFTY-III.NFO,03/04/2025,09:29:10,23578.35,23571,75,23575.3,150,0,453150
NIFTY-III.NFO,03/04/2025,09:29:12,23578.35,23571.1,75,23575.1,150,0,453150
NIFTY-III.NFO,03/04/2025,09:29:14,23578.35,23571.1,75,23573.75,375,0,453150
NIFTY-III.NFO,03/04/2025,09:29:15,23573.75,23571.1,75,23573.65,150,75,453150
NIFTY-III.NFO,03/04/2025,09:29:17,23573.75,23571.05,150,23573.85,375,0,453150
NIFTY-III.NFO,03/04/2025,09:29:19,23573.75,23566.85,150,23574.9,150,0,453150
NIFTY-III.NFO,03/04/2025,09:29:21,23573.75,23567.9,150,23574.25,75,0,453150
NIFTY-III.NFO,03/04/2025,09:29:22,23573.75,23568.15,150,23574.35,75,0,453150
NIFTY-III.NFO,03/04/2025,09:29:24,23573.75,23568.15,150,23577.85,150,0,453150
NIFTY-III.NFO,03/04/2025,09:29:26,23573.75,23567.2,75,23574.25,75,0,453150
NIFTY-III.NFO,03/04/2025,09:29:27,23573.75,23565.3,75,23574.35,375,0,453150
NIFTY-III.NFO,03/04/2025,09:29:29,23573.75,23564.85,150,23573.45,375,0,453150
NIFTY-III.NFO,03/04/2025,09:29:31,23573.75,23564.8,75,23570.25,450,0,453150
NIFTY-III.NFO,03/04/2025,09:29:32,23568.65,23564.85,75,23567.15,75,75,453150
NIFTY-III.NFO,03/04/2025,09:29:34,23564.8,23560,375,23563.5,75,150,453150
NIFTY-III.NFO,03/04/2025,09:29:36,23560,23560,300,23565.35,150,75,453150
NIFTY-III.NFO,03/04/2025,09:29:37,23560,23560,375,23567.1,150,0,453150
NIFTY-III.NFO,03/04/2025,09:29:39,23560,23561.4,75,23571.25,225,0,453150
NIFTY-III.NFO,03/04/2025,09:29:41,23560,23560.5,75,23570.15,375,0,453150
NIFTY-III.NFO,03/04/2025,09:29:42,23569.35,23561,75,23571,150,75,453150
NIFTY-III.NFO,03/04/2025,09:29:44,23569.35,23563.05,75,23572.95,375,0,453150
NIFTY-III.NFO,03/04/2025,09:29:46,23569.35,23562,75,23571.35,375,0,453150
NIFTY-III.NFO,03/04/2025,09:29:47,23569.35,23562.1,75,23570,75,0,453150
NIFTY-III.NFO,03/04/2025,09:29:49,23569.35,23562,150,23569.35,75,0,453150
NIFTY-III.NFO,03/04/2025,09:29:51,23569.35,23562.2,150,23569.35,75,0,453150
NIFTY-III.NFO,03/04/2025,09:29:52,23569.35,23564.45,75,23569.35,75,0,453150
NIFTY-III.NFO,03/04/2025,09:29:54,23569.35,23563.4,75,23569.35,75,0,453150
NIFTY-III.NFO,03/04/2025,09:29:56,23569.35,23564.4,75,23567.2,75,0,453150
NIFTY-III.NFO,03/04/2025,09:29:59,23569.35,23564.75,75,23567.2,75,0,453150
NIFTY-III.NFO,03/04/2025,09:30:01,23569.35,23564.8,75,23569,75,0,453150
NIFTY-III.NFO,03/04/2025,09:30:02,23569.35,23564.9,75,23569,75,0,453150
NIFTY-III.NFO,03/04/2025,09:30:06,23569.35,23565,75,23569,75,0,453150
NIFTY-III.NFO,03/04/2025,09:30:07,23569.35,23565.05,75,23569,75,0,453150
NIFTY-III.NFO,03/04/2025,09:30:12,23569.35,23565,75,23569,75,0,453150
NIFTY-III.NFO,03/04/2025,09:30:16,23569.35,23565.05,75,23569,75,0,453150
NIFTY-III.NFO,03/04/2025,09:30:17,23569.35,23570,75,23572,75,225,453150
NIFTY-III.NFO,03/04/2025,09:30:19,23570,23566,150,23569.2,75,75,453150
NIFTY-III.NFO,03/04/2025,09:30:21,23570,23565.05,150,23569.2,75,0,453150
NIFTY-III.NFO,03/04/2025,09:30:22,23570,23566.4,150,23569.2,75,0,453150
NIFTY-III.NFO,03/04/2025,09:30:24,23570,23566.4,75,23570.45,75,0,453150
NIFTY-III.NFO,03/04/2025,09:30:26,23570,23570,300,23571.25,75,0,453150
NIFTY-III.NFO,03/04/2025,09:30:27,23571.25,23570.05,75,23572.3,75,75,453150
NIFTY-III.NFO,03/04/2025,09:30:29,23571.25,23570.9,150,23573.6,75,0,453150
NIFTY-III.NFO,03/04/2025,09:30:31,23571.25,23574.2,75,23579,75,0,453150
NIFTY-III.NFO,03/04/2025,09:30:33,23571.25,23573.05,150,23579,75,0,453150
NIFTY-III.NFO,03/04/2025,09:30:34,23571.25,23571.7,225,23579,75,0,453150
NIFTY-III.NFO,03/04/2025,09:30:36,23571.25,23575,300,23578.65,75,0,453150
NIFTY-III.NFO,03/04/2025,09:30:38,23571.25,23575,300,23577.25,75,0,453150
NIFTY-III.NFO,03/04/2025,09:30:39,23571.25,23575,300,23578.1,75,0,453150
NIFTY-III.NFO,03/04/2025,09:30:41,23571.25,23575,300,23579,150,0,453150
NIFTY-III.NFO,03/04/2025,09:30:43,23571.25,23575,600,23577.35,75,0,453150
NIFTY-III.NFO,03/04/2025,09:30:44,23571.25,23575,600,23576.3,75,0,453150
NIFTY-III.NFO,03/04/2025,09:30:46,23571.25,23575,600,23577.3,75,0,453150
NIFTY-III.NFO,03/04/2025,09:30:48,23575,23575,525,23579,75,75,453975
NIFTY-III.NFO,03/04/2025,09:30:49,23575,23575,525,23576.25,75,0,453975
NIFTY-III.NFO,03/04/2025,09:30:51,23571.9,23570.15,150,23576.3,75,600,453975
NIFTY-III.NFO,03/04/2025,09:30:53,23575,23575,225,23578.95,75,75,453975
NIFTY-III.NFO,03/04/2025,09:30:54,23575,23575,225,23577.15,225,0,453975
NIFTY-III.NFO,03/04/2025,09:30:56,23575,23570,300,23575.05,375,225,453975
NIFTY-III.NFO,03/04/2025,09:30:58,23575,23570,300,23571.45,150,0,453975
NIFTY-III.NFO,03/04/2025,09:30:59,23575,23570,300,23571.9,75,0,453975
NIFTY-III.NFO,03/04/2025,09:31:01,23570,23560.9,75,23569.9,375,300,453975
NIFTY-III.NFO,03/04/2025,09:31:03,23570,23560.15,75,23567.5,375,0,453975
NIFTY-III.NFO,03/04/2025,09:31:04,23570,23560,300,23562.25,375,0,453975
NIFTY-III.NFO,03/04/2025,09:31:06,23570,23560,300,23565.45,375,0,453975
NIFTY-III.NFO,03/04/2025,09:31:08,23560,23560,150,23567.15,225,150,453975
NIFTY-III.NFO,03/04/2025,09:31:09,23569.05,23560.05,150,23568.8,150,75,453975
NIFTY-III.NFO,03/04/2025,09:31:11,23569.05,23560,150,23565.35,375,0,453975
NIFTY-III.NFO,03/04/2025,09:31:13,23563.65,23560,150,23564.2,150,75,453975
NIFTY-III.NFO,03/04/2025,09:31:14,23563.65,23560,150,23565.05,375,0,453975
NIFTY-III.NFO,03/04/2025,09:31:16,23563.65,23560,150,23565,75,0,453975
NIFTY-III.NFO,03/04/2025,09:31:17,23563.65,23560,150,23564.15,150,0,453975
NIFTY-III.NFO,03/04/2025,09:31:19,23563.65,23560,150,23562.2,75,0,453975
NIFTY-III.NFO,03/04/2025,09:31:20,23563.65,23560,150,23561.35,150,0,453975
NIFTY-III.NFO,03/04/2025,09:31:22,23563.65,23560,150,23562.2,75,0,453975
NIFTY-III.NFO,03/04/2025,09:31:24,23563.65,23560,150,23561.55,75,0,453975
NIFTY-III.NFO,03/04/2025,09:31:25,23563.65,23560,150,23562.45,75,0,453975
NIFTY-III.NFO,03/04/2025,09:31:27,23563.65,23560,150,23564.2,150,0,453975
NIFTY-III.NFO,03/04/2025,09:31:29,23563.65,23560,150,23564.7,150,0,453975
NIFTY-III.NFO,03/04/2025,09:31:30,23563.65,23560,150,23564.85,75,0,453975
NIFTY-III.NFO,03/04/2025,09:31:32,23560,23560,75,23563.9,75,75,453975
NIFTY-III.NFO,03/04/2025,09:31:34,23560,23560.05,75,23565,75,0,453975
NIFTY-III.NFO,03/04/2025,09:31:37,23560.05,23560.05,75,23565,75,75,453975
NIFTY-III.NFO,03/04/2025,09:31:40,23560.05,23560.05,75,23565,75,0,453975
NIFTY-III.NFO,03/04/2025,09:31:42,23560.05,23560.05,150,23565,75,0,453975
NIFTY-III.NFO,03/04/2025,09:31:44,23560.05,23560.9,75,23565,75,0,453975
NIFTY-III.NFO,03/04/2025,09:31:45,23560.05,23560.05,75,23565,75,0,453975
NIFTY-III.NFO,03/04/2025,09:31:47,23560.05,23560.1,75,23565,75,0,453975
NIFTY-III.NFO,03/04/2025,09:31:54,23560.05,23560.1,150,23565,75,0,453975
NIFTY-III.NFO,03/04/2025,09:31:57,23560.05,23560.1,75,23565,75,0,453975
NIFTY-III.NFO,03/04/2025,09:31:59,23560.05,23560.05,75,23565,75,0,453975
NIFTY-III.NFO,03/04/2025,09:32:00,23560.05,23560,75,23564.8,150,0,453975
NIFTY-III.NFO,03/04/2025,09:32:02,23560.05,23560,75,23565,75,0,453975
NIFTY-III.NFO,03/04/2025,09:32:04,23560.05,23560.05,150,23565,75,0,453975
NIFTY-III.NFO,03/04/2025,09:32:05,23560.05,23560.05,150,23563.75,75,0,453975
NIFTY-III.NFO,03/04/2025,09:32:07,23560.05,23560.05,150,23563.9,75,0,453975
NIFTY-III.NFO,03/04/2025,09:32:09,23560.05,23560.05,150,23562.25,75,0,453975
NIFTY-III.NFO,03/04/2025,09:32:10,23560.05,23560.05,150,23560.9,150,0,453975
NIFTY-III.NFO,03/04/2025,09:32:12,23560,23555,75,23559.2,75,225,453975
NIFTY-III.NFO,03/04/2025,09:32:14,23560,23555,75,23557.75,75,0,453975
NIFTY-III.NFO,03/04/2025,09:32:15,23560,23555,75,23556.25,75,0,453975
NIFTY-III.NFO,03/04/2025,09:32:17,23555,23550,150,23556.2,75,75,453975
NIFTY-III.NFO,03/04/2025,09:32:19,23555,23550,150,23555.6,75,0,453975
NIFTY-III.NFO,03/04/2025,09:32:20,23555,23550,150,23555.45,75,0,453975
NIFTY-III.NFO,03/04/2025,09:32:22,23555,23550,150,23554.8,75,0,453975
NIFTY-III.NFO,03/04/2025,09:32:24,23555,23550,150,23556.1,75,0,453975
NIFTY-III.NFO,03/04/2025,09:32:25,23555,23550.05,75,23559,75,0,453975
NIFTY-III.NFO,03/04/2025,09:32:27,23550.4,23555,75,23558.65,75,75,453975
NIFTY-III.NFO,03/04/2025,09:32:29,23555,23550.05,75,23557.6,75,75,453975
NIFTY-III.NFO,03/04/2025,09:32:30,23555,23550,150,23555.75,75,0,453975
NIFTY-III.NFO,03/04/2025,09:32:32,23555,23550,150,23554.95,75,0,453975
NIFTY-III.NFO,03/04/2025,09:32:34,23555,23550,225,23556.95,75,0,453975
NIFTY-III.NFO,03/04/2025,09:32:35,23555,23550.05,150,23558,75,0,453975
NIFTY-III.NFO,03/04/2025,09:32:37,23555,23550.1,75,23557.95,75,0,453975
NIFTY-III.NFO,03/04/2025,09:32:39,23555,23550.1,75,23559,75,0,453975
NIFTY-III.NFO,03/04/2025,09:32:40,23550.1,23550.1,75,23558.85,375,75,453975
NIFTY-III.NFO,03/04/2025,09:32:42,23550.1,23551,375,23556.3,75,0,453975
NIFTY-III.NFO,03/04/2025,09:32:44,23555.55,23551,375,23555.6,150,300,453975
NIFTY-III.NFO,03/04/2025,09:32:46,23555.55,23551,375,23556.35,150,0,453975
NIFTY-III.NFO,03/04/2025,09:32:47,23555.55,23551,375,23557.1,150,0,453975
NIFTY-III.NFO,03/04/2025,09:32:49,23555.55,23551.05,75,23557.1,150,0,453975
NIFTY-III.NFO,03/04/2025,09:32:51,23557.1,23551.05,75,23557.5,75,75,453975
NIFTY-III.NFO,03/04/2025,09:32:52,23557.1,23551,375,23557.5,75,0,453975
NIFTY-III.NFO,03/04/2025,09:32:54,23557.1,23551,375,23556.4,75,0,453975
NIFTY-III.NFO,03/04/2025,09:32:56,23557.1,23551,375,23556.65,75,0,453975
NIFTY-III.NFO,03/04/2025,09:32:57,23556.65,23557.1,75,23558,375,75,453975
NIFTY-III.NFO,03/04/2025,09:32:59,23557.1,23551,375,23556.45,75,75,453975
NIFTY-III.NFO,03/04/2025,09:33:01,23557.1,23551,375,23552.45,75,0,453975
NIFTY-III.NFO,03/04/2025,09:33:02,23550,23544.35,75,23549.85,75,525,453975
NIFTY-III.NFO,03/04/2025,09:33:04,23550,23544.35,75,23549.65,75,0,453975
NIFTY-III.NFO,03/04/2025,09:33:06,23550,23544.35,75,23548.1,75,0,453975
NIFTY-III.NFO,03/04/2025,09:33:07,23550,23543,300,23547.2,75,0,453975
NIFTY-III.NFO,03/04/2025,09:33:09,23550,23543,375,23549.1,75,0,453975
NIFTY-III.NFO,03/04/2025,09:33:11,23550,23543,300,23545.4,75,0,453975
NIFTY-III.NFO,03/04/2025,09:33:12,23546.45,23543,300,23547.2,75,75,453975
NIFTY-III.NFO,03/04/2025,09:33:14,23546.45,23545.9,75,23546.8,75,0,453975
NIFTY-III.NFO,03/04/2025,09:33:16,23545.9,23543,300,23545.75,75,75,453975
NIFTY-III.NFO,03/04/2025,09:33:17,23545.9,23543,300,23548.35,375,0,453975
NIFTY-III.NFO,03/04/2025,09:33:19,23545.9,23543,375,23549.6,225,0,453975
NIFTY-III.NFO,03/04/2025,09:33:21,23545.9,23543,300,23546.65,75,0,453975
NIFTY-III.NFO,03/04/2025,09:33:22,23545.9,23543,300,23547.45,150,75,453975
NIFTY-III.NFO,03/04/2025,09:33:24,23545.9,23543.05,75,23548.55,375,0,453975
NIFTY-III.NFO,03/04/2025,09:33:26,23545.9,23543.05,150,23550.7,375,0,453975
NIFTY-III.NFO,03/04/2025,09:33:27,23545.9,23543.05,150,23550.4,375,0,453975
NIFTY-III.NFO,03/04/2025,09:33:29,23550,23543.1,75,23549.8,375,225,453975
NIFTY-III.NFO,03/04/2025,09:33:31,23550,23543.1,75,23550,300,0,453975
NIFTY-III.NFO,03/04/2025,09:33:32,23550,23544.25,75,23550,300,0,453975
NIFTY-III.NFO,03/04/2025,09:33:34,23550,23544.25,75,23552.05,150,300,453975
NIFTY-III.NFO,03/04/2025,09:33:36,23550,23544.85,75,23555.55,150,0,453975
NIFTY-III.NFO,03/04/2025,09:33:37,23550,23548.6,75,23557.8,150,0,453975
NIFTY-III.NFO,03/04/2025,09:33:39,23550,23548.9,75,23557.6,150,0,453975
NIFTY-III.NFO,03/04/2025,09:33:41,23550,23549.05,150,23558.4,150,0,453975
NIFTY-III.NFO,03/04/2025,09:33:42,23550,23551.05,75,23560,150,0,453975
NIFTY-III.NFO,03/04/2025,09:33:44,23550,23555,300,23557.3,150,0,453975
NIFTY-III.NFO,03/04/2025,09:33:46,23555,23546.4,75,23554.15,150,300,454125
NIFTY-III.NFO,03/04/2025,09:33:47,23555,23546.8,75,23555.6,150,0,454125
NIFTY-III.NFO,03/04/2025,09:33:49,23555,23546.8,75,23554,150,0,454125
NIFTY-III.NFO,03/04/2025,09:33:51,23555,23545.45,75,23554,150,0,454125
NIFTY-III.NFO,03/04/2025,09:33:52,23555,23545.45,75,23554.8,150,0,454125
NIFTY-III.NFO,03/04/2025,09:33:54,23555,23547.95,75,23556.75,150,0,454125
NIFTY-III.NFO,03/04/2025,09:33:56,23555,23551.6,75,23559.85,150,0,454125
NIFTY-III.NFO,03/04/2025,09:33:57,23555,23551.05,75,23559.05,150,0,454125
NIFTY-III.NFO,03/04/2025,09:33:59,23555,23551.25,150,23559.8,150,0,454125
NIFTY-III.NFO,03/04/2025,09:34:01,23555,23551.75,75,23559.8,150,0,454125
NIFTY-III.NFO,03/04/2025,09:34:02,23555,23551.95,150,23560.55,150,0,454125
NIFTY-III.NFO,03/04/2025,09:34:04,23555,23552.55,75,23560.75,150,0,454125
NIFTY-III.NFO,03/04/2025,09:34:06,23555,23554,75,23563.5,150,0,454125
NIFTY-III.NFO,03/04/2025,09:34:07,23555,23556.25,150,23566.9,150,0,454125
NIFTY-III.NFO,03/04/2025,09:34:09,23558.5,23558.3,75,23568,75,450,454125
NIFTY-III.NFO,03/04/2025,09:34:11,23558.5,23559.35,75,23568.85,150,0,454125
NIFTY-III.NFO,03/04/2025,09:34:12,23558.5,23563.5,75,23572.05,150,0,454125
NIFTY-III.NFO,03/04/2025,09:34:14,23558.5,23562.6,75,23572,75,0,454125
NIFTY-III.NFO,03/04/2025,09:34:16,23558.5,23563.35,75,23575.45,75,0,454125
NIFTY-III.NFO,03/04/2025,09:34:17,23558.5,23566.95,150,23575.55,75,0,454125
NIFTY-III.NFO,03/04/2025,09:34:19,23558.5,23569.05,75,23575.95,150,0,454125
NIFTY-III.NFO,03/04/2025,09:34:21,23558.5,23569.45,75,23575.95,150,0,454125
NIFTY-III.NFO,03/04/2025,09:34:22,23558.5,23571.05,150,23575.95,150,0,454125
NIFTY-III.NFO,03/04/2025,09:34:24,23558.5,23570,150,23575.95,150,0,454125
NIFTY-III.NFO,03/04/2025,09:34:26,23575.95,23572.5,150,23580,75,150,454125
NIFTY-III.NFO,03/04/2025,09:34:27,23575.95,23570.75,75,23579.5,75,0,454125
NIFTY-III.NFO,03/04/2025,09:34:29,23575.95,23569.7,75,23578.85,75,0,454125
NIFTY-III.NFO,03/04/2025,09:34:31,23575.95,23570.2,75,23579.55,75,0,454125
NIFTY-III.NFO,03/04/2025,09:34:32,23575.95,23571.2,150,23580,75,0,454125
NIFTY-III.NFO,03/04/2025,09:34:34,23575.95,23572.2,75,23580,75,0,454125
NIFTY-III.NFO,03/04/2025,09:34:36,23575.95,23571.25,75,23579.95,75,0,454125
NIFTY-III.NFO,03/04/2025,09:34:41,23575.95,23573.05,75,23580,75,0,454125
NIFTY-III.NFO,03/04/2025,09:34:42,23575.95,23574.7,150,23580,75,0,454125
NIFTY-III.NFO,03/04/2025,09:34:44,23575.95,23574.15,150,23580,75,0,454125
NIFTY-III.NFO,03/04/2025,09:34:46,23575.95,23572.25,75,23580,75,0,454125
NIFTY-III.NFO,03/04/2025,09:34:47,23575.95,23574.15,75,23580,75,0,454125
NIFTY-III.NFO,03/04/2025,09:34:49,23575.95,23577.35,150,23580,75,0,454125
NIFTY-III.NFO,03/04/2025,09:34:51,23580,23578.9,75,23583.65,75,75,454125
NIFTY-III.NFO,03/04/2025,09:34:51,23580,23578.9,75,23583.65,75,0,454125
NIFTY-III.NFO,03/04/2025,09:34:52,23580,23577.4,75,23583.65,75,0,454125
NIFTY-III.NFO,03/04/2025,09:34:54,23580,23579.05,150,23583.65,75,0,454125
NIFTY-III.NFO,03/04/2025,09:34:56,23580,23580.65,75,23583.65,75,0,454125
NIFTY-III.NFO,03/04/2025,09:34:57,23580,23578.8,75,23583.65,75,0,454125
NIFTY-III.NFO,03/04/2025,09:34:59,23580,23577.9,75,23583.65,75,0,454125
NIFTY-III.NFO,03/04/2025,09:35:01,23580,23577.25,150,23583.65,75,0,454125
NIFTY-III.NFO,03/04/2025,09:35:02,23580,23580.5,150,23583.65,75,0,454125
NIFTY-III.NFO,03/04/2025,09:35:04,23583.65,23583.1,75,23594.2,75,75,454125
NIFTY-III.NFO,03/04/2025,09:35:04,23583.65,23583.1,75,23594.2,75,0,454125
NIFTY-III.NFO,03/04/2025,09:35:06,23583.65,23587.4,75,23596,75,0,454125
NIFTY-III.NFO,03/04/2025,09:35:08,23583.65,23587.3,150,23595.95,75,0,454125
NIFTY-III.NFO,03/04/2025,09:35:09,23587.3,23583.35,225,23594.1,75,75,454125
NIFTY-III.NFO,03/04/2025,09:35:09,23587.3,23583.35,225,23594.1,75,0,454125
NIFTY-III.NFO,03/04/2025,09:35:11,23587.3,23585.4,75,23595.05,75,0,454125
NIFTY-III.NFO,03/04/2025,09:35:13,23587.3,23583.5,75,23594,75,0,454125
NIFTY-III.NFO,03/04/2025,09:35:14,23587.3,23582.4,150,23593.2,75,0,454125
NIFTY-III.NFO,03/04/2025,09:35:16,23587.3,23583.3,225,23594.2,75,0,454125
NIFTY-III.NFO,03/04/2025,09:35:18,23587.3,23586.15,225,23595.95,75,0,454125
NIFTY-III.NFO,03/04/2025,09:35:19,23587.3,23590,75,23594.25,75,0,454125
NIFTY-III.NFO,03/04/2025,09:35:21,23587.3,23590,75,23594.2,75,0,454125
NIFTY-III.NFO,03/04/2025,09:35:23,23587.3,23590,75,23593.4,75,0,454125
NIFTY-III.NFO,03/04/2025,09:35:24,23587.3,23590,75,23593.35,75,0,454125
NIFTY-III.NFO,03/04/2025,09:35:26,23587.3,23590,75,23592.5,75,0,454125
NIFTY-III.NFO,03/04/2025,09:35:28,23587.3,23590,75,23591.65,75,0,454125
NIFTY-III.NFO,03/04/2025,09:35:29,23590,23581.25,150,23589.85,75,75,454125
NIFTY-III.NFO,03/04/2025,09:35:29,23590,23581.25,150,23589.85,75,0,454125
NIFTY-III.NFO,03/04/2025,09:35:31,23590,23581.25,75,23589.05,75,0,454125
NIFTY-III.NFO,03/04/2025,09:35:33,23590,23580,75,23586.65,75,0,454125
NIFTY-III.NFO,03/04/2025,09:35:34,23590,23580,75,23587.65,75,0,454125
NIFTY-III.NFO,03/04/2025,09:35:36,23580,23580,75,23590.1,75,75,454125
NIFTY-III.NFO,03/04/2025,09:35:38,23580,23579.75,150,23588.6,75,0,454125
NIFTY-III.NFO,03/04/2025,09:35:41,23587,23578.85,75,23586.9,75,225,454125
NIFTY-III.NFO,03/04/2025,09:35:43,23587,23578.9,150,23588.65,75,0,454125
NIFTY-III.NFO,03/04/2025,09:35:44,23587,23578.9,150,23587.85,75,0,454125
NIFTY-III.NFO,03/04/2025,09:35:46,23587,23578.25,75,23586.95,75,0,454125
NIFTY-III.NFO,03/04/2025,09:35:48,23587,23579.8,75,23590.25,75,0,454125
NIFTY-III.NFO,03/04/2025,09:35:49,23587,23579.75,75,23588.55,75,0,454125
NIFTY-III.NFO,03/04/2025,09:35:51,23587,23579,150,23587.65,75,0,454125
NIFTY-III.NFO,03/04/2025,09:35:53,23587,23579,150,23586.8,75,0,454125
NIFTY-III.NFO,03/04/2025,09:35:54,23587,23579,150,23587.4,75,0,454125
NIFTY-III.NFO,03/04/2025,09:35:56,23587,23578.95,75,23585.9,75,0,454125
NIFTY-III.NFO,03/04/2025,09:35:58,23587,23578.95,75,23584.1,75,0,454125
NIFTY-III.NFO,03/04/2025,09:35:59,23587,23578.95,75,23583.25,75,0,454125
NIFTY-III.NFO,03/04/2025,09:36:01,23587,23571.7,75,23578.4,75,0,454125
NIFTY-III.NFO,03/04/2025,09:36:03,23587,23572.05,150,23581.05,75,0,454125
NIFTY-III.NFO,03/04/2025,09:36:04,23587,23571.95,75,23580.2,75,0,454125
NIFTY-III.NFO,03/04/2025,09:36:06,23587,23571.9,150,23579.95,450,0,454125
NIFTY-III.NFO,03/04/2025,09:36:08,23587,23573.5,75,23584.5,75,0,454125
NIFTY-III.NFO,03/04/2025,09:36:09,23587,23574.6,75,23583.7,75,0,454125
NIFTY-III.NFO,03/04/2025,09:36:11,23587,23575.25,75,23583.8,75,0,454125
NIFTY-III.NFO,03/04/2025,09:36:13,23587,23576,75,23585.45,75,0,454125
NIFTY-III.NFO,03/04/2025,09:36:14,23587,23576,75,23586.4,75,0,454125
NIFTY-III.NFO,03/04/2025,09:36:16,23587,23576.35,75,23585.55,75,0,454125
NIFTY-III.NFO,03/04/2025,09:36:18,23587,23580.25,150,23587,75,0,454125
NIFTY-III.NFO,03/04/2025,09:36:19,23587,23578.25,150,23586.95,75,0,454125
NIFTY-III.NFO,03/04/2025,09:36:21,23587,23578.3,75,23586.95,75,0,454125
NIFTY-III.NFO,03/04/2025,09:36:23,23587,23575.25,75,23584.45,75,0,454125
NIFTY-III.NFO,03/04/2025,09:36:24,23587,23572.25,150,23580.2,225,0,454125
NIFTY-III.NFO,03/04/2025,09:36:26,23587,23572.4,150,23580.9,75,0,454125
NIFTY-III.NFO,03/04/2025,09:36:28,23587,23573.45,75,23582,75,0,454125
NIFTY-III.NFO,03/04/2025,09:36:29,23587,23575.75,75,23584.35,75,0,454125
NIFTY-III.NFO,03/04/2025,09:36:31,23587,23575.15,150,23584.25,75,0,454125
NIFTY-III.NFO,03/04/2025,09:36:33,23587,23576.6,75,23586.75,75,0,454125
NIFTY-III.NFO,03/04/2025,09:36:34,23587,23578,75,23586.85,75,0,454125
NIFTY-III.NFO,03/04/2025,09:36:36,23587,23576.9,75,23586,75,0,454125
NIFTY-III.NFO,03/04/2025,09:36:38,23587,23575.25,150,23583.6,225,0,454125
NIFTY-III.NFO,03/04/2025,09:36:39,23587,23576.25,150,23585.4,225,0,454125
NIFTY-III.NFO,03/04/2025,09:36:41,23587,23577,150,23586.2,300,0,454125
NIFTY-III.NFO,03/04/2025,09:36:43,23587,23577.9,150,23586.95,75,0,454125
NIFTY-III.NFO,03/04/2025,09:36:44,23587,23576.3,150,23585.25,75,0,454125
NIFTY-III.NFO,03/04/2025,09:36:46,23587,23575.6,150,23584.95,75,0,454125
NIFTY-III.NFO,03/04/2025,09:36:48,23587,23578.2,150,23585,225,0,454125
NIFTY-III.NFO,03/04/2025,09:36:49,23587,23577,150,23585,225,0,454125
NIFTY-III.NFO,03/04/2025,09:36:51,23587,23578.95,150,23585,225,0,454125
NIFTY-III.NFO,03/04/2025,09:36:53,23587,23579,150,23585,225,0,454125
NIFTY-III.NFO,03/04/2025,09:36:54,23587,23576.85,150,23585,225,0,454125
NIFTY-III.NFO,03/04/2025,09:36:56,23587,23579.15,150,23585,225,0,454125
NIFTY-III.NFO,03/04/2025,09:36:58,23587,23580.75,150,23585,225,0,454125
NIFTY-III.NFO,03/04/2025,09:36:59,23587,23580.4,150,23585,225,0,454125
NIFTY-III.NFO,03/04/2025,09:37:01,23587,23582.45,75,23585,225,0,454125
NIFTY-III.NFO,03/04/2025,09:37:03,23587,23582.05,75,23585,225,0,454125
NIFTY-III.NFO,03/04/2025,09:37:04,23587,23580.2,75,23585,225,0,454125
NIFTY-III.NFO,03/04/2025,09:37:06,23587,23579.5,75,23585,225,0,454125
NIFTY-III.NFO,03/04/2025,09:37:08,23587,23578.9,300,23585,225,0,454125
NIFTY-III.NFO,03/04/2025,09:37:09,23587,23580,75,23585,225,0,454125
NIFTY-III.NFO,03/04/2025,09:37:11,23587,23575.5,75,23583.85,75,0,454125
NIFTY-III.NFO,03/04/2025,09:37:13,23587,23574.55,150,23583.55,75,0,454125
NIFTY-III.NFO,03/04/2025,09:37:14,23587,23576,150,23584.95,75,0,454125
NIFTY-III.NFO,03/04/2025,09:37:18,23585,23579.75,150,23586.95,75,300,453750
NIFTY-III.NFO,03/04/2025,09:37:19,23585,23576.25,75,23585.45,75,0,453750
NIFTY-III.NFO,03/04/2025,09:37:21,23585,23575.4,75,23584.25,75,0,453750
NIFTY-III.NFO,03/04/2025,09:37:23,23585,23574.9,75,23583.8,75,0,453750
NIFTY-III.NFO,03/04/2025,09:37:24,23585,23574.75,75,23584.4,75,0,453750
NIFTY-III.NFO,03/04/2025,09:37:26,23585,23574.75,75,23582.8,75,0,453750
NIFTY-III.NFO,03/04/2025,09:37:28,23585,23574.8,75,23583.65,450,0,453750
NIFTY-III.NFO,03/04/2025,09:37:29,23585,23576.2,150,23585.65,75,0,453750
NIFTY-III.NFO,03/04/2025,09:37:31,23585,23574.3,75,23583.6,75,0,453750
NIFTY-III.NFO,03/04/2025,09:37:33,23585,23574.5,150,23583.55,75,0,453750
NIFTY-III.NFO,03/04/2025,09:37:34,23585,23574.05,75,23579.9,75,0,453750
NIFTY-III.NFO,03/04/2025,09:37:36,23585,23575.55,75,23579.2,75,0,453750
NIFTY-III.NFO,03/04/2025,09:37:38,23585,23575.55,75,23576.85,75,0,453750
NIFTY-III.NFO,03/04/2025,09:37:39,23585,23575.55,75,23578.15,75,0,453750
NIFTY-III.NFO,03/04/2025,09:37:41,23585,23575.55,75,23577.05,300,0,453750
NIFTY-III.NFO,03/04/2025,09:37:43,23575.55,23569.45,75,23576.4,75,75,453750
NIFTY-III.NFO,03/04/2025,09:37:44,23575.55,23569.45,75,23576.4,75,0,453750
NIFTY-III.NFO,03/04/2025,09:37:46,23575.55,23571.55,75,23578.25,75,0,453750
NIFTY-III.NFO,03/04/2025,09:37:48,23575.55,23571.55,75,23579.25,75,0,453750
NIFTY-III.NFO,03/04/2025,09:37:49,23575.55,23571.55,75,23576.35,75,0,453750
NIFTY-III.NFO,03/04/2025,09:37:51,23575.55,23571.55,75,23578.75,75,0,453750
NIFTY-III.NFO,03/04/2025,09:37:53,23575.55,23572.05,75,23582.1,75,0,453750
NIFTY-III.NFO,03/04/2025,09:37:54,23575.55,23572.4,150,23581.25,75,0,453750
NIFTY-III.NFO,03/04/2025,09:37:56,23575.55,23572.95,75,23582.1,75,0,453750
NIFTY-III.NFO,03/04/2025,09:37:58,23575.55,23573.6,75,23582.5,75,0,453750
NIFTY-III.NFO,03/04/2025,09:37:59,23575.55,23572.85,75,23582.3,75,0,453750
NIFTY-III.NFO,03/04/2025,09:38:01,23575.55,23573.45,75,23581.65,75,0,453750
NIFTY-III.NFO,03/04/2025,09:38:03,23580.65,23572.05,75,23580.65,75,150,453750
NIFTY-III.NFO,03/04/2025,09:38:04,23580.65,23570.8,75,23577.75,75,0,453750
NIFTY-III.NFO,03/04/2025,09:38:06,23580.65,23570.8,75,23577.95,75,0,453750
NIFTY-III.NFO,03/04/2025,09:38:08,23580.65,23570.8,75,23577.9,75,0,453750
NIFTY-III.NFO,03/04/2025,09:38:09,23580.65,23570.8,75,23577.85,75,0,453750
NIFTY-III.NFO,03/04/2025,09:38:11,23580.65,23570.8,75,23577.15,75,0,453750
NIFTY-III.NFO,03/04/2025,09:38:13,23580.65,23570.8,75,23573.5,75,0,453750
NIFTY-III.NFO,03/04/2025,09:38:14,23571.85,23565.05,75,23571.05,75,75,453750
NIFTY-III.NFO,03/04/2025,09:38:16,23571.85,23565.05,75,23568.75,75,0,453750
NIFTY-III.NFO,03/04/2025,09:38:18,23571.85,23565.05,75,23571.4,75,0,453750
NIFTY-III.NFO,03/04/2025,09:38:19,23571.85,23562.1,75,23571.05,75,0,453750
NIFTY-III.NFO,03/04/2025,09:38:21,23571.85,23560.7,75,23569.4,75,0,453750
NIFTY-III.NFO,03/04/2025,09:38:23,23571.85,23560.25,75,23563.4,75,0,453750
NIFTY-III.NFO,03/04/2025,09:38:26,23571.85,23559.4,75,23563.4,75,0,453750
NIFTY-III.NFO,03/04/2025,09:38:28,23571.85,23559.9,75,23563.4,75,0,453750
NIFTY-III.NFO,03/04/2025,09:38:29,23571.85,23558.05,150,23563.4,75,0,453750
NIFTY-III.NFO,03/04/2025,09:38:33,23571.85,23558,75,23563.4,75,0,453750
NIFTY-III.NFO,03/04/2025,09:38:34,23571.85,23558.05,150,23563.4,75,0,453750
NIFTY-III.NFO,03/04/2025,09:38:36,23558.5,23558,75,23563.9,75,75,453750
NIFTY-III.NFO,03/04/2025,09:38:38,23558.5,23558.05,150,23567.65,75,0,453750
NIFTY-III.NFO,03/04/2025,09:38:39,23558.5,23558.1,75,23566.9,75,0,453750
NIFTY-III.NFO,03/04/2025,09:38:41,23558.5,23558,150,23566.1,75,0,453750
NIFTY-III.NFO,03/04/2025,09:38:43,23558.5,23558,75,23564.5,75,0,453750
NIFTY-III.NFO,03/04/2025,09:38:44,23558.5,23558.05,150,23566.95,75,0,453750
NIFTY-III.NFO,03/04/2025,09:38:46,23558.5,23559.5,75,23568.45,75,0,453750
NIFTY-III.NFO,03/04/2025,09:38:48,23558.5,23558.6,75,23568.4,75,0,453750
NIFTY-III.NFO,03/04/2025,09:38:49,23558.5,23558.35,75,23566.95,75,0,453750
NIFTY-III.NFO,03/04/2025,09:38:51,23558.5,23558.05,150,23566.15,75,0,453750
NIFTY-III.NFO,03/04/2025,09:38:54,23558.5,23558.05,150,23566.85,75,75,453750
NIFTY-III.NFO,03/04/2025,09:38:56,23558.5,23559,75,23569.05,75,0,453750
NIFTY-III.NFO,03/04/2025,09:38:58,23558.5,23559,75,23569,75,0,453750
NIFTY-III.NFO,03/04/2025,09:38:59,23558.5,23559.2,225,23569.05,75,0,453750
NIFTY-III.NFO,03/04/2025,09:39:01,23558.5,23562.75,75,23572,75,0,453750
NIFTY-III.NFO,03/04/2025,09:39:03,23558.5,23559.65,75,23568.65,75,0,453750
NIFTY-III.NFO,03/04/2025,09:39:04,23558.5,23560,75,23570.3,75,0,453750
NIFTY-III.NFO,03/04/2025,09:39:06,23558.5,23560.75,75,23571,75,0,453750
NIFTY-III.NFO,03/04/2025,09:39:08,23558.5,23560.75,75,23569.4,75,0,453750
NIFTY-III.NFO,03/04/2025,09:39:09,23558.5,23560.15,75,23569.45,75,0,453750
NIFTY-III.NFO,03/04/2025,09:39:11,23558.5,23559.1,150,23567,75,0,453750
NIFTY-III.NFO,03/04/2025,09:39:13,23558.5,23558.1,150,23567,75,0,453750
NIFTY-III.NFO,03/04/2025,09:39:14,23558.5,23561.2,75,23570.3,75,0,453750
NIFTY-III.NFO,03/04/2025,09:39:16,23558.5,23560.2,75,23569.35,75,0,453750
NIFTY-III.NFO,03/04/2025,09:39:18,23569.35,23559.9,75,23569.95,75,300,453750
NIFTY-III.NFO,03/04/2025,09:39:19,23569.35,23559.9,75,23569.3,75,0,453750
NIFTY-III.NFO,03/04/2025,09:39:21,23569.35,23559.5,75,23569.25,75,0,453750
NIFTY-III.NFO,03/04/2025,09:39:23,23569.35,23561.35,75,23571.55,75,0,453750
NIFTY-III.NFO,03/04/2025,09:39:24,23569.35,23561.35,75,23571.5,75,0,453750
NIFTY-III.NFO,03/04/2025,09:39:26,23569.35,23563.65,75,23573.8,75,0,453750
NIFTY-III.NFO,03/04/2025,09:39:28,23569.35,23563.65,75,23573.3,75,0,453750
NIFTY-III.NFO,03/04/2025,09:39:29,23569.35,23563.65,75,23573.9,75,0,453750
NIFTY-III.NFO,03/04/2025,09:39:31,23569.35,23565.2,75,23577.5,75,0,453750
NIFTY-III.NFO,03/04/2025,09:39:33,23569.35,23566.75,75,23578.45,75,0,453750
NIFTY-III.NFO,03/04/2025,09:39:34,23569.35,23567.35,75,23577.8,75,0,453750
NIFTY-III.NFO,03/04/2025,09:39:36,23569.35,23565.7,75,23576.5,75,0,453750
NIFTY-III.NFO,03/04/2025,09:39:38,23569.35,23565.25,150,23573.7,75,0,453750
NIFTY-III.NFO,03/04/2025,09:39:39,23569.35,23566.6,75,23575.75,75,0,453750
NIFTY-III.NFO,03/04/2025,09:39:41,23566.35,23566.1,75,23574.85,150,375,454500
NIFTY-III.NFO,03/04/2025,09:39:43,23566.35,23566.55,150,23574.2,75,0,454500
NIFTY-III.NFO,03/04/2025,09:39:44,23566.35,23566.55,150,23576.15,525,0,454500
NIFTY-III.NFO,03/04/2025,09:39:46,23566.35,23566.95,150,23576.1,150,0,454500
NIFTY-III.NFO,03/04/2025,09:39:48,23566.35,23567.6,75,23577.6,150,0,454500
NIFTY-III.NFO,03/04/2025,09:39:49,23566.35,23567.45,150,23576.55,150,0,454500
NIFTY-III.NFO,03/04/2025,09:39:51,23566.35,23568.4,75,23578.2,150,0,454500
NIFTY-III.NFO,03/04/2025,09:39:53,23566.35,23569.85,75,23579.6,150,0,454500
NIFTY-III.NFO,03/04/2025,09:39:54,23566.35,23570.65,75,23580.9,75,0,454500
NIFTY-III.NFO,03/04/2025,09:39:56,23566.35,23572,150,23581.1,150,0,454500
NIFTY-III.NFO,03/04/2025,09:39:58,23566.35,23569.35,75,23579.05,150,0,454500
NIFTY-III.NFO,03/04/2025,09:39:59,23566.35,23568.05,150,23576.55,75,0,454500
NIFTY-III.NFO,03/04/2025,09:40:01,23566.35,23567.25,75,23576.55,150,0,454500
NIFTY-III.NFO,03/04/2025,09:40:03,23566.35,23566.9,75,23576.2,150,0,454500
NIFTY-III.NFO,03/04/2025,09:40:04,23566.35,23567.6,150,23577.25,150,0,454500
NIFTY-III.NFO,03/04/2025,09:40:06,23566.35,23571.4,75,23581.45,150,0,454500
NIFTY-III.NFO,03/04/2025,09:40:08,23566.35,23570.5,75,23579.65,150,0,454500
NIFTY-III.NFO,03/04/2025,09:40:09,23566.35,23567.9,75,23577.4,150,0,454500
NIFTY-III.NFO,03/04/2025,09:40:11,23566.35,23567.9,75,23577.7,150,0,454500
NIFTY-III.NFO,03/04/2025,09:40:13,23566.35,23568.9,75,23579.6,75,0,454500
NIFTY-III.NFO,03/04/2025,09:40:14,23566.35,23568.9,75,23579.05,150,0,454500
NIFTY-III.NFO,03/04/2025,09:40:16,23566.35,23567.9,75,23577.1,150,0,454500
NIFTY-III.NFO,03/04/2025,09:40:18,23566.35,23567.15,150,23575.15,75,0,454500
NIFTY-III.NFO,03/04/2025,09:40:20,23566.35,23567.45,150,23576.5,150,0,454500
NIFTY-III.NFO,03/04/2025,09:40:21,23566.35,23569.4,75,23579,150,0,454500
NIFTY-III.NFO,03/04/2025,09:40:23,23566.35,23570.4,75,23579.75,675,0,454500
NIFTY-III.NFO,03/04/2025,09:40:25,23566.35,23568.3,75,23578.05,525,0,454500
NIFTY-III.NFO,03/04/2025,09:40:26,23566.35,23569.05,75,23578.65,150,0,454500
NIFTY-III.NFO,03/04/2025,09:40:28,23566.35,23567.9,75,23577.6,150,0,454500
NIFTY-III.NFO,03/04/2025,09:40:30,23566.35,23567.9,75,23577.4,150,0,454500
NIFTY-III.NFO,03/04/2025,09:40:31,23566.35,23569.5,75,23578.45,150,0,454500
NIFTY-III.NFO,03/04/2025,09:40:33,23566.35,23569.1,150,23578.45,150,0,454500
NIFTY-III.NFO,03/04/2025,09:40:35,23566.35,23568.35,150,23577.5,150,0,454500
NIFTY-III.NFO,03/04/2025,09:40:36,23566.35,23568.75,150,23578.1,150,0,454500
NIFTY-III.NFO,03/04/2025,09:40:38,23566.35,23569.7,150,23578.2,150,0,454500
NIFTY-III.NFO,03/04/2025,09:40:40,23566.35,23570.3,150,23579.5,150,0,454500
NIFTY-III.NFO,03/04/2025,09:40:41,23566.35,23573.65,150,23582.4,150,0,454500
NIFTY-III.NFO,03/04/2025,09:40:43,23566.35,23572.85,150,23581.6,150,0,454500
NIFTY-III.NFO,03/04/2025,09:40:45,23566.35,23571.5,150,23581.8,75,0,454500
NIFTY-III.NFO,03/04/2025,09:40:46,23566.35,23569.75,75,23579.3,150,0,454500
NIFTY-III.NFO,03/04/2025,09:40:48,23566.35,23567.6,150,23576.85,150,0,454500
NIFTY-III.NFO,03/04/2025,09:40:50,23566.35,23568.7,150,23579.1,150,0,454500
NIFTY-III.NFO,03/04/2025,09:40:51,23566.35,23568.5,75,23577.6,150,0,454500
NIFTY-III.NFO,03/04/2025,09:40:53,23566.35,23569.15,75,23578.45,150,0,454500
NIFTY-III.NFO,03/04/2025,09:40:55,23566.35,23570.45,150,23580.3,150,0,454500
NIFTY-III.NFO,03/04/2025,09:40:56,23566.35,23570.05,75,23579.6,150,0,454500
NIFTY-III.NFO,03/04/2025,09:40:58,23566.35,23569,75,23578.1,150,0,454500
NIFTY-III.NFO,03/04/2025,09:41:00,23566.35,23570.6,225,23579.2,450,0,454500
NIFTY-III.NFO,03/04/2025,09:41:01,23566.35,23571.35,75,23580.8,150,0,454500
NIFTY-III.NFO,03/04/2025,09:41:05,23566.35,23570.2,75,23579.8,75,0,454500
NIFTY-III.NFO,03/04/2025,09:41:06,23566.35,23570.1,150,23578.85,150,0,454500
NIFTY-III.NFO,03/04/2025,09:41:08,23566.35,23572.35,150,23581.4,150,0,454500
NIFTY-III.NFO,03/04/2025,09:41:10,23566.35,23572.15,150,23580.75,75,0,454500
NIFTY-III.NFO,03/04/2025,09:41:11,23566.35,23570.15,75,23579.35,150,0,454500
NIFTY-III.NFO,03/04/2025,09:41:13,23566.35,23571,75,23580.45,150,0,454500
NIFTY-III.NFO,03/04/2025,09:41:15,23566.35,23571.9,75,23581.15,450,0,454500
NIFTY-III.NFO,03/04/2025,09:41:16,23566.35,23573.2,75,23582.75,150,0,454500
NIFTY-III.NFO,03/04/2025,09:41:18,23566.35,23574.3,75,23583.85,150,0,454500
NIFTY-III.NFO,03/04/2025,09:41:19,23566.35,23573.2,75,23582.65,150,0,454500
NIFTY-III.NFO,03/04/2025,09:41:21,23566.35,23571.9,75,23581.05,150,0,454500
NIFTY-III.NFO,03/04/2025,09:41:23,23566.35,23571.9,75,23581.45,150,0,454500
NIFTY-III.NFO,03/04/2025,09:41:24,23566.35,23572.15,75,23581.95,150,0,454500
NIFTY-III.NFO,03/04/2025,09:41:26,23566.35,23572.8,75,23582.55,150,0,454500
NIFTY-III.NFO,03/04/2025,09:41:28,23566.35,23572.9,75,23582.65,150,0,454500
NIFTY-III.NFO,03/04/2025,09:41:29,23566.35,23573.35,75,23583.45,150,0,454500
NIFTY-III.NFO,03/04/2025,09:41:31,23566.35,23572.7,75,23582.25,150,0,454500
NIFTY-III.NFO,03/04/2025,09:41:33,23566.35,23572,75,23580.55,75,0,454500
NIFTY-III.NFO,03/04/2025,09:41:34,23566.35,23572.1,150,23581.05,150,0,454500
NIFTY-III.NFO,03/04/2025,09:41:36,23566.35,23569.4,75,23578.8,150,0,454500
NIFTY-III.NFO,03/04/2025,09:41:38,23566.35,23569.55,75,23578.35,75,0,454500
NIFTY-III.NFO,03/04/2025,09:41:40,23566.35,23569.55,75,23579.3,150,0,454500
NIFTY-III.NFO,03/04/2025,09:41:41,23566.35,23569.3,75,23578.15,150,0,454500
NIFTY-III.NFO,03/04/2025,09:41:43,23566.35,23569.45,75,23576.75,150,0,454500
NIFTY-III.NFO,03/04/2025,09:41:45,23566.35,23569.45,150,23578.05,150,0,454500
NIFTY-III.NFO,03/04/2025,09:41:46,23577.25,23567.9,150,23576.55,150,75,454500
NIFTY-III.NFO,03/04/2025,09:41:48,23577.25,23568.25,150,23576.5,150,0,454500
NIFTY-III.NFO,03/04/2025,09:41:50,23577.25,23569.05,75,23578.25,150,0,454500
NIFTY-III.NFO,03/04/2025,09:41:51,23577.25,23569.05,75,23577.85,150,0,454500
NIFTY-III.NFO,03/04/2025,09:41:53,23577.25,23568.95,75,23577.25,150,0,454500
NIFTY-III.NFO,03/04/2025,09:41:55,23577.25,23568.3,75,23578.1,75,0,454500
NIFTY-III.NFO,03/04/2025,09:41:56,23577.25,23570.45,75,23578.7,150,0,454500
NIFTY-III.NFO,03/04/2025,09:41:58,23577.25,23570.8,75,23580.3,150,0,454500
NIFTY-III.NFO,03/04/2025,09:42:00,23577.25,23571.5,75,23581.5,150,0,454500
NIFTY-III.NFO,03/04/2025,09:42:01,23577.25,23570.8,75,23580.1,150,0,454500
NIFTY-III.NFO,03/04/2025,09:42:03,23577.25,23568.2,75,23577.7,150,0,454500
NIFTY-III.NFO,03/04/2025,09:42:05,23577.25,23567.4,150,23576.9,150,0,454500
NIFTY-III.NFO,03/04/2025,09:42:06,23577.25,23566.5,75,23576.05,150,0,454500
NIFTY-III.NFO,03/04/2025,09:42:08,23577.25,23567.85,75,23576.05,150,0,454500
NIFTY-III.NFO,03/04/2025,09:42:10,23577.25,23566.6,150,23575.25,75,0,454500
NIFTY-III.NFO,03/04/2025,09:42:11,23577.25,23566.6,75,23571.25,75,0,454500
NIFTY-III.NFO,03/04/2025,09:42:13,23577.25,23566.35,225,23569.65,75,0,454500
NIFTY-III.NFO,03/04/2025,09:42:15,23577.25,23566.35,225,23570.1,450,0,454500
NIFTY-III.NFO,03/04/2025,09:42:16,23577.25,23566.35,225,23569.4,75,0,454500
NIFTY-III.NFO,03/04/2025,09:42:18,23577.25,23566.35,225,23568.55,75,0,454500
NIFTY-III.NFO,03/04/2025,09:42:20,23577.25,23566.35,225,23568.95,75,0,454500
NIFTY-III.NFO,03/04/2025,09:42:21,23577.25,23566.35,225,23568.5,75,0,454500
NIFTY-III.NFO,03/04/2025,09:42:23,23577.25,23566.35,225,23570.75,450,0,454500
NIFTY-III.NFO,03/04/2025,09:42:25,23577.25,23566.35,225,23570.15,75,0,454500
NIFTY-III.NFO,03/04/2025,09:42:26,23577.25,23566.35,225,23570.85,75,0,454500
NIFTY-III.NFO,03/04/2025,09:42:28,23577.25,23566.35,225,23572.65,75,0,454500
NIFTY-III.NFO,03/04/2025,09:42:30,23577.25,23566.35,300,23573.4,75,0,454500
NIFTY-III.NFO,03/04/2025,09:42:31,23577.25,23566.4,150,23574.45,150,0,454500
NIFTY-III.NFO,03/04/2025,09:42:33,23577.25,23566.4,150,23574.35,75,0,454500
NIFTY-III.NFO,03/04/2025,09:42:35,23577.25,23566.45,75,23575.9,75,0,454500
NIFTY-III.NFO,03/04/2025,09:42:36,23577.25,23566.45,75,23576.4,75,0,454500
NIFTY-III.NFO,03/04/2025,09:42:38,23577.25,23566.45,75,23576.55,75,0,454500
NIFTY-III.NFO,03/04/2025,09:42:40,23577.25,23566.45,75,23575,150,0,454500
NIFTY-III.NFO,03/04/2025,09:42:41,23577.25,23566.45,75,23576.8,150,0,454500
NIFTY-III.NFO,03/04/2025,09:42:43,23577.25,23566.45,75,23575.6,150,0,454500
NIFTY-III.NFO,03/04/2025,09:42:45,23577.25,23566.4,150,23575.25,150,0,454500
NIFTY-III.NFO,03/04/2025,09:42:46,23577.25,23566.35,225,23572.85,75,0,454500
NIFTY-III.NFO,03/04/2025,09:42:48,23577.25,23566.35,225,23572,75,0,454500
NIFTY-III.NFO,03/04/2025,09:42:50,23577.25,23566.35,225,23571.75,75,0,454500
NIFTY-III.NFO,03/04/2025,09:42:51,23577.25,23566.35,225,23570.3,75,0,454500
NIFTY-III.NFO,03/04/2025,09:42:53,23577.25,23566.35,225,23570.7,75,0,454500
NIFTY-III.NFO,03/04/2025,09:42:54,23577.25,23566.35,225,23572,150,0,454500
NIFTY-III.NFO,03/04/2025,09:42:56,23577.25,23566.45,75,23573.8,75,0,454500
NIFTY-III.NFO,03/04/2025,09:42:58,23577.25,23566.45,75,23574.65,375,0,454500
NIFTY-III.NFO,03/04/2025,09:42:59,23577.25,23566.4,75,23572,75,0,454500
NIFTY-III.NFO,03/04/2025,09:43:01,23577.25,23566.35,225,23572,75,0,454500
NIFTY-III.NFO,03/04/2025,09:43:03,23577.25,23566.35,225,23571.95,75,0,454500
NIFTY-III.NFO,03/04/2025,09:43:04,23577.25,23566.35,225,23572,75,0,454500
NIFTY-III.NFO,03/04/2025,09:43:06,23577.25,23566.35,225,23571.95,75,0,454500
NIFTY-III.NFO,03/04/2025,09:43:08,23577.25,23570,75,23572,75,0,454500
NIFTY-III.NFO,03/04/2025,09:43:11,23577.25,23570,75,23571.95,75,0,454500
NIFTY-III.NFO,03/04/2025,09:43:14,23577.25,23570,75,23572,75,0,454500
NIFTY-III.NFO,03/04/2025,09:43:19,23572,23570,75,23576.45,75,75,454350
NIFTY-III.NFO,03/04/2025,09:43:21,23572,23570,75,23571.75,75,0,454350
NIFTY-III.NFO,03/04/2025,09:43:23,23572,23570,75,23574.15,75,0,454350
NIFTY-III.NFO,03/04/2025,09:43:24,23572,23570,75,23574.2,75,0,454350
NIFTY-III.NFO,03/04/2025,09:43:26,23572,23570,75,23573.6,75,0,454350
NIFTY-III.NFO,03/04/2025,09:43:28,23572.75,23570,75,23572,150,75,454350
NIFTY-III.NFO,03/04/2025,09:43:29,23572.75,23570,75,23572.7,375,0,454350
NIFTY-III.NFO,03/04/2025,09:43:31,23572.75,23570,75,23572,75,0,454350
NIFTY-III.NFO,03/04/2025,09:43:33,23572.75,23570,75,23571.2,75,0,454350
NIFTY-III.NFO,03/04/2025,09:43:34,23567.6,23567,75,23568.55,750,150,454350
NIFTY-III.NFO,03/04/2025,09:43:36,23567.6,23567,75,23568.5,75,0,454350
NIFTY-III.NFO,03/04/2025,09:43:38,23568.1,23567,75,23568.55,750,75,454350
NIFTY-III.NFO,03/04/2025,09:43:39,23568.1,23567,75,23568.5,75,0,454350
NIFTY-III.NFO,03/04/2025,09:43:41,23568.1,23567,75,23568.5,375,0,454350
NIFTY-III.NFO,03/04/2025,09:43:42,23568.1,23567,75,23569.95,75,0,454350
NIFTY-III.NFO,03/04/2025,09:43:44,23568.1,23567,75,23567.25,375,0,454350
NIFTY-III.NFO,03/04/2025,09:43:46,23568.1,23567,75,23567.45,75,0,454350
NIFTY-III.NFO,03/04/2025,09:43:49,23566.35,23559.85,75,23564.85,150,300,454350
NIFTY-III.NFO,03/04/2025,09:43:51,23566.35,23558,75,23562.6,375,0,454350
NIFTY-III.NFO,03/04/2025,09:43:53,23566.35,23558,75,23562.55,150,0,454350
NIFTY-III.NFO,03/04/2025,09:43:54,23566.35,23558,75,23559.55,375,0,454350
NIFTY-III.NFO,03/04/2025,09:43:56,23566.35,23558,75,23558.35,75,0,454350
NIFTY-III.NFO,03/04/2025,09:43:58,23566.35,23558,75,23559.5,75,0,454350
NIFTY-III.NFO,03/04/2025,09:43:59,23566.35,23558,75,23561.05,375,0,454350
NIFTY-III.NFO,03/04/2025,09:44:01,23566.35,23558,75,23560.85,375,0,454350
NIFTY-III.NFO,03/04/2025,09:44:03,23558,23552.05,75,23555.65,375,75,454350
NIFTY-III.NFO,03/04/2025,09:44:04,23558,23551.05,75,23557.45,375,0,454350
NIFTY-III.NFO,03/04/2025,09:44:06,23558,23551.05,75,23557.6,150,0,454350
NIFTY-III.NFO,03/04/2025,09:44:08,23558,23551.05,75,23556.9,375,0,454350
NIFTY-III.NFO,03/04/2025,09:44:09,23558,23551.05,75,23557.25,375,0,454350
NIFTY-III.NFO,03/04/2025,09:44:11,23558,23551.05,75,23556.45,375,0,454350
NIFTY-III.NFO,03/04/2025,09:44:13,23558,23551.1,150,23558.05,375,0,454350
NIFTY-III.NFO,03/04/2025,09:44:14,23558,23551.1,150,23559.6,150,0,454350
NIFTY-III.NFO,03/04/2025,09:44:16,23558,23551.1,225,23560.45,150,0,454350
NIFTY-III.NFO,03/04/2025,09:44:17,23558,23551.1,150,23560.45,150,0,454350
NIFTY-III.NFO,03/04/2025,09:44:19,23558,23552.1,75,23561,150,0,454350
NIFTY-III.NFO,03/04/2025,09:44:21,23558,23552.55,75,23562.05,450,0,454350
NIFTY-III.NFO,03/04/2025,09:44:24,23558,23552.4,75,23561.4,150,0,454350
NIFTY-III.NFO,03/04/2025,09:44:26,23558,23551.05,150,23559.9,150,0,454350
NIFTY-III.NFO,03/04/2025,09:44:27,23558,23551.1,75,23558.35,75,0,454350
NIFTY-III.NFO,03/04/2025,09:44:29,23558,23551.1,150,23558.9,75,0,454350
NIFTY-III.NFO,03/04/2025,09:44:31,23558,23551.1,150,23558.7,375,0,454350
NIFTY-III.NFO,03/04/2025,09:44:32,23558,23551.1,150,23559.85,75,0,454350
NIFTY-III.NFO,03/04/2025,09:44:36,23558,23551.1,150,23559.85,150,0,454350
NIFTY-III.NFO,03/04/2025,09:44:37,23558,23551.05,75,23558.2,75,0,454350
NIFTY-III.NFO,03/04/2025,09:44:39,23558,23551.05,150,23558.25,75,0,454350
NIFTY-III.NFO,03/04/2025,09:44:41,23558,23551.1,150,23559.35,75,0,454350
NIFTY-III.NFO,03/04/2025,09:44:42,23558,23551.1,150,23560.2,75,0,454350
NIFTY-III.NFO,03/04/2025,09:44:44,23558,23551.1,150,23561.35,150,0,454350
NIFTY-III.NFO,03/04/2025,09:44:46,23558,23551.6,75,23562,150,0,454350
NIFTY-III.NFO,03/04/2025,09:44:47,23558,23552.05,150,23562,150,0,454350
NIFTY-III.NFO,03/04/2025,09:44:49,23558,23552.05,150,23562.05,375,0,454350
NIFTY-III.NFO,03/04/2025,09:44:51,23558,23553.55,75,23564.45,150,0,454350
NIFTY-III.NFO,03/04/2025,09:44:52,23558,23553.55,75,23564.75,75,0,454350
NIFTY-III.NFO,03/04/2025,09:44:54,23558,23553.55,75,23563.9,75,0,454350
NIFTY-III.NFO,03/04/2025,09:44:56,23558,23553.55,75,23564.45,75,0,454350
NIFTY-III.NFO,03/04/2025,09:44:57,23558,23553.55,75,23564.6,75,0,454350
NIFTY-III.NFO,03/04/2025,09:44:59,23558,23553.5,75,23564.25,75,0,454350
NIFTY-III.NFO,03/04/2025,09:45:01,23558,23552.1,75,23561.55,150,0,454350
NIFTY-III.NFO,03/04/2025,09:45:04,23558,23552.85,75,23563.15,525,0,454350
NIFTY-III.NFO,03/04/2025,09:45:06,23558,23553.35,75,23563.9,150,0,454350
NIFTY-III.NFO,03/04/2025,09:45:07,23558,23552.85,75,23562.55,150,0,454350
NIFTY-III.NFO,03/04/2025,09:45:09,23558,23552.85,75,23563.2,150,0,454350
NIFTY-III.NFO,03/04/2025,09:45:11,23558,23552.1,75,23561.1,525,0,454350
NIFTY-III.NFO,03/04/2025,09:45:12,23558,23551.15,75,23558,75,0,454350
NIFTY-III.NFO,03/04/2025,09:45:14,23558,23551.1,150,23557.95,75,0,454350
NIFTY-III.NFO,03/04/2025,09:45:16,23558,23551.1,75,23556.95,75,0,454350
NIFTY-III.NFO,03/04/2025,09:45:18,23558,23551.1,75,23556.3,75,0,454350
NIFTY-III.NFO,03/04/2025,09:45:19,23558,23550,225,23552.3,150,0,454350
NIFTY-III.NFO,03/04/2025,09:45:21,23550,23544.45,75,23550.15,75,225,454350
NIFTY-III.NFO,03/04/2025,09:45:23,23550,23543,300,23549.55,75,0,454350
NIFTY-III.NFO,03/04/2025,09:45:24,23550,23544.95,75,23550.55,75,0,454350
NIFTY-III.NFO,03/04/2025,09:45:26,23550,23543,300,23548.15,75,0,454350
NIFTY-III.NFO,03/04/2025,09:45:28,23550,23543.15,75,23550.6,75,0,454350
NIFTY-III.NFO,03/04/2025,09:45:29,23550,23544.15,75,23549.75,75,0,454350
NIFTY-III.NFO,03/04/2025,09:45:31,23550,23543.6,75,23549.25,75,0,454350
NIFTY-III.NFO,03/04/2025,09:45:33,23550,23543.5,150,23550.45,75,0,454350
NIFTY-III.NFO,03/04/2025,09:45:34,23550,23543.9,150,23550.45,450,0,454350
NIFTY-III.NFO,03/04/2025,09:45:36,23550,23545.1,75,23551.8,75,0,454350
NIFTY-III.NFO,03/04/2025,09:45:38,23545.55,23546.65,150,23553.65,75,75,454350
NIFTY-III.NFO,03/04/2025,09:45:39,23545.55,23544.15,150,23550.85,75,0,454350
NIFTY-III.NFO,03/04/2025,09:45:41,23545.55,23543.15,150,23549.8,75,0,454350
NIFTY-III.NFO,03/04/2025,09:45:43,23545.55,23543.2,150,23549.95,75,0,454350
NIFTY-III.NFO,03/04/2025,09:45:44,23545.55,23544.35,150,23550,75,0,454350
NIFTY-III.NFO,03/04/2025,09:45:46,23545.55,23544.75,150,23550.75,375,0,454350
NIFTY-III.NFO,03/04/2025,09:45:48,23545.55,23544,75,23550.25,450,0,454350
NIFTY-III.NFO,03/04/2025,09:45:49,23550.3,23545.25,225,23552.05,75,300,454725
NIFTY-III.NFO,03/04/2025,09:45:51,23550.3,23544.3,150,23550.65,75,0,454725
NIFTY-III.NFO,03/04/2025,09:45:54,23550.3,23544.3,75,23549.85,75,0,454725
NIFTY-III.NFO,03/04/2025,09:45:56,23550.3,23544.1,75,23548.65,75,0,454725
NIFTY-III.NFO,03/04/2025,09:45:58,23550.3,23544,150,23549.3,375,0,454725
NIFTY-III.NFO,03/04/2025,09:45:59,23550.3,23545,75,23547.5,75,0,454725
NIFTY-III.NFO,03/04/2025,09:46:01,23543,23538,225,23541.1,75,450,454725
NIFTY-III.NFO,03/04/2025,09:46:03,23540.35,23538,225,23542.6,75,75,454725
NIFTY-III.NFO,03/04/2025,09:46:04,23540.35,23538,225,23541.35,75,0,454725
NIFTY-III.NFO,03/04/2025,09:46:06,23540.35,23538,225,23540.45,150,0,454725
NIFTY-III.NFO,03/04/2025,09:46:08,23540.35,23538,225,23540.6,75,75,454725
NIFTY-III.NFO,03/04/2025,09:46:09,23540.35,23538,225,23543.05,75,0,454725
NIFTY-III.NFO,03/04/2025,09:46:11,23540.35,23538,225,23543,150,0,454725
NIFTY-III.NFO,03/04/2025,09:46:13,23540.35,23538,225,23541.35,75,0,454725
NIFTY-III.NFO,03/04/2025,09:46:14,23544.2,23538,300,23544.15,225,225,454725
NIFTY-III.NFO,03/04/2025,09:46:17,23544.2,23538,300,23544.2,225,0,454725
NIFTY-III.NFO,03/04/2025,09:46:19,23544.2,23538.05,150,23545.2,225,0,454725
NIFTY-III.NFO,03/04/2025,09:46:21,23544.2,23538.3,150,23547.15,225,0,454725
NIFTY-III.NFO,03/04/2025,09:46:22,23544.2,23539.3,75,23546.3,225,0,454725
NIFTY-III.NFO,03/04/2025,09:46:24,23544.2,23538.95,75,23547.9,225,0,454725
NIFTY-III.NFO,03/04/2025,09:46:26,23544.2,23539.95,75,23547.9,225,0,454725
NIFTY-III.NFO,03/04/2025,09:46:27,23544.2,23541.15,75,23550.55,225,0,454725
NIFTY-III.NFO,03/04/2025,09:46:29,23544.2,23542.85,75,23553.4,300,0,454725
NIFTY-III.NFO,03/04/2025,09:46:31,23544.2,23542.85,75,23552.9,150,0,454725
NIFTY-III.NFO,03/04/2025,09:46:32,23544.2,23542.85,75,23550,75,0,454725
NIFTY-III.NFO,03/04/2025,09:46:34,23544.2,23542.1,75,23550,75,0,454725
NIFTY-III.NFO,03/04/2025,09:46:37,23544.2,23542.65,75,23550,75,0,454725
NIFTY-III.NFO,03/04/2025,09:46:39,23544.2,23543.5,75,23550,75,0,454725
NIFTY-III.NFO,03/04/2025,09:46:41,23544.2,23544.05,150,23550,75,0,454725
NIFTY-III.NFO,03/04/2025,09:46:44,23550,23545.95,75,23554,75,75,454725
NIFTY-III.NFO,03/04/2025,09:46:46,23550,23545.95,75,23554,75,0,454725
NIFTY-III.NFO,03/04/2025,09:46:47,23550,23544.1,75,23552.5,225,0,454725
NIFTY-III.NFO,03/04/2025,09:46:49,23550,23544.1,75,23552.75,75,0,454725
NIFTY-III.NFO,03/04/2025,09:46:51,23550,23544.3,150,23552.75,225,0,454725
NIFTY-III.NFO,03/04/2025,09:46:52,23550,23544.05,150,23552.1,75,0,454725
NIFTY-III.NFO,03/04/2025,09:46:54,23550,23544.05,225,23553.35,75,0,454725
NIFTY-III.NFO,03/04/2025,09:46:56,23550,23544.1,75,23552.7,150,0,454725
NIFTY-III.NFO,03/04/2025,09:46:57,23550,23550,75,23552.7,75,0,454725
NIFTY-III.NFO,03/04/2025,09:46:59,23550,23550,75,23552.65,75,0,454725
NIFTY-III.NFO,03/04/2025,09:47:01,23550,23542.2,75,23551.15,75,75,454725
NIFTY-III.NFO,03/04/2025,09:47:02,23550,23543.4,75,23551.95,75,0,454725
NIFTY-III.NFO,03/04/2025,09:47:04,23550,23543.55,75,23553.55,150,0,454725
NIFTY-III.NFO,03/04/2025,09:47:06,23550,23545.25,75,23553.55,75,0,454725
NIFTY-III.NFO,03/04/2025,09:47:07,23550,23550,75,23553.6,150,0,454725
NIFTY-III.NFO,03/04/2025,09:47:09,23550,23550,75,23554,75,0,454725
NIFTY-III.NFO,03/04/2025,09:47:12,23550,23550,75,23553.95,75,0,454725
NIFTY-III.NFO,03/04/2025,09:47:14,23550,23550,75,23553.65,75,0,454725
NIFTY-III.NFO,03/04/2025,09:47:16,23550,23550,75,23554,75,0,454725
NIFTY-III.NFO,03/04/2025,09:47:19,23550,23550.05,150,23554,75,0,454725
NIFTY-III.NFO,03/04/2025,09:47:21,23550,23550.2,150,23554,75,0,454725
NIFTY-III.NFO,03/04/2025,09:47:22,23550,23550.1,75,23554,75,0,454725
NIFTY-III.NFO,03/04/2025,09:47:24,23550,23550,75,23554,75,0,454725
NIFTY-III.NFO,03/04/2025,09:47:26,23550,23550.05,150,23554,75,0,454725
NIFTY-III.NFO,03/04/2025,09:47:27,23550,23550.4,150,23554,75,0,454725
NIFTY-III.NFO,03/04/2025,09:47:29,23550,23550,75,23554,75,0,454725
NIFTY-III.NFO,03/04/2025,09:47:32,23550,23550,75,23553.95,75,0,454725
NIFTY-III.NFO,03/04/2025,09:47:34,23550,23550,75,23553.55,75,0,454725
NIFTY-III.NFO,03/04/2025,09:47:36,23550,23550,75,23552.85,75,0,454725
NIFTY-III.NFO,03/04/2025,09:47:37,23550,23550,75,23553.95,75,0,454725
NIFTY-III.NFO,03/04/2025,09:47:42,23550,23550,75,23554,75,0,454725
NIFTY-III.NFO,03/04/2025,09:47:47,23550,23550,150,23557.8,150,0,454725
NIFTY-III.NFO,03/04/2025,09:47:49,23550,23550,75,23556.35,75,0,454725
NIFTY-III.NFO,03/04/2025,09:47:51,23550,23550,75,23555.7,75,0,454725
NIFTY-III.NFO,03/04/2025,09:47:53,23550,23550,75,23555.05,75,0,454725
NIFTY-III.NFO,03/04/2025,09:47:54,23550,23550,150,23557.9,150,0,454725
NIFTY-III.NFO,03/04/2025,09:47:56,23550,23550.05,150,23557.75,75,0,454725
NIFTY-III.NFO,03/04/2025,09:47:58,23550,23550.1,75,23557.05,150,0,454725
NIFTY-III.NFO,03/04/2025,09:47:59,23550,23550,75,23556.3,150,0,454725
NIFTY-III.NFO,03/04/2025,09:48:01,23550,23550.05,75,23556.3,150,0,454725
NIFTY-III.NFO,03/04/2025,09:48:03,23550,23550.15,75,23560.95,75,0,454725
NIFTY-III.NFO,03/04/2025,09:48:04,23550,23552.35,75,23563.85,75,0,454725
NIFTY-III.NFO,03/04/2025,09:48:06,23550,23553.7,75,23562.6,150,0,454725
NIFTY-III.NFO,03/04/2025,09:48:08,23550,23553.1,150,23561.6,150,0,454725
NIFTY-III.NFO,03/04/2025,09:48:09,23550,23552.35,75,23561.15,75,0,454725
NIFTY-III.NFO,03/04/2025,09:48:11,23550,23553.15,150,23561.2,150,0,454725
NIFTY-III.NFO,03/04/2025,09:48:13,23550,23553.15,150,23562.15,150,0,454725
NIFTY-III.NFO,03/04/2025,09:48:14,23550,23553.65,150,23562.1,150,0,454725
NIFTY-III.NFO,03/04/2025,09:48:16,23550,23552.35,75,23562.1,150,0,454725
NIFTY-III.NFO,03/04/2025,09:48:18,23550,23551.65,75,23560.2,75,0,454725
NIFTY-III.NFO,03/04/2025,09:48:19,23550,23550.9,75,23560.2,150,0,454725
NIFTY-III.NFO,03/04/2025,09:48:21,23550,23551.9,75,23558.95,150,0,454725
NIFTY-III.NFO,03/04/2025,09:48:23,23550,23551.9,75,23558.9,75,0,454725
NIFTY-III.NFO,03/04/2025,09:48:24,23550,23551.9,75,23558.95,150,0,454725
NIFTY-III.NFO,03/04/2025,09:48:26,23550,23550.65,75,23558.9,150,0,454725
NIFTY-III.NFO,03/04/2025,09:48:28,23550,23550.65,75,23562.3,75,0,454725
NIFTY-III.NFO,03/04/2025,09:48:29,23550,23552.4,75,23560.75,75,0,454725
NIFTY-III.NFO,03/04/2025,09:48:31,23550,23553.15,75,23561.55,150,0,454725
NIFTY-III.NFO,03/04/2025,09:48:33,23550,23553.8,75,23562.15,150,0,454725
NIFTY-III.NFO,03/04/2025,09:48:34,23550,23555.7,150,23564,75,0,454725
NIFTY-III.NFO,03/04/2025,09:48:36,23550,23558.45,150,23564,75,0,454725
NIFTY-III.NFO,03/04/2025,09:48:38,23550,23557.65,150,23564,75,0,454725
NIFTY-III.NFO,03/04/2025,09:48:39,23550,23557.05,150,23564,75,0,454725
NIFTY-III.NFO,03/04/2025,09:48:41,23550,23556.25,75,23564,75,0,454725
NIFTY-III.NFO,03/04/2025,09:48:43,23550,23556.9,150,23564,75,0,454725
NIFTY-III.NFO,03/04/2025,09:48:44,23550,23556.4,75,23564,75,0,454725
NIFTY-III.NFO,03/04/2025,09:48:46,23565.45,23557.4,75,23565.75,225,150,454650
NIFTY-III.NFO,03/04/2025,09:48:48,23565.45,23555.7,75,23564.45,225,0,454650
NIFTY-III.NFO,03/04/2025,09:48:49,23565.45,23555.7,75,23563.8,150,0,454650
NIFTY-III.NFO,03/04/2025,09:48:51,23565.45,23555.7,150,23564.8,150,0,454650
NIFTY-III.NFO,03/04/2025,09:48:53,23565.45,23553.8,75,23562.2,150,0,454650
NIFTY-III.NFO,03/04/2025,09:48:54,23565.45,23553.8,75,23562.9,150,0,454650
NIFTY-III.NFO,03/04/2025,09:48:56,23565.45,23555.6,150,23564.1,150,0,454650
NIFTY-III.NFO,03/04/2025,09:48:58,23565.45,23556.3,75,23567.3,75,0,454650
NIFTY-III.NFO,03/04/2025,09:48:59,23565.45,23557.65,75,23566.05,150,0,454650
NIFTY-III.NFO,03/04/2025,09:49:01,23565.45,23557.65,75,23566.7,225,0,454650
NIFTY-III.NFO,03/04/2025,09:49:03,23565.45,23557.65,75,23566.5,150,0,454650
NIFTY-III.NFO,03/04/2025,09:49:04,23565.45,23556.25,75,23564,150,0,454650
NIFTY-III.NFO,03/04/2025,09:49:06,23565.45,23555.5,75,23563.9,150,0,454650
NIFTY-III.NFO,03/04/2025,09:49:09,23565.45,23555.5,75,23564.45,150,0,454650
NIFTY-III.NFO,03/04/2025,09:49:11,23565.45,23556.25,75,23564.45,150,0,454650
NIFTY-III.NFO,03/04/2025,09:49:14,23565.45,23554.8,75,23563.3,150,0,454650
NIFTY-III.NFO,03/04/2025,09:49:16,23565.45,23555.8,75,23564.25,150,0,454650
NIFTY-III.NFO,03/04/2025,09:49:18,23565.45,23555.3,75,23563.6,225,0,454650
NIFTY-III.NFO,03/04/2025,09:49:19,23565.45,23550.9,75,23558.8,150,0,454650
NIFTY-III.NFO,03/04/2025,09:49:21,23565.45,23551.35,75,23560.4,150,0,454650
NIFTY-III.NFO,03/04/2025,09:49:23,23565.45,23551.35,75,23559.75,150,0,454650
NIFTY-III.NFO,03/04/2025,09:49:26,23565.45,23550.45,75,23558.45,150,0,454650
NIFTY-III.NFO,03/04/2025,09:49:28,23565.45,23550.45,75,23558.85,150,0,454650
NIFTY-III.NFO,03/04/2025,09:49:29,23558.85,23553.65,75,23562.35,75,75,454650
NIFTY-III.NFO,03/04/2025,09:49:31,23558.85,23552.95,150,23562.05,75,0,454650
NIFTY-III.NFO,03/04/2025,09:49:34,23558.85,23554.4,75,23563.3,75,0,454650
NIFTY-III.NFO,03/04/2025,09:49:36,23558.85,23555.05,75,23563.3,75,0,454650
NIFTY-III.NFO,03/04/2025,09:49:38,23558.85,23553,75,23562.2,150,0,454650
NIFTY-III.NFO,03/04/2025,09:49:39,23558.85,23551.45,75,23561,150,0,454650
NIFTY-III.NFO,03/04/2025,09:49:41,23558.85,23551.75,75,23560.25,75,0,454650
NIFTY-III.NFO,03/04/2025,09:49:43,23558.85,23550.9,75,23558.55,75,0,454650
NIFTY-III.NFO,03/04/2025,09:49:44,23558.85,23550.1,75,23557.2,75,0,454650
NIFTY-III.NFO,03/04/2025,09:49:46,23558.85,23550.05,150,23557.2,75,0,454650
NIFTY-III.NFO,03/04/2025,09:49:48,23558.85,23550.25,75,23558.6,75,0,454650
NIFTY-III.NFO,03/04/2025,09:49:49,23558.85,23550.1,75,23559,75,0,454650
NIFTY-III.NFO,03/04/2025,09:49:51,23558.85,23550,300,23557.2,75,0,454650
NIFTY-III.NFO,03/04/2025,09:49:53,23558.85,23550.05,150,23556.5,75,0,454650
NIFTY-III.NFO,03/04/2025,09:49:54,23558.85,23550,225,23555.75,75,0,454650
NIFTY-III.NFO,03/04/2025,09:49:56,23558.85,23550.05,150,23557.9,75,0,454650
NIFTY-III.NFO,03/04/2025,09:49:58,23558.85,23551.25,75,23559.95,150,0,454650
NIFTY-III.NFO,03/04/2025,09:49:59,23558.85,23550.1,75,23557.45,75,0,454650
NIFTY-III.NFO,03/04/2025,09:50:01,23558.85,23550,225,23556.55,150,0,454650
NIFTY-III.NFO,03/04/2025,09:50:03,23558.85,23550,225,23555.3,75,0,454650
NIFTY-III.NFO,03/04/2025,09:50:06,23558.85,23550,225,23553.4,75,0,454650
NIFTY-III.NFO,03/04/2025,09:50:08,23558.85,23550,225,23552.65,75,0,454650
NIFTY-III.NFO,03/04/2025,09:50:10,23558.85,23550,225,23553.7,75,0,454650
NIFTY-III.NFO,03/04/2025,09:50:11,23558.85,23550,225,23555.75,75,0,454650
NIFTY-III.NFO,03/04/2025,09:50:13,23558.85,23550,225,23555.8,75,0,454650
NIFTY-III.NFO,03/04/2025,09:50:15,23558.85,23550,300,23556.5,75,0,454650
NIFTY-III.NFO,03/04/2025,09:50:18,23558.85,23550.1,75,23556.6,75,0,454650
NIFTY-III.NFO,03/04/2025,09:50:23,23558.85,23550,225,23555.9,75,0,454650
NIFTY-III.NFO,03/04/2025,09:50:25,23558.85,23550,225,23555.1,75,0,454650
NIFTY-III.NFO,03/04/2025,09:50:28,23558.85,23550,225,23553.65,75,0,454650
NIFTY-III.NFO,03/04/2025,09:50:30,23558.85,23550,225,23552.75,75,0,454650
NIFTY-III.NFO,03/04/2025,09:50:31,23558.85,23550,225,23555.5,75,0,454650
NIFTY-III.NFO,03/04/2025,09:50:33,23558.85,23550.05,75,23555.5,75,0,454650
NIFTY-III.NFO,03/04/2025,09:50:35,23555.5,23550.05,150,23557.45,150,75,454650
NIFTY-III.NFO,03/04/2025,09:50:36,23555.5,23550.05,75,23556.8,150,0,454650
NIFTY-III.NFO,03/04/2025,09:50:38,23555.5,23550.05,75,23556.85,150,0,454650
NIFTY-III.NFO,03/04/2025,09:50:40,23555.5,23550,225,23556.1,150,0,454650
NIFTY-III.NFO,03/04/2025,09:50:41,23555.5,23550,225,23556.55,75,0,454650
NIFTY-III.NFO,03/04/2025,09:50:43,23555.5,23550.05,150,23558.65,150,0,454650
NIFTY-III.NFO,03/04/2025,09:50:45,23555.5,23550.9,75,23560.35,225,0,454650
NIFTY-III.NFO,03/04/2025,09:50:46,23555.5,23551.85,75,23562.55,75,0,454650
NIFTY-III.NFO,03/04/2025,09:50:48,23555.5,23552.5,75,23562.4,75,0,454650
NIFTY-III.NFO,03/04/2025,09:50:50,23555.5,23552.5,75,23562.3,150,0,454650
NIFTY-III.NFO,03/04/2025,09:50:51,23555.5,23553,75,23565.5,75,0,454650
NIFTY-III.NFO,03/04/2025,09:50:53,23556,23554.55,150,23564.85,225,75,454650
NIFTY-III.NFO,03/04/2025,09:50:55,23556,23553,75,23562.95,75,0,454650
NIFTY-III.NFO,03/04/2025,09:50:56,23556,23551.85,75,23561.25,225,0,454650
NIFTY-III.NFO,03/04/2025,09:50:58,23556,23550.9,75,23560.85,75,0,454650
NIFTY-III.NFO,03/04/2025,09:51:00,23556,23550,300,23558.75,450,0,454650
NIFTY-III.NFO,03/04/2025,09:51:01,23556,23550.05,150,23558.9,75,0,454650
NIFTY-III.NFO,03/04/2025,09:51:03,23556,23550.3,150,23560.85,225,0,454650
NIFTY-III.NFO,03/04/2025,09:51:05,23556,23552.15,150,23560,150,0,454650
NIFTY-III.NFO,03/04/2025,09:51:06,23556,23556,75,23562.35,150,0,454650
NIFTY-III.NFO,03/04/2025,09:51:08,23556,23556.1,75,23563.5,375,0,454650
NIFTY-III.NFO,03/04/2025,09:51:10,23556,23556.1,75,23563.65,150,0,454650
NIFTY-III.NFO,03/04/2025,09:51:11,23556,23556.05,150,23562.95,150,0,454650
NIFTY-III.NFO,03/04/2025,09:51:13,23556,23556,75,23562.85,375,0,454650
NIFTY-III.NFO,03/04/2025,09:51:15,23556,23556,75,23561.6,150,0,454650
NIFTY-III.NFO,03/04/2025,09:51:16,23556,23556,75,23560.9,150,0,454650
NIFTY-III.NFO,03/04/2025,09:51:18,23556,23556,75,23561.1,150,0,454650
NIFTY-III.NFO,03/04/2025,09:51:20,23556,23556,150,23562.35,150,0,454650
NIFTY-III.NFO,03/04/2025,09:51:21,23556,23556,150,23564.35,150,0,454650
NIFTY-III.NFO,03/04/2025,09:51:23,23556,23556,75,23562.05,150,0,454650
NIFTY-III.NFO,03/04/2025,09:51:25,23556,23556,75,23561.95,150,0,454650
NIFTY-III.NFO,03/04/2025,09:51:28,23556,23556,75,23561.9,150,0,454650
NIFTY-III.NFO,03/04/2025,09:51:29,23556,23556,75,23561.85,150,0,454650
NIFTY-III.NFO,03/04/2025,09:51:31,23556,23556.05,150,23565.75,600,0,454650
NIFTY-III.NFO,03/04/2025,09:51:33,23556,23556.05,150,23568.35,75,0,454650
NIFTY-III.NFO,03/04/2025,09:51:34,23556,23558.35,75,23569.8,225,0,454650
NIFTY-III.NFO,03/04/2025,09:51:36,23556,23559.65,75,23569.9,225,0,454650
NIFTY-III.NFO,03/04/2025,09:51:38,23556,23559.65,75,23569.2,75,0,454650
NIFTY-III.NFO,03/04/2025,09:51:41,23556,23558.35,75,23567.8,225,0,454650
NIFTY-III.NFO,03/04/2025,09:51:43,23556,23556.95,75,23566.05,150,0,454650
NIFTY-III.NFO,03/04/2025,09:51:44,23556,23556.95,75,23566.05,225,0,454650
NIFTY-III.NFO,03/04/2025,09:51:46,23556,23558.25,75,23567.7,150,0,454650
NIFTY-III.NFO,03/04/2025,09:51:48,23556,23558.25,75,23568.8,225,0,454650
NIFTY-III.NFO,03/04/2025,09:51:49,23556,23559.35,75,23568.8,150,0,454650
NIFTY-III.NFO,03/04/2025,09:51:51,23556,23560,75,23569.95,225,0,454650
NIFTY-III.NFO,03/04/2025,09:51:53,23556,23560.65,75,23570,75,0,454650
NIFTY-III.NFO,03/04/2025,09:51:54,23556,23563.5,150,23570,75,0,454650
NIFTY-III.NFO,03/04/2025,09:51:56,23556,23563.8,150,23570,75,0,454650
NIFTY-III.NFO,03/04/2025,09:51:58,23556,23564.65,75,23570,75,0,454650
NIFTY-III.NFO,03/04/2025,09:51:59,23556,23562.25,75,23570,75,0,454650
NIFTY-III.NFO,03/04/2025,09:52:01,23556,23565.75,75,23570,75,0,454650
NIFTY-III.NFO,03/04/2025,09:52:03,23556,23564.9,150,23570,75,0,454650
NIFTY-III.NFO,03/04/2025,09:52:04,23556,23564.4,75,23570,75,0,454650
NIFTY-III.NFO,03/04/2025,09:52:06,23556,23564.05,75,23570,75,0,454650
NIFTY-III.NFO,03/04/2025,09:52:09,23570,23564,225,23572.6,225,75,454725
NIFTY-III.NFO,03/04/2025,09:52:11,23570,23564.05,75,23573.4,75,0,454725
NIFTY-III.NFO,03/04/2025,09:52:13,23570,23565.1,75,23575,525,0,454725
NIFTY-III.NFO,03/04/2025,09:52:14,23570,23564.05,75,23573.45,225,0,454725
NIFTY-III.NFO,03/04/2025,09:52:16,23570,23564,225,23573.45,225,0,454725
NIFTY-III.NFO,03/04/2025,09:52:18,23570,23564,225,23572.65,225,0,454725
NIFTY-III.NFO,03/04/2025,09:52:19,23570,23564.05,75,23575,150,0,454725
NIFTY-III.NFO,03/04/2025,09:52:21,23570,23564.6,75,23575,150,0,454725
NIFTY-III.NFO,03/04/2025,09:52:23,23570,23565.15,75,23575,150,0,454725
NIFTY-III.NFO,03/04/2025,09:52:24,23570,23565.8,75,23575,150,0,454725
NIFTY-III.NFO,03/04/2025,09:52:26,23570,23565.95,75,23575,75,0,454725
NIFTY-III.NFO,03/04/2025,09:52:28,23570,23566.55,75,23575,75,0,454725
NIFTY-III.NFO,03/04/2025,09:52:29,23570,23565.1,75,23573.95,225,0,454725
NIFTY-III.NFO,03/04/2025,09:52:31,23570,23564,225,23572.4,450,0,454725
NIFTY-III.NFO,03/04/2025,09:52:33,23570,23564,150,23571.2,225,0,454725
NIFTY-III.NFO,03/04/2025,09:52:34,23570,23564,150,23569.85,150,0,454725
NIFTY-III.NFO,03/04/2025,09:52:36,23570,23564,225,23572.2,150,0,454725
NIFTY-III.NFO,03/04/2025,09:52:38,23570,23564,150,23571.8,225,0,454725
NIFTY-III.NFO,03/04/2025,09:52:39,23570,23564,225,23571.1,150,0,454725
NIFTY-III.NFO,03/04/2025,09:52:41,23570,23564,150,23571.8,225,0,454725
NIFTY-III.NFO,03/04/2025,09:52:43,23570,23564,150,23570.9,150,0,454725
NIFTY-III.NFO,03/04/2025,09:52:44,23570,23564,150,23570.8,150,0,454725
NIFTY-III.NFO,03/04/2025,09:52:46,23570,23564,150,23571.95,375,0,454725
NIFTY-III.NFO,03/04/2025,09:52:48,23570,23564,225,23571.75,150,0,454725
NIFTY-III.NFO,03/04/2025,09:52:49,23570,23564,225,23571.65,150,0,454725
NIFTY-III.NFO,03/04/2025,09:52:51,23570,23564.05,75,23572.8,150,0,454725
NIFTY-III.NFO,03/04/2025,09:52:53,23570,23564.05,75,23573.95,225,0,454725
NIFTY-III.NFO,03/04/2025,09:52:54,23570,23564.05,75,23573.2,225,0,454725
NIFTY-III.NFO,03/04/2025,09:52:56,23570,23564.05,75,23570,225,0,454725
NIFTY-III.NFO,03/04/2025,09:52:58,23570,23564.05,150,23570,225,0,454725
NIFTY-III.NFO,03/04/2025,09:52:59,23570,23564.7,150,23570,225,0,454725
NIFTY-III.NFO,03/04/2025,09:53:01,23570,23564.05,225,23570,150,75,454725
NIFTY-III.NFO,03/04/2025,09:53:03,23570,23564,300,23570,150,0,454725
NIFTY-III.NFO,03/04/2025,09:53:06,23570,23564.05,150,23570,150,0,454725
NIFTY-III.NFO,03/04/2025,09:53:08,23570,23564,300,23570,150,0,454725
NIFTY-III.NFO,03/04/2025,09:53:21,23570,23564,300,23568.2,150,0,454725
NIFTY-III.NFO,03/04/2025,09:53:23,23570,23564,300,23567.55,150,0,454725
NIFTY-III.NFO,03/04/2025,09:53:24,23570,23564,300,23567.6,150,0,454725
NIFTY-III.NFO,03/04/2025,09:53:26,23570,23564,300,23566.75,150,0,454725
NIFTY-III.NFO,03/04/2025,09:53:28,23570,23564,300,23569.25,150,0,454725
NIFTY-III.NFO,03/04/2025,09:53:29,23564,23564,225,23570,150,75,454725
NIFTY-III.NFO,03/04/2025,09:53:31,23564,23564,225,23568.55,150,0,454725
NIFTY-III.NFO,03/04/2025,09:53:33,23564,23564,150,23567.85,150,0,454725
NIFTY-III.NFO,03/04/2025,09:53:34,23564,23564,150,23567.9,150,0,454725
NIFTY-III.NFO,03/04/2025,09:53:36,23564,23564,150,23567.95,150,0,454725
NIFTY-III.NFO,03/04/2025,09:53:38,23564,23564,150,23568,150,0,454725
NIFTY-III.NFO,03/04/2025,09:53:39,23564,23564,150,23566.45,150,0,454725
NIFTY-III.NFO,03/04/2025,09:53:41,23564,23564,150,23565.6,150,0,454725
NIFTY-III.NFO,03/04/2025,09:53:43,23564,23564,150,23569.65,75,0,454725
NIFTY-III.NFO,03/04/2025,09:53:44,23564,23564,150,23566.05,150,0,454725
NIFTY-III.NFO,03/04/2025,09:53:46,23564,23564,150,23565.4,150,0,454725
NIFTY-III.NFO,03/04/2025,09:53:48,23564,23564,150,23565.25,150,0,454725
NIFTY-III.NFO,03/04/2025,09:53:49,23564,23560,75,23564.75,75,150,454725
NIFTY-III.NFO,03/04/2025,09:53:51,23564,23560,75,23564.5,75,0,454725
NIFTY-III.NFO,03/04/2025,09:53:53,23564,23560,75,23565.45,300,0,454725
NIFTY-III.NFO,03/04/2025,09:53:54,23564,23560,75,23565.2,150,0,454725
NIFTY-III.NFO,03/04/2025,09:53:56,23564,23560,75,23565.1,375,0,454725
NIFTY-III.NFO,03/04/2025,09:53:58,23564,23560,75,23564.5,75,0,454725
NIFTY-III.NFO,03/04/2025,09:53:59,23564,23560,75,23564.85,375,0,454725
NIFTY-III.NFO,03/04/2025,09:54:01,23564,23560,75,23565.75,300,0,454725
NIFTY-III.NFO,03/04/2025,09:54:03,23564,23560,75,23565.7,375,0,454725
NIFTY-III.NFO,03/04/2025,09:54:04,23564,23560,75,23565.75,375,0,454725
NIFTY-III.NFO,03/04/2025,09:54:06,23564,23560,75,23564.9,450,0,454725
NIFTY-III.NFO,03/04/2025,09:54:08,23564,23560,75,23564.9,375,0,454725
NIFTY-III.NFO,03/04/2025,09:54:11,23564,23560.05,75,23567.15,375,0,454725
NIFTY-III.NFO,03/04/2025,09:54:13,23564,23560.05,150,23567.75,375,0,454725
NIFTY-III.NFO,03/04/2025,09:54:14,23564,23560.05,75,23567.55,450,0,454725
