Ticker,Date,Time,LTP,BuyPrice,BuyQty,SellPrice,SellQty,LTQ,OpenInterest
BANKNIFTY-II.NFO,07/08/2024,09:15:01,50794.75,50613.9,150,50716.65,45,165,227250
BANKNIFTY-II.NFO,07/08/2024,09:15:01,50650,50613.9,150,50716.65,45,0,227250
BANKNIFTY-II.NFO,07/08/2024,09:15:01,50794.75,50613.9,150,50716.65,45,0,227250
BANKNIFTY-II.NFO,07/08/2024,09:15:01,50545.5,50613.9,150,50716.65,45,0,227250
BANKNIFTY-II.NFO,07/08/2024,09:15:03,50610,50605.95,30,50674.65,60,105,227250
BANKNIFTY-II.NFO,07/08/2024,09:15:04,50560.7,50547.8,15,50600,15,150,227250
BANKNIFTY-II.NFO,07/08/2024,09:15:05,50551.5,50551.5,60,50583.95,15,285,227250
BANKNIFTY-II.NFO,07/08/2024,09:15:07,50584,50563.35,60,50584,180,450,227250
BANKNIFTY-II.NFO,07/08/2024,09:15:08,50611.95,50595.35,60,50612,30,285,227250
BANKNIFTY-II.NFO,07/08/2024,09:15:10,50606.4,50606.45,150,50640.85,60,300,227250
BANKNIFTY-II.NFO,07/08/2024,09:15:12,50641.8,50617.6,60,50648.25,60,150,227250
BANKNIFTY-II.NFO,07/08/2024,09:15:13,50612.15,50619.8,150,50648.25,60,255,227250
BANKNIFTY-II.NFO,07/08/2024,09:15:15,50648.25,50627.5,15,50648.25,60,195,227250
BANKNIFTY-II.NFO,07/08/2024,09:15:17,50629.85,50631.55,165,50648.3,15,375,227250
BANKNIFTY-II.NFO,07/08/2024,09:15:18,50634.75,50638.35,60,50649.95,60,60,227250
BANKNIFTY-II.NFO,07/08/2024,09:15:20,50617.3,50634.85,15,50645.4,60,375,227250
BANKNIFTY-II.NFO,07/08/2024,09:15:22,50617.3,50630,15,50645.4,60,0,227250
BANKNIFTY-II.NFO,07/08/2024,09:15:23,50599.9,50603.15,135,50628,60,165,227250
BANKNIFTY-II.NFO,07/08/2024,09:15:25,50629.95,50610.8,75,50631.95,60,45,227250
BANKNIFTY-II.NFO,07/08/2024,09:15:26,50600,50599.65,75,50619.85,60,195,227250
BANKNIFTY-II.NFO,07/08/2024,09:15:28,50601.1,50601.3,150,50619.85,60,180,227250
BANKNIFTY-II.NFO,07/08/2024,09:15:30,50638.35,50608.4,60,50638.3,60,240,227250
BANKNIFTY-II.NFO,07/08/2024,09:15:31,50614.6,50614.4,15,50634.45,75,90,227250
BANKNIFTY-II.NFO,07/08/2024,09:15:33,50600.05,50600,15,50626.15,60,30,227250
BANKNIFTY-II.NFO,07/08/2024,09:15:35,50606.9,50607.05,45,50635.05,60,915,227250
BANKNIFTY-II.NFO,07/08/2024,09:15:36,50633.4,50609.35,60,50638.3,60,150,227250
BANKNIFTY-II.NFO,07/08/2024,09:15:38,50633.4,50608.85,75,50633.4,60,0,227250
BANKNIFTY-II.NFO,07/08/2024,09:15:40,50605.45,50604.25,45,50634.9,60,15,227250
BANKNIFTY-II.NFO,07/08/2024,09:15:41,50634.9,50606.4,60,50632.95,45,30,227250
BANKNIFTY-II.NFO,07/08/2024,09:15:43,50601.25,50600,60,50623.6,60,165,227250
BANKNIFTY-II.NFO,07/08/2024,09:15:45,50600.05,50600.05,30,50625.65,60,180,227250
BANKNIFTY-II.NFO,07/08/2024,09:15:47,50600.05,50600,60,50621.25,60,30,227580
BANKNIFTY-II.NFO,07/08/2024,09:15:48,50619.9,50584.05,60,50619.9,60,195,227580
BANKNIFTY-II.NFO,07/08/2024,09:15:50,50600.05,50590.8,60,50621.45,60,15,227580
BANKNIFTY-II.NFO,07/08/2024,09:15:51,50600.05,50590.8,60,50618.65,60,0,227580
BANKNIFTY-II.NFO,07/08/2024,09:15:53,50600,50587,45,50617.15,60,90,227580
BANKNIFTY-II.NFO,07/08/2024,09:15:55,50587,50585.3,15,50600,135,30,227580
BANKNIFTY-II.NFO,07/08/2024,09:15:56,50589.55,50589.6,165,50600,60,210,227580
BANKNIFTY-II.NFO,07/08/2024,09:15:58,50589.55,50590.95,165,50600,75,60,227580
BANKNIFTY-II.NFO,07/08/2024,09:15:59,50590.05,50592.75,150,50600,75,15,227580
BANKNIFTY-II.NFO,07/08/2024,09:16:01,50599.25,50598.3,165,50619.95,60,270,227580
BANKNIFTY-II.NFO,07/08/2024,09:16:03,50609.3,50608.5,150,50625,15,105,227580
BANKNIFTY-II.NFO,07/08/2024,09:16:04,50645.9,50638.05,15,50648.25,15,525,227580
BANKNIFTY-II.NFO,07/08/2024,09:16:06,50622.7,50614.7,60,50640.35,30,105,227580
BANKNIFTY-II.NFO,07/08/2024,09:16:08,50622.95,50621.65,15,50645.35,60,90,227580
BANKNIFTY-II.NFO,07/08/2024,09:16:09,50627.7,50626.25,15,50645.35,60,30,227580
BANKNIFTY-II.NFO,07/08/2024,09:16:11,50627.6,50628.95,150,50645.35,60,90,227580
BANKNIFTY-II.NFO,07/08/2024,09:16:12,50622,50618.75,120,50635.75,15,45,227580
BANKNIFTY-II.NFO,07/08/2024,09:16:14,50617.45,50618.7,30,50644.95,60,60,227580
BANKNIFTY-II.NFO,07/08/2024,09:16:16,50621.4,50624.85,120,50644.95,60,615,227580
BANKNIFTY-II.NFO,07/08/2024,09:16:17,50625.6,50625.6,15,50644.95,75,150,227580
BANKNIFTY-II.NFO,07/08/2024,09:16:19,50645,50625.65,60,50645.35,75,210,227580
BANKNIFTY-II.NFO,07/08/2024,09:16:21,50625.75,50626.95,30,50645.35,75,30,227580
BANKNIFTY-II.NFO,07/08/2024,09:16:22,50644.35,50644.2,45,50645.4,15,195,227580
BANKNIFTY-II.NFO,07/08/2024,09:16:24,50643.8,50643.4,45,50644.2,15,465,227580
BANKNIFTY-II.NFO,07/08/2024,09:16:26,50643.4,50643.25,45,50649.95,45,30,227580
BANKNIFTY-II.NFO,07/08/2024,09:16:27,50649.15,50643.1,45,50649.95,30,45,227580
BANKNIFTY-II.NFO,07/08/2024,09:16:29,50643.1,50642.95,45,50650,45,255,227580
BANKNIFTY-II.NFO,07/08/2024,09:16:30,50642.95,50642.8,45,50650,30,30,227580
BANKNIFTY-II.NFO,07/08/2024,09:16:32,50650,50642.85,60,50650,60,15,227580
BANKNIFTY-II.NFO,07/08/2024,09:16:34,50650,50643.45,60,50650,60,0,227580
BANKNIFTY-II.NFO,07/08/2024,09:16:35,50643.45,50643.45,60,50650,270,60,227580
BANKNIFTY-II.NFO,07/08/2024,09:16:37,50650,50648.85,45,50657.05,15,330,227580
BANKNIFTY-II.NFO,07/08/2024,09:16:39,50645.2,50643.45,15,50657,60,45,227580
BANKNIFTY-II.NFO,07/08/2024,09:16:40,50650,50648,15,50657.05,15,105,227580
BANKNIFTY-II.NFO,07/08/2024,09:16:42,50642.85,50642.5,45,50650,15,30,227580
BANKNIFTY-II.NFO,07/08/2024,09:16:44,50642.85,50643.25,15,50648,15,0,227580
BANKNIFTY-II.NFO,07/08/2024,09:16:45,50657.05,50642.85,30,50663.6,60,90,227580
BANKNIFTY-II.NFO,07/08/2024,09:16:47,50661.2,50643.5,45,50663.1,60,30,227580
BANKNIFTY-II.NFO,07/08/2024,09:16:48,50642.95,50647.7,150,50660.6,60,60,227580
BANKNIFTY-II.NFO,07/08/2024,09:16:50,50650,50642.5,45,50650,15,15,227580
BANKNIFTY-II.NFO,07/08/2024,09:16:52,50642.5,50642.5,45,50650,15,15,227580
BANKNIFTY-II.NFO,07/08/2024,09:16:53,50642.5,50642.35,45,50655.3,75,30,227580
BANKNIFTY-II.NFO,07/08/2024,09:16:55,50650,50642.4,15,50650.95,30,45,227580
BANKNIFTY-II.NFO,07/08/2024,09:16:57,50650,50642.25,15,50645,15,0,227580
BANKNIFTY-II.NFO,07/08/2024,09:16:58,50645,50647.85,165,50650.95,30,15,227580
BANKNIFTY-II.NFO,07/08/2024,09:17:00,50647.85,50642.25,15,50650,15,15,227580
BANKNIFTY-II.NFO,07/08/2024,09:17:02,50650.95,50651.35,45,50665.95,60,60,227580
BANKNIFTY-II.NFO,07/08/2024,09:17:03,50655.3,50653.75,45,50660,150,15,227580
BANKNIFTY-II.NFO,07/08/2024,09:17:05,50645.65,50654.85,120,50660,150,45,227580
BANKNIFTY-II.NFO,07/08/2024,09:17:07,50645.65,50653.35,120,50655,15,0,227580
BANKNIFTY-II.NFO,07/08/2024,09:17:08,50660,50660,60,50665.95,60,180,227580
BANKNIFTY-II.NFO,07/08/2024,09:17:10,50665.95,50658.1,60,50665.95,60,915,227580
BANKNIFTY-II.NFO,07/08/2024,09:17:12,50665.95,50658.1,60,50665.95,60,0,227580
BANKNIFTY-II.NFO,07/08/2024,09:17:13,50657.95,50657.8,60,50664.6,15,30,227580
BANKNIFTY-II.NFO,07/08/2024,09:17:15,50657.85,50657.85,60,50660,75,90,227580
BANKNIFTY-II.NFO,07/08/2024,09:17:17,50660,50657.8,60,50660,60,15,227580
BANKNIFTY-II.NFO,07/08/2024,09:17:18,50667.85,50657.85,15,50667.8,15,240,227580
BANKNIFTY-II.NFO,07/08/2024,09:17:20,50667.85,50657.85,60,50667.85,225,0,227580
BANKNIFTY-II.NFO,07/08/2024,09:17:22,50657.85,50657.8,60,50658.1,30,15,227580
BANKNIFTY-II.NFO,07/08/2024,09:17:23,50658.1,50657.85,60,50667.8,30,30,227580
BANKNIFTY-II.NFO,07/08/2024,09:17:25,50667.85,50667.85,45,50668.6,150,285,227580
BANKNIFTY-II.NFO,07/08/2024,09:17:27,50667.1,50667.1,210,50670,210,150,227580
BANKNIFTY-II.NFO,07/08/2024,09:17:28,50667.1,50667.1,15,50667.85,15,0,227580
BANKNIFTY-II.NFO,07/08/2024,09:17:30,50667.1,50663.8,15,50667.85,15,0,227580
BANKNIFTY-II.NFO,07/08/2024,09:17:31,50667.85,50666,15,50670,210,15,227580
BANKNIFTY-II.NFO,07/08/2024,09:17:33,50667.85,50666,15,50670,210,0,227580
BANKNIFTY-II.NFO,07/08/2024,09:17:35,50667.85,50666,15,50667.85,60,0,227580
BANKNIFTY-II.NFO,07/08/2024,09:17:36,50666,50665.75,300,50667.85,90,15,227580
BANKNIFTY-II.NFO,07/08/2024,09:17:38,50662.65,50662.5,300,50667.8,45,195,227580
BANKNIFTY-II.NFO,07/08/2024,09:17:40,50662.65,50662.5,300,50667.85,105,0,227580
BANKNIFTY-II.NFO,07/08/2024,09:17:41,50662.5,50662.35,300,50666,45,15,227580
BANKNIFTY-II.NFO,07/08/2024,09:17:43,50662.35,50662.2,300,50666,45,15,227580
BANKNIFTY-II.NFO,07/08/2024,09:17:45,50662.2,50660.55,300,50662.5,15,30,227580
BANKNIFTY-II.NFO,07/08/2024,09:17:46,50660,50660,255,50662.15,30,360,227580
BANKNIFTY-II.NFO,07/08/2024,09:17:48,50660,50660,135,50662.35,15,120,227580
BANKNIFTY-II.NFO,07/08/2024,09:17:50,50660,50660,105,50661.75,15,30,227580
BANKNIFTY-II.NFO,07/08/2024,09:17:51,50660,50659.1,300,50661.75,15,105,227580
BANKNIFTY-II.NFO,07/08/2024,09:17:53,50659.1,50658.7,300,50661.75,15,45,227580
BANKNIFTY-II.NFO,07/08/2024,09:17:55,50659.1,50658.7,300,50661.75,15,0,227580
BANKNIFTY-II.NFO,07/08/2024,09:17:56,50659.1,50658.7,300,50660,60,0,227580
BANKNIFTY-II.NFO,07/08/2024,09:17:58,50658.7,50658.55,300,50660,60,15,227580
BANKNIFTY-II.NFO,07/08/2024,09:18:01,50658.7,50658.55,300,50658.85,30,0,227580
BANKNIFTY-II.NFO,07/08/2024,09:18:03,50658.55,50658.4,300,50658.85,30,15,227580
BANKNIFTY-II.NFO,07/08/2024,09:18:05,50660,50658.4,300,50660,45,90,227580
BANKNIFTY-II.NFO,07/08/2024,09:18:06,50658.4,50658.3,60,50660,60,15,227580
BANKNIFTY-II.NFO,07/08/2024,09:18:08,50651.7,50651.15,60,50660,45,465,227580
BANKNIFTY-II.NFO,07/08/2024,09:18:10,50652.75,50653.75,45,50658.55,15,30,227580
BANKNIFTY-II.NFO,07/08/2024,09:18:11,50652.75,50655.65,45,50658,30,0,227580
BANKNIFTY-II.NFO,07/08/2024,09:18:13,50657.4,50658.5,30,50660,60,60,227580
BANKNIFTY-II.NFO,07/08/2024,09:18:14,50657.4,50657.5,30,50660,60,0,227580
BANKNIFTY-II.NFO,07/08/2024,09:18:16,50660,50659.3,30,50660,45,15,227580
BANKNIFTY-II.NFO,07/08/2024,09:18:18,50660,50656.6,15,50660,15,630,227580
BANKNIFTY-II.NFO,07/08/2024,09:18:20,50660,50659.05,150,50661.75,15,15,227580
BANKNIFTY-II.NFO,07/08/2024,09:18:21,50659.05,50655.85,135,50660,45,15,227580
BANKNIFTY-II.NFO,07/08/2024,09:18:23,50670,50654,300,50656.5,15,240,227580
BANKNIFTY-II.NFO,07/08/2024,09:18:25,50654,50653.85,300,50659,15,15,227580
BANKNIFTY-II.NFO,07/08/2024,09:18:26,50660,50653.9,30,50667.9,30,45,227580
BANKNIFTY-II.NFO,07/08/2024,09:18:28,50654.45,50657.55,135,50659.3,90,30,227580
BANKNIFTY-II.NFO,07/08/2024,09:18:30,50653.7,50653.55,300,50653.7,15,45,227580
BANKNIFTY-II.NFO,07/08/2024,09:18:31,50654,50653.4,300,50659.3,75,30,227580
BANKNIFTY-II.NFO,07/08/2024,09:18:33,50652.2,50651.6,150,50659.3,75,45,227580
BANKNIFTY-II.NFO,07/08/2024,09:18:35,50651.85,50651.7,300,50659.25,30,15,227580
BANKNIFTY-II.NFO,07/08/2024,09:18:36,50650.9,50650.75,300,50651.85,30,30,227580
BANKNIFTY-II.NFO,07/08/2024,09:18:38,50650.6,50649.4,300,50651.85,90,150,227580
BANKNIFTY-II.NFO,07/08/2024,09:18:40,50652.25,50650.25,15,50659.3,15,195,227580
BANKNIFTY-II.NFO,07/08/2024,09:18:41,50654.05,50654.3,105,50659.3,15,75,227580
BANKNIFTY-II.NFO,07/08/2024,09:18:43,50649.1,50648.7,300,50659.2,60,120,227580
BANKNIFTY-II.NFO,07/08/2024,09:18:45,50658.2,50645.7,105,50658.45,15,975,227580
BANKNIFTY-II.NFO,07/08/2024,09:18:46,50650.6,50648.2,30,50659.05,75,45,227580
BANKNIFTY-II.NFO,07/08/2024,09:18:48,50648.2,50645.7,15,50658.2,75,15,225840
BANKNIFTY-II.NFO,07/08/2024,09:18:50,50646.3,50646.15,300,50655.1,30,30,225840
BANKNIFTY-II.NFO,07/08/2024,09:18:51,50640.55,50636.2,300,50643.05,60,195,225840
BANKNIFTY-II.NFO,07/08/2024,09:18:53,50629.25,50616.8,30,50633.45,60,330,225840
BANKNIFTY-II.NFO,07/08/2024,09:18:55,50633.5,50632.5,300,50641.1,60,30,225840
BANKNIFTY-II.NFO,07/08/2024,09:18:56,50633.5,50631.05,300,50640.6,75,0,225840
BANKNIFTY-II.NFO,07/08/2024,09:18:58,50633.5,50626.1,300,50635.8,75,0,225840
BANKNIFTY-II.NFO,07/08/2024,09:19:00,50631.9,50630.85,315,50643.9,60,45,225840
BANKNIFTY-II.NFO,07/08/2024,09:19:01,50635.15,50632.95,75,50645.65,60,45,225840
BANKNIFTY-II.NFO,07/08/2024,09:19:03,50633.5,50633.85,195,50645.7,15,30,225840
BANKNIFTY-II.NFO,07/08/2024,09:19:05,50635.15,50636.7,75,50645.7,15,15,225840
BANKNIFTY-II.NFO,07/08/2024,09:19:06,50631.25,50629.25,300,50640.45,75,30,225840
BANKNIFTY-II.NFO,07/08/2024,09:19:08,50631.25,50631.25,270,50642.2,60,0,225840
BANKNIFTY-II.NFO,07/08/2024,09:19:10,50631.25,50631.25,270,50643.2,60,45,225840
BANKNIFTY-II.NFO,07/08/2024,09:19:11,50629.1,50628.75,285,50635.5,90,45,225840
BANKNIFTY-II.NFO,07/08/2024,09:19:13,50629.1,50629.1,15,50631,15,0,225840
BANKNIFTY-II.NFO,07/08/2024,09:19:15,50631,50629,90,50640,30,30,225840
BANKNIFTY-II.NFO,07/08/2024,09:19:16,50631,50630.2,15,50640,30,0,225840
BANKNIFTY-II.NFO,07/08/2024,09:19:18,50629,50628.8,375,50634.2,60,120,225840
BANKNIFTY-II.NFO,07/08/2024,09:19:20,50629,50630.75,60,50634.2,60,0,225840
BANKNIFTY-II.NFO,07/08/2024,09:19:21,50634.2,50629.05,60,50631.85,15,60,225840
BANKNIFTY-II.NFO,07/08/2024,09:19:23,50628.85,50628.85,30,50635,15,30,225840
BANKNIFTY-II.NFO,07/08/2024,09:19:25,50631.75,50631.75,30,50635,15,15,225840
BANKNIFTY-II.NFO,07/08/2024,09:19:26,50631.75,50630.05,195,50635,15,15,225840
BANKNIFTY-II.NFO,07/08/2024,09:19:28,50635,50633.15,285,50640,30,15,225840
BANKNIFTY-II.NFO,07/08/2024,09:19:30,50635,50635,300,50640,30,15,225840
BANKNIFTY-II.NFO,07/08/2024,09:19:31,50635.1,50635.4,15,50639.95,45,75,225840
BANKNIFTY-II.NFO,07/08/2024,09:19:33,50628.7,50629.75,300,50640,30,15,225840
BANKNIFTY-II.NFO,07/08/2024,09:19:35,50628.7,50631,300,50640,30,0,225840
BANKNIFTY-II.NFO,07/08/2024,09:19:36,50633.6,50633.25,315,50640,45,15,225840
BANKNIFTY-II.NFO,07/08/2024,09:19:38,50633.7,50631.95,300,50640,45,15,225840
BANKNIFTY-II.NFO,07/08/2024,09:19:40,50633.7,50631.55,300,50640,45,0,225840
BANKNIFTY-II.NFO,07/08/2024,09:19:41,50631.65,50630.35,255,50638.15,45,45,225840
BANKNIFTY-II.NFO,07/08/2024,09:19:43,50625.65,50625.5,270,50633.15,30,30,225840
BANKNIFTY-II.NFO,07/08/2024,09:19:45,50625.65,50627.45,60,50633.7,15,0,225840
BANKNIFTY-II.NFO,07/08/2024,09:19:46,50626.75,50622.95,300,50633.25,30,30,225840
BANKNIFTY-II.NFO,07/08/2024,09:19:48,50626.75,50612,30,50627.75,75,0,225840
BANKNIFTY-II.NFO,07/08/2024,09:19:50,50626.75,50605.75,315,50618.15,60,0,225840
BANKNIFTY-II.NFO,07/08/2024,09:19:51,50606.25,50611.9,300,50623.85,75,15,225840
BANKNIFTY-II.NFO,07/08/2024,09:19:53,50609.25,50611.7,105,50623.9,15,15,225840
BANKNIFTY-II.NFO,07/08/2024,09:19:55,50617.75,50613.25,270,50623.4,75,30,225840
BANKNIFTY-II.NFO,07/08/2024,09:19:56,50612.1,50609.95,105,50623.85,75,15,225840
BANKNIFTY-II.NFO,07/08/2024,09:19:58,50615.2,50614.9,285,50623.85,60,30,225840
BANKNIFTY-II.NFO,07/08/2024,09:20:00,50615.25,50612.45,30,50623.85,75,45,225840
BANKNIFTY-II.NFO,07/08/2024,09:20:01,50619.75,50618,300,50623.75,15,30,225840
BANKNIFTY-II.NFO,07/08/2024,09:20:03,50618,50616.5,285,50623.9,15,60,225840
BANKNIFTY-II.NFO,07/08/2024,09:20:05,50618.15,50615.7,255,50623.85,60,30,225840
BANKNIFTY-II.NFO,07/08/2024,09:20:06,50620,50616.2,315,50623.9,15,30,225840
BANKNIFTY-II.NFO,07/08/2024,09:20:08,50623.9,50622,75,50630,15,30,225840
BANKNIFTY-II.NFO,07/08/2024,09:20:10,50629.5,50629.3,75,50639.95,60,195,225840
BANKNIFTY-II.NFO,07/08/2024,09:20:11,50639.95,50630.3,105,50639.95,45,15,225840
BANKNIFTY-II.NFO,07/08/2024,09:20:13,50640,50637.2,45,50640,195,150,225840
BANKNIFTY-II.NFO,07/08/2024,09:20:15,50644.45,50645.2,30,50649.1,15,300,225840
BANKNIFTY-II.NFO,07/08/2024,09:20:16,50643.15,50634.6,30,50648.85,45,15,225840
BANKNIFTY-II.NFO,07/08/2024,09:20:18,50640,50629.95,90,50645,45,15,225840
BANKNIFTY-II.NFO,07/08/2024,09:20:19,50629.95,50634.35,60,50646.9,75,15,225840
BANKNIFTY-II.NFO,07/08/2024,09:20:21,50649.1,50639.5,90,50650,45,15,225840
BANKNIFTY-II.NFO,07/08/2024,09:20:23,50639.55,50646.9,30,50649.7,75,30,225840
BANKNIFTY-II.NFO,07/08/2024,09:20:24,50646.9,50630.5,45,50644.7,75,30,225840
BANKNIFTY-II.NFO,07/08/2024,09:20:26,50646.9,50632.3,75,50649.65,75,0,225840
BANKNIFTY-II.NFO,07/08/2024,09:20:28,50646.9,50633.7,75,50649.95,75,0,225840
BANKNIFTY-II.NFO,07/08/2024,09:20:29,50646.9,50633.7,75,50648.8,90,0,225840
BANKNIFTY-II.NFO,07/08/2024,09:20:31,50648.8,50632.85,90,50647.8,60,15,225840
BANKNIFTY-II.NFO,07/08/2024,09:20:33,50648.8,50632.6,90,50646.85,75,0,225840
BANKNIFTY-II.NFO,07/08/2024,09:20:34,50648.8,50632,90,50646.85,60,0,225840
BANKNIFTY-II.NFO,07/08/2024,09:20:36,50648.8,50635.6,90,50646.85,60,0,225840
BANKNIFTY-II.NFO,07/08/2024,09:20:37,50648.8,50640,15,50646.85,75,0,225840
BANKNIFTY-II.NFO,07/08/2024,09:20:39,50646.9,50646.85,15,50646.9,15,75,225840
BANKNIFTY-II.NFO,07/08/2024,09:20:41,50640,50639.7,300,50646.9,15,75,225840
BANKNIFTY-II.NFO,07/08/2024,09:20:42,50639.7,50639.55,300,50646.85,30,15,225840
BANKNIFTY-II.NFO,07/08/2024,09:20:44,50646.85,50639.55,300,50646.85,45,30,225840
BANKNIFTY-II.NFO,07/08/2024,09:20:46,50628.8,50628.5,300,50637.65,30,135,225840
BANKNIFTY-II.NFO,07/08/2024,09:20:47,50628.8,50629.25,60,50640,45,0,225840
BANKNIFTY-II.NFO,07/08/2024,09:20:49,50639.95,50628.75,75,50640,45,45,225840
BANKNIFTY-II.NFO,07/08/2024,09:20:51,50640,50629.85,60,50640,30,15,225840
BANKNIFTY-II.NFO,07/08/2024,09:20:52,50640,50630.45,75,50644.75,45,15,225840
BANKNIFTY-II.NFO,07/08/2024,09:20:54,50640,50634.15,60,50645,15,0,225840
BANKNIFTY-II.NFO,07/08/2024,09:20:56,50634.75,50629.55,60,50644.95,30,15,225840
BANKNIFTY-II.NFO,07/08/2024,09:20:57,50634.75,50628.6,30,50640,30,0,225840
BANKNIFTY-II.NFO,07/08/2024,09:20:59,50634.75,50629.65,60,50640,30,0,225840
BANKNIFTY-II.NFO,07/08/2024,09:21:01,50634.75,50631.6,300,50640,60,0,225840
BANKNIFTY-II.NFO,07/08/2024,09:21:02,50634.75,50635.75,300,50640,45,0,225840
BANKNIFTY-II.NFO,07/08/2024,09:21:04,50632.25,50632.25,255,50640,60,45,225840
BANKNIFTY-II.NFO,07/08/2024,09:21:06,50632.3,50632.25,150,50635.75,150,15,225840
BANKNIFTY-II.NFO,07/08/2024,09:21:07,50634,50626.5,60,50634,30,30,225840
BANKNIFTY-II.NFO,07/08/2024,09:21:09,50625,50631.55,300,50633.95,60,105,225840
BANKNIFTY-II.NFO,07/08/2024,09:21:11,50631.55,50617.35,45,50632.3,90,300,225840
BANKNIFTY-II.NFO,07/08/2024,09:21:12,50631.55,50623.15,45,50633.15,60,0,225840
BANKNIFTY-II.NFO,07/08/2024,09:21:14,50631.55,50628.15,300,50631.5,75,0,225840
BANKNIFTY-II.NFO,07/08/2024,09:21:16,50631.55,50623.65,300,50631,75,0,225840
BANKNIFTY-II.NFO,07/08/2024,09:21:17,50631.55,50620.75,45,50631.5,75,0,225840
BANKNIFTY-II.NFO,07/08/2024,09:21:19,50631.55,50628.9,315,50631.55,15,0,225840
BANKNIFTY-II.NFO,07/08/2024,09:21:24,50631.55,50629.7,15,50634,30,15,225840
BANKNIFTY-II.NFO,07/08/2024,09:21:26,50634,50634,45,50634.75,45,75,225840
BANKNIFTY-II.NFO,07/08/2024,09:21:27,50633.6,50631.25,45,50633.7,90,30,225840
BANKNIFTY-II.NFO,07/08/2024,09:21:29,50633.6,50633.2,45,50634.7,60,0,225840
BANKNIFTY-II.NFO,07/08/2024,09:21:31,50631,50624.8,45,50628.75,60,165,225840
BANKNIFTY-II.NFO,07/08/2024,09:21:32,50631,50630.3,45,50634.3,105,0,225840
BANKNIFTY-II.NFO,07/08/2024,09:21:34,50631,50620.95,45,50626.35,75,0,225840
BANKNIFTY-II.NFO,07/08/2024,09:21:36,50626.35,50618.9,45,50625.85,75,15,225840
BANKNIFTY-II.NFO,07/08/2024,09:21:37,50626.35,50619.6,45,50628.7,75,0,225840
BANKNIFTY-II.NFO,07/08/2024,09:21:39,50626.35,50617.65,45,50623.8,75,0,225840
BANKNIFTY-II.NFO,07/08/2024,09:21:41,50619.5,50613,45,50619.65,60,30,225840
BANKNIFTY-II.NFO,07/08/2024,09:21:42,50619.5,50609.15,60,50618.65,60,0,225840
BANKNIFTY-II.NFO,07/08/2024,09:21:44,50618.65,50609.45,45,50620.4,60,15,225840
BANKNIFTY-II.NFO,07/08/2024,09:21:46,50618.65,50608.8,45,50620.3,60,0,225840
BANKNIFTY-II.NFO,07/08/2024,09:21:47,50607.5,50607.25,75,50620.35,60,30,225840
BANKNIFTY-II.NFO,07/08/2024,09:21:49,50607.5,50607.25,75,50617.9,30,0,225840
BANKNIFTY-II.NFO,07/08/2024,09:21:51,50600.4,50600.05,15,50605.9,75,180,226605
BANKNIFTY-II.NFO,07/08/2024,09:21:52,50539.95,50525.1,60,50554.95,60,585,226605
BANKNIFTY-II.NFO,07/08/2024,09:21:52,50539.95,50525.1,60,50554.95,60,0,226605
BANKNIFTY-II.NFO,07/08/2024,09:21:54,50580.25,50556.4,75,50580.25,15,225,226605
BANKNIFTY-II.NFO,07/08/2024,09:21:54,50530.5,50556.4,75,50580.25,15,0,226605
BANKNIFTY-II.NFO,07/08/2024,09:21:56,50580.25,50561.95,30,50582.1,30,15,226605
BANKNIFTY-II.NFO,07/08/2024,09:21:57,50580.25,50560.65,30,50573.55,15,0,226605
BANKNIFTY-II.NFO,07/08/2024,09:21:59,50560.05,50568.55,60,50583.7,30,90,226605
BANKNIFTY-II.NFO,07/08/2024,09:22:01,50568.15,50566.85,30,50581.25,45,30,226605
BANKNIFTY-II.NFO,07/08/2024,09:22:02,50585.25,50568.95,60,50585.3,30,15,226605
BANKNIFTY-II.NFO,07/08/2024,09:22:04,50571.15,50571.15,15,50587.6,75,90,226605
BANKNIFTY-II.NFO,07/08/2024,09:22:06,50571.15,50564.4,30,50577.8,105,0,226605
BANKNIFTY-II.NFO,07/08/2024,09:22:07,50568.25,50568.15,15,50572.25,30,15,226605
BANKNIFTY-II.NFO,07/08/2024,09:22:09,50568.25,50565.05,15,50579.75,75,0,226605
BANKNIFTY-II.NFO,07/08/2024,09:22:11,50568.15,50568.1,300,50579,30,15,226605
BANKNIFTY-II.NFO,07/08/2024,09:22:12,50580,50575.55,75,50589.9,30,15,226605
BANKNIFTY-II.NFO,07/08/2024,09:22:14,50580,50569.95,75,50591.95,75,0,226605
BANKNIFTY-II.NFO,07/08/2024,09:22:16,50580,50578.65,75,50597.05,75,0,226605
BANKNIFTY-II.NFO,07/08/2024,09:22:17,50579,50579.75,30,50598.15,60,30,226605
BANKNIFTY-II.NFO,07/08/2024,09:22:19,50579,50568.15,30,50586.2,60,0,226605
BANKNIFTY-II.NFO,07/08/2024,09:22:21,50579,50568.25,300,50577.3,30,0,226605
BANKNIFTY-II.NFO,07/08/2024,09:22:22,50579,50572.15,300,50579.4,75,0,226605
BANKNIFTY-II.NFO,07/08/2024,09:22:24,50579,50572.8,300,50581,75,0,226605
BANKNIFTY-II.NFO,07/08/2024,09:22:26,50569.95,50568.5,285,50578.3,60,15,226605
BANKNIFTY-II.NFO,07/08/2024,09:22:27,50569.95,50560.25,300,50573.4,75,0,226605
BANKNIFTY-II.NFO,07/08/2024,09:22:29,50560.8,50561.3,30,50575.6,60,15,226605
BANKNIFTY-II.NFO,07/08/2024,09:22:31,50560.8,50559.9,300,50569.25,60,0,226605
BANKNIFTY-II.NFO,07/08/2024,09:22:32,50560.8,50561.15,30,50574.95,60,15,226605
BANKNIFTY-II.NFO,07/08/2024,09:22:34,50561.8,50561.3,30,50575,30,15,226605
BANKNIFTY-II.NFO,07/08/2024,09:22:36,50565.9,50563.35,30,50575,30,15,226605
BANKNIFTY-II.NFO,07/08/2024,09:22:37,50560.8,50563.15,45,50575,30,210,226605
BANKNIFTY-II.NFO,07/08/2024,09:22:39,50575,50568.25,15,50575,15,15,226605
BANKNIFTY-II.NFO,07/08/2024,09:22:41,50575,50567.35,15,50575,15,0,226605
BANKNIFTY-II.NFO,07/08/2024,09:22:42,50560.8,50560.8,255,50573.75,75,15,226605
BANKNIFTY-II.NFO,07/08/2024,09:22:44,50560.8,50561.1,45,50574.95,75,0,226605
BANKNIFTY-II.NFO,07/08/2024,09:22:46,50561.1,50560.8,255,50569.3,60,15,226605
BANKNIFTY-II.NFO,07/08/2024,09:22:47,50558.1,50550.95,210,50558.5,60,90,226605
BANKNIFTY-II.NFO,07/08/2024,09:22:49,50558.1,50554.5,300,50562.9,75,0,226605
BANKNIFTY-II.NFO,07/08/2024,09:22:50,50558.1,50556,300,50568.15,60,0,226605
BANKNIFTY-II.NFO,07/08/2024,09:22:52,50556,50550.35,15,50556.05,30,15,226605
BANKNIFTY-II.NFO,07/08/2024,09:22:54,50556,50551.2,300,50556.55,60,0,226605
BANKNIFTY-II.NFO,07/08/2024,09:22:55,50556,50550.35,300,50551.2,150,0,226605
BANKNIFTY-II.NFO,07/08/2024,09:22:57,50551.2,50550,15,50553.85,30,150,226605
BANKNIFTY-II.NFO,07/08/2024,09:22:59,50550,50541.35,150,50547.8,45,15,226605
BANKNIFTY-II.NFO,07/08/2024,09:23:00,50550,50540.85,150,50549.5,15,0,226605
BANKNIFTY-II.NFO,07/08/2024,09:23:02,50540,50546.5,150,50550,75,15,226605
BANKNIFTY-II.NFO,07/08/2024,09:23:04,50550,50550.05,15,50555.95,15,75,226605
BANKNIFTY-II.NFO,07/08/2024,09:23:05,50550,50549.85,150,50555.95,15,45,226605
BANKNIFTY-II.NFO,07/08/2024,09:23:07,50550,50549,75,50555.95,15,0,226605
BANKNIFTY-II.NFO,07/08/2024,09:23:08,50550,50544.75,150,50553.2,60,0,226605
BANKNIFTY-II.NFO,07/08/2024,09:23:10,50550,50547.95,150,50555.95,15,0,226605
BANKNIFTY-II.NFO,07/08/2024,09:23:12,50552.6,50552.45,285,50555.95,15,30,226605
BANKNIFTY-II.NFO,07/08/2024,09:23:13,50552.6,50552.6,300,50555.95,15,0,226605
BANKNIFTY-II.NFO,07/08/2024,09:23:15,50552.6,50552.6,15,50555.9,60,0,226605
BANKNIFTY-II.NFO,07/08/2024,09:23:17,50552.6,50551.1,300,50558.1,15,15,226605
BANKNIFTY-II.NFO,07/08/2024,09:23:18,50552.6,50552.6,15,50558.1,15,30,226605
BANKNIFTY-II.NFO,07/08/2024,09:23:20,50552.6,50552.6,15,50558.1,15,0,226605
BANKNIFTY-II.NFO,07/08/2024,09:23:23,50552.6,50550.3,300,50558.1,15,15,226605
BANKNIFTY-II.NFO,07/08/2024,09:23:25,50552.6,50550.6,300,50558.1,15,0,226605
BANKNIFTY-II.NFO,07/08/2024,09:23:26,50558.1,50549.35,300,50560.45,75,30,226605
BANKNIFTY-II.NFO,07/08/2024,09:23:28,50552,50549.05,300,50557.1,75,15,226605
BANKNIFTY-II.NFO,07/08/2024,09:23:30,50556.6,50546.65,300,50557.25,75,30,226605
BANKNIFTY-II.NFO,07/08/2024,09:23:31,50556.6,50546.05,30,50557.45,75,0,226605
BANKNIFTY-II.NFO,07/08/2024,09:23:33,50556.6,50542.05,30,50553.45,75,0,226605
BANKNIFTY-II.NFO,07/08/2024,09:23:35,50556.6,50548.65,60,50560,15,0,226605
BANKNIFTY-II.NFO,07/08/2024,09:23:36,50552.2,50552,300,50560,15,15,226605
BANKNIFTY-II.NFO,07/08/2024,09:23:38,50552.2,50552.1,300,50560,15,0,226605
BANKNIFTY-II.NFO,07/08/2024,09:23:40,50552.2,50552.45,15,50560,15,0,226605
BANKNIFTY-II.NFO,07/08/2024,09:23:41,50560,50551.35,300,50561.95,15,30,226605
BANKNIFTY-II.NFO,07/08/2024,09:23:43,50560,50552.3,75,50565.9,60,0,226605
BANKNIFTY-II.NFO,07/08/2024,09:23:45,50560,50552.05,75,50563.9,60,0,226605
BANKNIFTY-II.NFO,07/08/2024,09:23:46,50560,50557.1,300,50567.9,60,0,226605
BANKNIFTY-II.NFO,07/08/2024,09:23:48,50560,50563.65,300,50576.25,60,0,226605
BANKNIFTY-II.NFO,07/08/2024,09:23:50,50560,50566.05,15,50578.8,60,0,226605
BANKNIFTY-II.NFO,07/08/2024,09:23:51,50560,50569.2,300,50579.85,60,0,226605
BANKNIFTY-II.NFO,07/08/2024,09:23:53,50560,50570.35,300,50580,30,0,226605
BANKNIFTY-II.NFO,07/08/2024,09:23:55,50560,50572.15,300,50580,30,0,226605
BANKNIFTY-II.NFO,07/08/2024,09:23:56,50560,50573.2,300,50580,30,0,226605
BANKNIFTY-II.NFO,07/08/2024,09:23:58,50560,50568.65,300,50575.2,60,0,226605
BANKNIFTY-II.NFO,07/08/2024,09:24:00,50575.25,50564.95,300,50570.9,60,150,226605
BANKNIFTY-II.NFO,07/08/2024,09:24:01,50575.25,50567.6,60,50579.9,75,0,226605
BANKNIFTY-II.NFO,07/08/2024,09:24:03,50575.25,50559.5,90,50571.95,30,0,226605
BANKNIFTY-II.NFO,07/08/2024,09:24:05,50575.25,50564.5,60,50575.9,45,0,226605
BANKNIFTY-II.NFO,07/08/2024,09:24:06,50575,50564.6,45,50576.5,30,45,226605
BANKNIFTY-II.NFO,07/08/2024,09:24:08,50575,50563.7,300,50571.75,45,0,226605
BANKNIFTY-II.NFO,07/08/2024,09:24:10,50575,50553.95,45,50568.1,45,0,226605
BANKNIFTY-II.NFO,07/08/2024,09:24:11,50575,50563.2,300,50571,60,0,226605
BANKNIFTY-II.NFO,07/08/2024,09:24:13,50575,50563.3,300,50572,60,0,226605
BANKNIFTY-II.NFO,07/08/2024,09:24:15,50563.3,50563.35,45,50574.65,90,30,226605
BANKNIFTY-II.NFO,07/08/2024,09:24:16,50563.3,50563.35,45,50575,45,0,226605
BANKNIFTY-II.NFO,07/08/2024,09:24:18,50563.3,50569.05,90,50575,30,0,226605
BANKNIFTY-II.NFO,07/08/2024,09:24:20,50563.3,50563.35,45,50574.3,75,0,226605
BANKNIFTY-II.NFO,07/08/2024,09:24:21,50563.3,50563.35,45,50575,45,0,226605
BANKNIFTY-II.NFO,07/08/2024,09:24:23,50563.3,50566.55,75,50575,15,0,226605
BANKNIFTY-II.NFO,07/08/2024,09:24:25,50575,50564.45,45,50577,15,15,226605
BANKNIFTY-II.NFO,07/08/2024,09:24:26,50564.45,50561.9,30,50574.95,45,15,226605
BANKNIFTY-II.NFO,07/08/2024,09:24:28,50564.45,50564.05,15,50575,15,60,226605
BANKNIFTY-II.NFO,07/08/2024,09:24:30,50575,50568.05,15,50577,15,30,226605
BANKNIFTY-II.NFO,07/08/2024,09:24:31,50579.45,50568.1,30,50579.4,60,45,226605
BANKNIFTY-II.NFO,07/08/2024,09:24:33,50572.05,50568.1,75,50575,15,30,226605
BANKNIFTY-II.NFO,07/08/2024,09:24:35,50580,50572.1,45,50580,105,30,226605
BANKNIFTY-II.NFO,07/08/2024,09:24:36,50580,50574.1,45,50584.45,60,105,226605
BANKNIFTY-II.NFO,07/08/2024,09:24:38,50568.95,50570.05,15,50581.7,30,150,226605
BANKNIFTY-II.NFO,07/08/2024,09:24:40,50568.95,50574.05,15,50584.05,30,0,226605
BANKNIFTY-II.NFO,07/08/2024,09:24:41,50581.8,50580,15,50583.3,30,30,226605
BANKNIFTY-II.NFO,07/08/2024,09:24:43,50581.8,50580,15,50583.8,75,0,226605
BANKNIFTY-II.NFO,07/08/2024,09:24:45,50583.8,50580,15,50583.55,60,30,226605
BANKNIFTY-II.NFO,07/08/2024,09:24:46,50583.8,50580,15,50583.4,75,0,226605
BANKNIFTY-II.NFO,07/08/2024,09:24:48,50580,50576,300,50580.1,30,15,226605
BANKNIFTY-II.NFO,07/08/2024,09:24:50,50580.1,50580.1,270,50583.8,15,30,227310
BANKNIFTY-II.NFO,07/08/2024,09:24:51,50580,50570.2,60,50583.65,105,15,227310
BANKNIFTY-II.NFO,07/08/2024,09:24:53,50580,50577,300,50583,60,0,227310
BANKNIFTY-II.NFO,07/08/2024,09:24:55,50580,50575.85,300,50583.75,60,0,227310
BANKNIFTY-II.NFO,07/08/2024,09:24:56,50580,50575.95,300,50582.75,60,0,227310
BANKNIFTY-II.NFO,07/08/2024,09:24:58,50575,50573.15,300,50581.15,75,45,227310
BANKNIFTY-II.NFO,07/08/2024,09:25:00,50575,50580,15,50581.8,15,0,227310
BANKNIFTY-II.NFO,07/08/2024,09:25:01,50583.8,50580,15,50584.95,60,30,227310
BANKNIFTY-II.NFO,07/08/2024,09:25:03,50580,50584.95,15,50585,30,15,227310
BANKNIFTY-II.NFO,07/08/2024,09:25:05,50584.95,50579.75,60,50585,30,15,227310
BANKNIFTY-II.NFO,07/08/2024,09:25:06,50585,50585,270,50589,15,30,227310
BANKNIFTY-II.NFO,07/08/2024,09:25:08,50589,50576.9,300,50585.9,45,15,227310
BANKNIFTY-II.NFO,07/08/2024,09:25:10,50589,50575,15,50578.7,60,0,227310
BANKNIFTY-II.NFO,07/08/2024,09:25:11,50583.35,50583.35,15,50588.7,30,15,227310
BANKNIFTY-II.NFO,07/08/2024,09:25:13,50583.35,50583.35,15,50589.2,75,0,227310
BANKNIFTY-II.NFO,07/08/2024,09:25:15,50587.95,50583.35,15,50587.4,60,15,227310
BANKNIFTY-II.NFO,07/08/2024,09:25:16,50589.95,50583.35,15,50589.9,30,15,227310
BANKNIFTY-II.NFO,07/08/2024,09:25:18,50589.95,50583.35,15,50586.75,30,0,227310
BANKNIFTY-II.NFO,07/08/2024,09:25:20,50589.3,50578.6,300,50589.3,45,30,227310
BANKNIFTY-II.NFO,07/08/2024,09:25:21,50587.8,50578.5,300,50587.7,15,15,227310
BANKNIFTY-II.NFO,07/08/2024,09:25:23,50587.8,50578.3,300,50589.5,45,0,227310
BANKNIFTY-II.NFO,07/08/2024,09:25:25,50587.8,50580.5,300,50589.5,45,0,227310
BANKNIFTY-II.NFO,07/08/2024,09:25:26,50575.6,50575.6,285,50583.95,45,15,227310
BANKNIFTY-II.NFO,07/08/2024,09:25:28,50575.6,50575.65,60,50587.45,45,0,227310
BANKNIFTY-II.NFO,07/08/2024,09:25:30,50587.45,50575,15,50580.6,30,15,227310
BANKNIFTY-II.NFO,07/08/2024,09:25:31,50575,50567.6,300,50574.6,45,15,227310
BANKNIFTY-II.NFO,07/08/2024,09:25:33,50575,50561.7,300,50570.3,30,0,227310
BANKNIFTY-II.NFO,07/08/2024,09:25:35,50556.3,50552.2,15,50558,45,15,227310
BANKNIFTY-II.NFO,07/08/2024,09:25:36,50552,50550.05,60,50559.9,45,45,227310
BANKNIFTY-II.NFO,07/08/2024,09:25:38,50568.95,50555.4,60,50568.95,45,15,227310
BANKNIFTY-II.NFO,07/08/2024,09:25:40,50568.95,50562.1,60,50575.15,45,0,227310
BANKNIFTY-II.NFO,07/08/2024,09:25:41,50568.95,50558.1,60,50569.95,15,0,227310
BANKNIFTY-II.NFO,07/08/2024,09:25:43,50568.95,50560.1,60,50574.5,45,0,227310
BANKNIFTY-II.NFO,07/08/2024,09:25:45,50568.95,50556.35,60,50571.55,30,0,227310
BANKNIFTY-II.NFO,07/08/2024,09:25:46,50556.05,50554.95,60,50567.05,60,75,227310
BANKNIFTY-II.NFO,07/08/2024,09:25:48,50556.05,50550.25,300,50559.8,105,0,227310
BANKNIFTY-II.NFO,07/08/2024,09:25:50,50556.05,50555.9,60,50564,30,0,227310
BANKNIFTY-II.NFO,07/08/2024,09:25:51,50560.35,50552.1,60,50560.35,15,15,227310
BANKNIFTY-II.NFO,07/08/2024,09:25:53,50555.4,50553.05,285,50561.75,75,15,227310
BANKNIFTY-II.NFO,07/08/2024,09:25:55,50555.4,50553.35,360,50563.85,90,0,227310
BANKNIFTY-II.NFO,07/08/2024,09:25:56,50553.85,50552.6,60,50563.7,60,75,227310
BANKNIFTY-II.NFO,07/08/2024,09:25:58,50556.1,50550,240,50557.1,60,30,227310
BANKNIFTY-II.NFO,07/08/2024,09:26:00,50554.3,50551.15,45,50563.9,75,15,227310
BANKNIFTY-II.NFO,07/08/2024,09:26:01,50554.3,50550.05,45,50561.65,60,0,227310
BANKNIFTY-II.NFO,07/08/2024,09:26:03,50554.3,50555,15,50556.7,60,0,227310
BANKNIFTY-II.NFO,07/08/2024,09:26:05,50555,50550,225,50559.1,60,15,227310
BANKNIFTY-II.NFO,07/08/2024,09:26:06,50555,50550,225,50556.1,15,0,227310
BANKNIFTY-II.NFO,07/08/2024,09:26:08,50555,50550,225,50556.05,75,0,227310
BANKNIFTY-II.NFO,07/08/2024,09:26:10,50554.65,50550,375,50556.1,15,30,227310
BANKNIFTY-II.NFO,07/08/2024,09:26:11,50554.65,50555.4,15,50556.1,15,0,227310
BANKNIFTY-II.NFO,07/08/2024,09:26:13,50555.4,50550,225,50556.1,15,15,227310
BANKNIFTY-II.NFO,07/08/2024,09:26:15,50558.4,50550,210,50557.85,15,75,227310
BANKNIFTY-II.NFO,07/08/2024,09:26:16,50551.05,50550,165,50554,15,75,227310
BANKNIFTY-II.NFO,07/08/2024,09:26:18,50551.05,50550,165,50553.65,15,0,227310
BANKNIFTY-II.NFO,07/08/2024,09:26:20,50540,50533.7,60,50545.6,15,195,227310
BANKNIFTY-II.NFO,07/08/2024,09:26:21,50540,50535.9,60,50548.8,45,0,227310
BANKNIFTY-II.NFO,07/08/2024,09:26:23,50553.15,50542.05,30,50554.4,45,15,227310
BANKNIFTY-II.NFO,07/08/2024,09:26:25,50545.35,50544.05,15,50550,30,15,227310
BANKNIFTY-II.NFO,07/08/2024,09:26:26,50550,50542.1,60,50550,15,15,227310
BANKNIFTY-II.NFO,07/08/2024,09:26:28,50550,50539.85,30,50548.25,105,0,227310
BANKNIFTY-II.NFO,07/08/2024,09:26:30,50549.1,50539.15,45,50550,60,45,227310
BANKNIFTY-II.NFO,07/08/2024,09:26:31,50549.1,50536.05,15,50549.15,30,0,227310
BANKNIFTY-II.NFO,07/08/2024,09:26:33,50538.05,50536.05,15,50547.9,45,15,227310
BANKNIFTY-II.NFO,07/08/2024,09:26:35,50538.05,50540.05,30,50550,60,0,227310
BANKNIFTY-II.NFO,07/08/2024,09:26:36,50538.05,50540.1,60,50549.1,15,0,227310
BANKNIFTY-II.NFO,07/08/2024,09:26:38,50538.05,50542.05,30,50549.1,60,0,227310
BANKNIFTY-II.NFO,07/08/2024,09:26:40,50542.05,50535.95,600,50539.75,15,15,227310
BANKNIFTY-II.NFO,07/08/2024,09:26:41,50542.05,50538.1,75,50549.1,60,0,227310
BANKNIFTY-II.NFO,07/08/2024,09:26:43,50538.7,50536.1,60,50549,15,45,227310
BANKNIFTY-II.NFO,07/08/2024,09:26:45,50535.95,50530.05,60,50542.7,30,600,227310
BANKNIFTY-II.NFO,07/08/2024,09:26:46,50538.05,50536.05,15,50547.25,15,15,227310
BANKNIFTY-II.NFO,07/08/2024,09:26:48,50530,50530,15,50537.75,30,45,227310
BANKNIFTY-II.NFO,07/08/2024,09:26:48,50530,50530,15,50537.75,30,0,227310
BANKNIFTY-II.NFO,07/08/2024,09:26:49,50530,50525,60,50527.8,15,15,227310
BANKNIFTY-II.NFO,07/08/2024,09:26:51,50530,50525,60,50530.25,30,0,227310
BANKNIFTY-II.NFO,07/08/2024,09:26:53,50514.15,50514.4,75,50527.9,75,105,227310
BANKNIFTY-II.NFO,07/08/2024,09:26:53,50514.15,50514.4,75,50527.9,75,0,227310
BANKNIFTY-II.NFO,07/08/2024,09:26:54,50514.15,50520.25,75,50529.2,15,0,227310
BANKNIFTY-II.NFO,07/08/2024,09:26:56,50514.15,50527.05,15,50529.2,15,0,227310
BANKNIFTY-II.NFO,07/08/2024,09:26:59,50527.05,50516.15,60,50528.6,105,15,227310
BANKNIFTY-II.NFO,07/08/2024,09:27:01,50529.2,50518.4,75,50531.55,45,45,227310
BANKNIFTY-II.NFO,07/08/2024,09:27:03,50529.2,50521,75,50533.9,45,0,227310
BANKNIFTY-II.NFO,07/08/2024,09:27:04,50522.1,50522.1,60,50533.4,45,15,227310
BANKNIFTY-II.NFO,07/08/2024,09:27:06,50522.1,50526.05,30,50537.85,45,0,227310
BANKNIFTY-II.NFO,07/08/2024,09:27:08,50541.55,50526,45,50541.9,60,60,227310
BANKNIFTY-II.NFO,07/08/2024,09:27:09,50541.55,50527.3,45,50540.15,60,0,227310
BANKNIFTY-II.NFO,07/08/2024,09:27:11,50530,50525.35,45,50539.9,60,180,227310
BANKNIFTY-II.NFO,07/08/2024,09:27:13,50530,50532.1,45,50547.65,75,0,227310
BANKNIFTY-II.NFO,07/08/2024,09:27:14,50530,50533.5,30,50547.9,75,0,227310
BANKNIFTY-II.NFO,07/08/2024,09:27:16,50530.1,50526.2,30,50541.65,60,15,227310
BANKNIFTY-II.NFO,07/08/2024,09:27:18,50542.1,50532.1,15,50544.5,60,15,227310
BANKNIFTY-II.NFO,07/08/2024,09:27:19,50542.1,50535.7,15,50547.9,75,0,227310
BANKNIFTY-II.NFO,07/08/2024,09:27:21,50536.65,50540.05,15,50549,60,45,227310
BANKNIFTY-II.NFO,07/08/2024,09:27:22,50540.05,50540.05,15,50549.05,15,45,227310
BANKNIFTY-II.NFO,07/08/2024,09:27:24,50540.05,50540.5,300,50542.1,60,0,227310
BANKNIFTY-II.NFO,07/08/2024,09:27:26,50540.05,50532.05,15,50541,75,0,227310
BANKNIFTY-II.NFO,07/08/2024,09:27:27,50540.05,50535.1,300,50542.1,60,0,227310
BANKNIFTY-II.NFO,07/08/2024,09:27:29,50540.05,50534.05,15,50542.1,60,0,227310
BANKNIFTY-II.NFO,07/08/2024,09:27:31,50540.05,50535,300,50542.1,60,0,227310
BANKNIFTY-II.NFO,07/08/2024,09:27:32,50540,50538.25,300,50542.1,60,15,227310
BANKNIFTY-II.NFO,07/08/2024,09:27:34,50540,50538.25,300,50542.1,60,0,227310
BANKNIFTY-II.NFO,07/08/2024,09:27:36,50540.55,50540.3,300,50542.1,60,15,227310
BANKNIFTY-II.NFO,07/08/2024,09:27:37,50540.35,50539.95,285,50542.1,60,15,227310
BANKNIFTY-II.NFO,07/08/2024,09:27:39,50540.35,50540,15,50542.1,60,0,227310
BANKNIFTY-II.NFO,07/08/2024,09:27:41,50540.35,50540.25,300,50542.1,60,0,227310
BANKNIFTY-II.NFO,07/08/2024,09:27:42,50540,50537.3,300,50542.1,60,15,227310
BANKNIFTY-II.NFO,07/08/2024,09:27:44,50540,50540.35,300,50542.1,60,0,227310
BANKNIFTY-II.NFO,07/08/2024,09:27:46,50540,50536.2,300,50540,15,0,227310
BANKNIFTY-II.NFO,07/08/2024,09:27:47,50540,50537.1,15,50542.1,60,15,227310
BANKNIFTY-II.NFO,07/08/2024,09:27:49,50540,50538.85,15,50542.1,60,0,227310
BANKNIFTY-II.NFO,07/08/2024,09:27:51,50540,50534.25,15,50542.1,60,0,227310
BANKNIFTY-II.NFO,07/08/2024,09:27:52,50540,50534.35,15,50540,60,0,227310
BANKNIFTY-II.NFO,07/08/2024,09:27:54,50540,50530.35,15,50538,75,0,227310
BANKNIFTY-II.NFO,07/08/2024,09:27:56,50540,50525,15,50528.95,60,0,227310
BANKNIFTY-II.NFO,07/08/2024,09:27:57,50540,50525,15,50532,75,0,227310
BANKNIFTY-II.NFO,07/08/2024,09:27:59,50540,50527,15,50535,75,0,227310
BANKNIFTY-II.NFO,07/08/2024,09:28:01,50540,50529.7,30,50541,75,0,227310
BANKNIFTY-II.NFO,07/08/2024,09:28:02,50531.3,50532.1,30,50542.1,60,15,227010
BANKNIFTY-II.NFO,07/08/2024,09:28:04,50531.3,50534.3,30,50542.1,60,0,227010
BANKNIFTY-II.NFO,07/08/2024,09:28:06,50531.3,50535.15,30,50542.1,60,0,227010
BANKNIFTY-II.NFO,07/08/2024,09:28:07,50535.15,50533,30,50542.1,60,30,227010
BANKNIFTY-II.NFO,07/08/2024,09:28:09,50531.85,50533.55,60,50542.1,60,60,227010
BANKNIFTY-II.NFO,07/08/2024,09:28:11,50531.85,50533.9,90,50542.1,60,0,227010
BANKNIFTY-II.NFO,07/08/2024,09:28:12,50539,50532.05,45,50542.1,60,30,227010
BANKNIFTY-II.NFO,07/08/2024,09:28:14,50540,50528.35,90,50541,60,15,227010
BANKNIFTY-II.NFO,07/08/2024,09:28:16,50540,50531.3,330,50542,60,0,227010
BANKNIFTY-II.NFO,07/08/2024,09:28:17,50540,50531.95,60,50541,75,0,227010
BANKNIFTY-II.NFO,07/08/2024,09:28:19,50540,50529.4,300,50535.8,30,0,227010
BANKNIFTY-II.NFO,07/08/2024,09:28:21,50540,50535,15,50535.95,60,0,227010
BANKNIFTY-II.NFO,07/08/2024,09:28:22,50527.9,50529.35,300,50539.95,60,45,227010
BANKNIFTY-II.NFO,07/08/2024,09:28:24,50530.25,50530.25,315,50541,60,15,227010
BANKNIFTY-II.NFO,07/08/2024,09:28:26,50530.25,50536.05,15,50544.95,75,0,227010
BANKNIFTY-II.NFO,07/08/2024,09:28:27,50530.25,50530.25,315,50542,75,0,227010
BANKNIFTY-II.NFO,07/08/2024,09:28:29,50530.25,50531.5,90,50542,60,0,227010
BANKNIFTY-II.NFO,07/08/2024,09:28:31,50530.25,50530.25,300,50538.95,75,0,227010
BANKNIFTY-II.NFO,07/08/2024,09:28:32,50530.25,50527.9,270,50535.45,75,0,227010
BANKNIFTY-II.NFO,07/08/2024,09:28:34,50527.9,50530.15,300,50540.95,75,15,227010
BANKNIFTY-II.NFO,07/08/2024,09:28:36,50527.9,50532.05,15,50541.95,75,0,227010
BANKNIFTY-II.NFO,07/08/2024,09:28:37,50527.9,50530.25,300,50540.75,75,0,227010
BANKNIFTY-II.NFO,07/08/2024,09:28:39,50527.9,50529.2,300,50538.25,75,0,227010
BANKNIFTY-II.NFO,07/08/2024,09:28:41,50527.9,50527.9,255,50535.1,90,0,227010
BANKNIFTY-II.NFO,07/08/2024,09:28:42,50527.9,50527.9,240,50532.45,75,15,227010
BANKNIFTY-II.NFO,07/08/2024,09:28:44,50527.9,50527.9,240,50533.45,105,0,227010
BANKNIFTY-II.NFO,07/08/2024,09:28:46,50527.9,50527.9,255,50530.7,60,0,227010
BANKNIFTY-II.NFO,07/08/2024,09:28:47,50527.9,50527.9,255,50532.95,75,0,227010
BANKNIFTY-II.NFO,07/08/2024,09:28:49,50527.9,50527.9,255,50533.95,75,0,227010
BANKNIFTY-II.NFO,07/08/2024,09:28:51,50533.45,50527.9,255,50530.6,75,15,227010
BANKNIFTY-II.NFO,07/08/2024,09:28:52,50529.95,50527.9,255,50532,75,15,227010
BANKNIFTY-II.NFO,07/08/2024,09:28:54,50529.95,50527.9,255,50530.85,75,0,227010
BANKNIFTY-II.NFO,07/08/2024,09:28:56,50529.95,50527.9,270,50529.95,75,0,227010
BANKNIFTY-II.NFO,07/08/2024,09:28:57,50529.95,50527.9,270,50530.45,75,0,227010
BANKNIFTY-II.NFO,07/08/2024,09:28:59,50525.95,50520,75,50525.95,60,285,227010
BANKNIFTY-II.NFO,07/08/2024,09:29:01,50525.95,50520,75,50523.95,60,0,227010
BANKNIFTY-II.NFO,07/08/2024,09:29:02,50525.95,50520,75,50527,60,0,227010
BANKNIFTY-II.NFO,07/08/2024,09:29:04,50525.95,50520,75,50524,60,0,227010
BANKNIFTY-II.NFO,07/08/2024,09:29:06,50525.95,50520.05,60,50530,60,0,227010
BANKNIFTY-II.NFO,07/08/2024,09:29:07,50525.95,50520.05,30,50528,60,0,227010
BANKNIFTY-II.NFO,07/08/2024,09:29:09,50525.95,50520.2,60,50525,15,0,227010
BANKNIFTY-II.NFO,07/08/2024,09:29:11,50525,50520.05,45,50530,60,30,227010
BANKNIFTY-II.NFO,07/08/2024,09:29:12,50525,50520.75,45,50531,60,0,227010
BANKNIFTY-II.NFO,07/08/2024,09:29:14,50525,50520,75,50528.95,75,0,227010
BANKNIFTY-II.NFO,07/08/2024,09:29:16,50527.45,50520,75,50530.6,75,90,227010
BANKNIFTY-II.NFO,07/08/2024,09:29:17,50520.75,50520.05,75,50531.95,30,75,227010
BANKNIFTY-II.NFO,07/08/2024,09:29:19,50520,50520,45,50528.5,75,75,227010
BANKNIFTY-II.NFO,07/08/2024,09:29:21,50520,50520,60,50531.95,15,15,227010
BANKNIFTY-II.NFO,07/08/2024,09:29:22,50520,50520,30,50527.95,75,0,227010
BANKNIFTY-II.NFO,07/08/2024,09:29:24,50520.45,50520.25,315,50533.2,60,15,227010
BANKNIFTY-II.NFO,07/08/2024,09:29:26,50520.45,50520.35,315,50533.45,15,0,227010
BANKNIFTY-II.NFO,07/08/2024,09:29:29,50520.45,50528.95,30,50530.5,60,0,227010
BANKNIFTY-II.NFO,07/08/2024,09:29:31,50528.95,50520,30,50527.95,15,30,227010
BANKNIFTY-II.NFO,07/08/2024,09:29:32,50528.95,50520,45,50533.15,60,0,227010
BANKNIFTY-II.NFO,07/08/2024,09:29:34,50528.95,50520,30,50531.65,75,0,227010
BANKNIFTY-II.NFO,07/08/2024,09:29:36,50530.95,50520.05,60,50533.4,75,15,227010
BANKNIFTY-II.NFO,07/08/2024,09:29:37,50530.95,50520.45,60,50533.4,75,0,227010
BANKNIFTY-II.NFO,07/08/2024,09:29:39,50520.45,50520.4,315,50528.95,15,15,227010
BANKNIFTY-II.NFO,07/08/2024,09:29:41,50520.45,50520.4,345,50528.95,15,0,227010
BANKNIFTY-II.NFO,07/08/2024,09:29:44,50520.4,50520.4,45,50528.95,15,15,227010
BANKNIFTY-II.NFO,07/08/2024,09:29:46,50520.4,50520.35,330,50528.95,15,15,227010
BANKNIFTY-II.NFO,07/08/2024,09:29:47,50520.4,50520.35,330,50528.95,15,0,227010
BANKNIFTY-II.NFO,07/08/2024,09:29:49,50520.4,50520.35,300,50528.95,15,0,227010
BANKNIFTY-II.NFO,07/08/2024,09:29:52,50520.4,50520.35,330,50528.95,15,0,227010
BANKNIFTY-II.NFO,07/08/2024,09:29:54,50520.35,50520.35,300,50530,75,45,227010
BANKNIFTY-II.NFO,07/08/2024,09:29:56,50520.35,50520.35,285,50530,75,45,227010
BANKNIFTY-II.NFO,07/08/2024,09:29:57,50520.35,50520.35,315,50530,75,0,227010
BANKNIFTY-II.NFO,07/08/2024,09:30:01,50520.35,50527.2,60,50530,75,0,227010
BANKNIFTY-II.NFO,07/08/2024,09:30:02,50530.3,50541.55,150,50549.1,15,120,227010
BANKNIFTY-II.NFO,07/08/2024,09:30:04,50544.6,50535.1,30,50549.05,45,15,227010
BANKNIFTY-II.NFO,07/08/2024,09:30:06,50544.6,50539.7,30,50549.1,15,0,227010
BANKNIFTY-II.NFO,07/08/2024,09:30:07,50550,50544,180,50550,15,180,227010
BANKNIFTY-II.NFO,07/08/2024,09:30:09,50548.45,50548.35,30,50555,15,60,227010
BANKNIFTY-II.NFO,07/08/2024,09:30:11,50548.45,50544.05,45,50555,15,0,227010
BANKNIFTY-II.NFO,07/08/2024,09:30:12,50560,50548.05,15,50559.95,60,30,227010
BANKNIFTY-II.NFO,07/08/2024,09:30:14,50561.7,50546.1,30,50557.25,30,195,227010
BANKNIFTY-II.NFO,07/08/2024,09:30:16,50561.7,50542.1,30,50555.35,30,0,227010
BANKNIFTY-II.NFO,07/08/2024,09:30:17,50561.7,50531.15,30,50545.65,165,0,227010
BANKNIFTY-II.NFO,07/08/2024,09:30:19,50544.25,50533.55,30,50547.05,60,150,227010
BANKNIFTY-II.NFO,07/08/2024,09:30:21,50544.25,50530.85,30,50540,75,0,227010
BANKNIFTY-II.NFO,07/08/2024,09:30:22,50540.65,50535.6,90,50547.9,30,300,227010
BANKNIFTY-II.NFO,07/08/2024,09:30:24,50540.65,50542.1,90,50559.35,30,0,227010
BANKNIFTY-II.NFO,07/08/2024,09:30:26,50540.65,50552.25,315,50561.9,30,0,227010
BANKNIFTY-II.NFO,07/08/2024,09:30:27,50553.6,50553.6,15,50564.75,30,15,227010
BANKNIFTY-II.NFO,07/08/2024,09:30:29,50553.6,50553.6,315,50565.85,30,0,227010
BANKNIFTY-II.NFO,07/08/2024,09:30:31,50553.6,50553.6,315,50565.35,30,0,227010
BANKNIFTY-II.NFO,07/08/2024,09:30:32,50553.6,50558.05,30,50569.95,30,0,227010
BANKNIFTY-II.NFO,07/08/2024,09:30:34,50553.6,50556.1,60,50569.05,30,0,227010
BANKNIFTY-II.NFO,07/08/2024,09:30:36,50553.6,50557.8,60,50561,75,0,227010
BANKNIFTY-II.NFO,07/08/2024,09:30:37,50553.6,50553.9,90,50561,75,0,227010
BANKNIFTY-II.NFO,07/08/2024,09:30:39,50553.6,50556.25,15,50561,75,0,227010
BANKNIFTY-II.NFO,07/08/2024,09:30:41,50553.6,50557.7,60,50561,75,0,227010
BANKNIFTY-II.NFO,07/08/2024,09:30:42,50553.6,50558.4,15,50561,75,0,227010
BANKNIFTY-II.NFO,07/08/2024,09:30:44,50561,50556.6,15,50568.65,45,75,227010
BANKNIFTY-II.NFO,07/08/2024,09:30:46,50561,50556.1,90,50569.95,30,0,227010
BANKNIFTY-II.NFO,07/08/2024,09:30:47,50561,50558.1,90,50570,30,0,227010
BANKNIFTY-II.NFO,07/08/2024,09:30:49,50570,50564.1,90,50574.3,15,30,227160
BANKNIFTY-II.NFO,07/08/2024,09:30:51,50585,50574.1,60,50584.95,30,90,227160
BANKNIFTY-II.NFO,07/08/2024,09:30:52,50585,50572.1,60,50583.4,60,0,227160
BANKNIFTY-II.NFO,07/08/2024,09:30:54,50585,50572.1,60,50583.95,45,0,227160
BANKNIFTY-II.NFO,07/08/2024,09:30:56,50583.95,50574.45,60,50585,45,15,227160
BANKNIFTY-II.NFO,07/08/2024,09:30:57,50583.95,50579.4,315,50585,45,0,227160
BANKNIFTY-II.NFO,07/08/2024,09:30:59,50583.95,50573.7,300,50581.05,15,0,227160
BANKNIFTY-II.NFO,07/08/2024,09:31:01,50583.95,50568.05,300,50577.9,30,0,227160
BANKNIFTY-II.NFO,07/08/2024,09:31:02,50583.95,50565.75,300,50579.05,30,0,227160
BANKNIFTY-II.NFO,07/08/2024,09:31:04,50583.95,50559.45,300,50567.2,15,0,227160
BANKNIFTY-II.NFO,07/08/2024,09:31:06,50566.85,50559.3,300,50566.9,15,15,227160
BANKNIFTY-II.NFO,07/08/2024,09:31:07,50566.85,50554.75,75,50569.75,45,0,227160
BANKNIFTY-II.NFO,07/08/2024,09:31:09,50566.85,50556.4,300,50565.9,30,0,227160
BANKNIFTY-II.NFO,07/08/2024,09:31:11,50563.9,50558.9,300,50567.7,45,15,227160
BANKNIFTY-II.NFO,07/08/2024,09:31:12,50563.9,50560.1,75,50571.85,45,0,227160
BANKNIFTY-II.NFO,07/08/2024,09:31:14,50572.1,50562.3,60,50575.65,45,60,227160
BANKNIFTY-II.NFO,07/08/2024,09:31:16,50572.1,50557.5,75,50567.9,45,0,227160
BANKNIFTY-II.NFO,07/08/2024,09:31:17,50572.1,50553.65,75,50565.9,45,0,227160
BANKNIFTY-II.NFO,07/08/2024,09:31:19,50572.1,50558.05,75,50566.85,30,0,227160
BANKNIFTY-II.NFO,07/08/2024,09:31:21,50572.1,50558.05,375,50566.85,30,0,227160
BANKNIFTY-II.NFO,07/08/2024,09:31:22,50566.85,50558.05,375,50571.9,30,30,227160
BANKNIFTY-II.NFO,07/08/2024,09:31:24,50566.85,50559.2,75,50571.9,30,0,227160
BANKNIFTY-II.NFO,07/08/2024,09:31:25,50557.35,50556.65,75,50568.45,75,150,227160
BANKNIFTY-II.NFO,07/08/2024,09:31:27,50557.35,50569.85,30,50574.25,90,0,227160
BANKNIFTY-II.NFO,07/08/2024,09:31:29,50557.35,50569.85,30,50572.5,60,0,227160
BANKNIFTY-II.NFO,07/08/2024,09:31:31,50569.85,50569.85,15,50572,90,15,227160
BANKNIFTY-II.NFO,07/08/2024,09:31:32,50569.85,50557.05,60,50568.5,60,15,227160
BANKNIFTY-II.NFO,07/08/2024,09:31:34,50569.85,50558.1,60,50571.6,60,0,227160
BANKNIFTY-II.NFO,07/08/2024,09:31:36,50571.6,50560.1,60,50571.6,30,30,227160
BANKNIFTY-II.NFO,07/08/2024,09:31:37,50572.45,50558.1,60,50572.55,15,150,227160
BANKNIFTY-II.NFO,07/08/2024,09:31:39,50572.45,50558.4,60,50572.5,30,0,227160
BANKNIFTY-II.NFO,07/08/2024,09:31:40,50554.65,50555.85,300,50565.2,15,30,227160
BANKNIFTY-II.NFO,07/08/2024,09:31:42,50554.65,50556.65,300,50563.1,15,0,227160
BANKNIFTY-II.NFO,07/08/2024,09:31:44,50554.65,50554.9,300,50562.9,30,0,227160
BANKNIFTY-II.NFO,07/08/2024,09:31:45,50554.65,50556.8,75,50570.35,15,0,227160
BANKNIFTY-II.NFO,07/08/2024,09:31:47,50554.65,50557.8,75,50571.05,15,0,227160
BANKNIFTY-II.NFO,07/08/2024,09:31:49,50554.65,50551.7,60,50565.4,15,0,227160
BANKNIFTY-II.NFO,07/08/2024,09:31:50,50556.65,50558.1,75,50571.65,45,15,227160
BANKNIFTY-II.NFO,07/08/2024,09:31:52,50556.65,50559.9,75,50571.9,45,0,227160
BANKNIFTY-II.NFO,07/08/2024,09:31:54,50556.65,50557.35,300,50566.9,60,0,227160
BANKNIFTY-II.NFO,07/08/2024,09:31:55,50553.6,50553.05,30,50566.2,60,555,227160
BANKNIFTY-II.NFO,07/08/2024,09:31:57,50553.6,50551.6,30,50564.5,60,0,227160
BANKNIFTY-II.NFO,07/08/2024,09:31:59,50553.6,50548.25,30,50561.95,15,0,227160
BANKNIFTY-II.NFO,07/08/2024,09:32:00,50553.6,50548.7,30,50562.05,30,0,227160
BANKNIFTY-II.NFO,07/08/2024,09:32:02,50553.6,50551.05,30,50563.8,30,0,227160
BANKNIFTY-II.NFO,07/08/2024,09:32:03,50553.6,50555.55,30,50565.9,30,0,227160
BANKNIFTY-II.NFO,07/08/2024,09:32:05,50553.6,50551.05,30,50561.85,60,0,227160
BANKNIFTY-II.NFO,07/08/2024,09:32:07,50553.6,50553.8,30,50566,15,0,227160
BANKNIFTY-II.NFO,07/08/2024,09:32:08,50553.6,50555.95,30,50568.7,60,0,227160
BANKNIFTY-II.NFO,07/08/2024,09:32:10,50553.6,50558.1,30,50569.85,60,0,227160
BANKNIFTY-II.NFO,07/08/2024,09:32:12,50553.6,50553,15,50563.3,60,0,227160
BANKNIFTY-II.NFO,07/08/2024,09:32:13,50553.6,50553.05,30,50563.9,60,0,227160
BANKNIFTY-II.NFO,07/08/2024,09:32:15,50553.6,50553.05,30,50563.7,75,0,227160
BANKNIFTY-II.NFO,07/08/2024,09:32:17,50553.6,50553.55,30,50565.9,75,0,227160
BANKNIFTY-II.NFO,07/08/2024,09:32:18,50553.6,50553,15,50563.85,60,0,227160
BANKNIFTY-II.NFO,07/08/2024,09:32:20,50553.6,50553,15,50559.9,60,0,227160
BANKNIFTY-II.NFO,07/08/2024,09:32:22,50553.6,50553,15,50561.1,60,0,227160
BANKNIFTY-II.NFO,07/08/2024,09:32:23,50553.6,50553,15,50559.35,60,0,227160
BANKNIFTY-II.NFO,07/08/2024,09:32:25,50553.6,50553,15,50561.9,75,0,227160
BANKNIFTY-II.NFO,07/08/2024,09:32:27,50553.6,50553,15,50563.15,75,0,227160
BANKNIFTY-II.NFO,07/08/2024,09:32:28,50553.6,50553.05,30,50564.65,75,0,227160
BANKNIFTY-II.NFO,07/08/2024,09:32:30,50553.6,50553,15,50561.9,75,0,227160
BANKNIFTY-II.NFO,07/08/2024,09:32:32,50561.9,50553,15,50561.9,75,15,227160
BANKNIFTY-II.NFO,07/08/2024,09:32:33,50561.9,50553,15,50557.2,75,0,227160
BANKNIFTY-II.NFO,07/08/2024,09:32:35,50551,50550,150,50553.9,60,30,227160
BANKNIFTY-II.NFO,07/08/2024,09:32:37,50551,50550,150,50556.9,60,0,227160
BANKNIFTY-II.NFO,07/08/2024,09:32:38,50551,50550,150,50556.6,60,0,227160
BANKNIFTY-II.NFO,07/08/2024,09:32:40,50550,50550,135,50558.85,90,15,227160
BANKNIFTY-II.NFO,07/08/2024,09:32:42,50550,50550,510,50557.75,90,0,227160
BANKNIFTY-II.NFO,07/08/2024,09:32:43,50550,50550,510,50557.6,60,0,227160
BANKNIFTY-II.NFO,07/08/2024,09:32:45,50550,50550,510,50558.95,75,0,227160
BANKNIFTY-II.NFO,07/08/2024,09:32:47,50550,50550.95,30,50562.95,75,0,227160
BANKNIFTY-II.NFO,07/08/2024,09:32:48,50550,50550.9,75,50559.95,15,0,227160
BANKNIFTY-II.NFO,07/08/2024,09:32:50,50550,50551.05,45,50562.95,15,0,227160
BANKNIFTY-II.NFO,07/08/2024,09:32:52,50550,50552.7,45,50563,300,0,227160
BANKNIFTY-II.NFO,07/08/2024,09:32:53,50550,50555.8,45,50563,300,0,227160
BANKNIFTY-II.NFO,07/08/2024,09:32:55,50557.6,50558.8,30,50563,300,15,227160
BANKNIFTY-II.NFO,07/08/2024,09:32:57,50563,50562.05,30,50563,255,45,227160
BANKNIFTY-II.NFO,07/08/2024,09:32:58,50560.65,50560.65,15,50570,15,330,227160
BANKNIFTY-II.NFO,07/08/2024,09:33:00,50560.65,50558.1,60,50570,15,0,227160
BANKNIFTY-II.NFO,07/08/2024,09:33:02,50558.2,50558.05,45,50570,15,15,227160
BANKNIFTY-II.NFO,07/08/2024,09:33:03,50558.2,50558.15,45,50570,15,0,227160
BANKNIFTY-II.NFO,07/08/2024,09:33:05,50570,50564.1,45,50579.95,75,15,227160
BANKNIFTY-II.NFO,07/08/2024,09:33:07,50570,50560.45,90,50578.2,15,0,227160
BANKNIFTY-II.NFO,07/08/2024,09:33:08,50566,50566.05,45,50579.95,75,210,227160
BANKNIFTY-II.NFO,07/08/2024,09:33:10,50568.05,50566.05,15,50576.15,105,15,227160
BANKNIFTY-II.NFO,07/08/2024,09:33:12,50568.05,50560,75,50567.25,60,0,227160
BANKNIFTY-II.NFO,07/08/2024,09:33:13,50568.05,50560,75,50563.35,90,0,227160
BANKNIFTY-II.NFO,07/08/2024,09:33:15,50568.05,50560,75,50564.2,75,0,227160
BANKNIFTY-II.NFO,07/08/2024,09:33:17,50568.05,50560,75,50564,60,0,227160
BANKNIFTY-II.NFO,07/08/2024,09:33:18,50560,50550,435,50561.9,105,75,227160
BANKNIFTY-II.NFO,07/08/2024,09:33:20,50560,50550,435,50562.15,75,0,227160
BANKNIFTY-II.NFO,07/08/2024,09:33:22,50560,50550,435,50561.35,60,0,227160
BANKNIFTY-II.NFO,07/08/2024,09:33:23,50550,50550,420,50561.3,60,15,227160
BANKNIFTY-II.NFO,07/08/2024,09:33:25,50550,50550,420,50560.85,60,0,227160
BANKNIFTY-II.NFO,07/08/2024,09:33:27,50550,50550,420,50557.75,60,0,227160
BANKNIFTY-II.NFO,07/08/2024,09:33:28,50550,50550,420,50557.5,15,0,227160
BANKNIFTY-II.NFO,07/08/2024,09:33:30,50550,50550,420,50556.05,60,0,227160
BANKNIFTY-II.NFO,07/08/2024,09:33:32,50550,50550,420,50555.05,60,0,227160
BANKNIFTY-II.NFO,07/08/2024,09:33:33,50550,50550,390,50552.6,75,30,227160
BANKNIFTY-II.NFO,07/08/2024,09:33:35,50550,50537.9,30,50542.65,60,390,227160
BANKNIFTY-II.NFO,07/08/2024,09:33:37,50530.5,50522,15,50528,60,15,227160
BANKNIFTY-II.NFO,07/08/2024,09:33:39,50530.5,50522,15,50531.25,30,0,227160
BANKNIFTY-II.NFO,07/08/2024,09:33:40,50530.5,50522,30,50533.9,75,0,227160
BANKNIFTY-II.NFO,07/08/2024,09:33:42,50530.5,50522,15,50529.9,60,0,227160
BANKNIFTY-II.NFO,07/08/2024,09:33:44,50520,50508,15,50514.2,60,105,227160
BANKNIFTY-II.NFO,07/08/2024,09:33:45,50493.9,50478.25,60,50491.9,60,255,227160
BANKNIFTY-II.NFO,07/08/2024,09:33:45,50493.9,50478.25,60,50491.9,60,0,227160
BANKNIFTY-II.NFO,07/08/2024,09:33:47,50482.05,50491.95,30,50500,75,15,227160
BANKNIFTY-II.NFO,07/08/2024,09:33:47,50482.05,50491.95,30,50500,75,0,227160
BANKNIFTY-II.NFO,07/08/2024,09:33:49,50500,50492.3,45,50503.95,15,75,227160
BANKNIFTY-II.NFO,07/08/2024,09:33:50,50507.9,50498.65,60,50511.95,15,135,228045
BANKNIFTY-II.NFO,07/08/2024,09:33:52,50507.9,50501.3,75,50511.95,30,0,228045
BANKNIFTY-II.NFO,07/08/2024,09:33:54,50491.9,50487.8,75,50501.9,60,30,228045
BANKNIFTY-II.NFO,07/08/2024,09:33:55,50491.9,50486.95,75,50495.95,15,0,228045
BANKNIFTY-II.NFO,07/08/2024,09:33:57,50499.95,50501.7,60,50509.95,15,30,228045
BANKNIFTY-II.NFO,07/08/2024,09:33:59,50494.3,50494.3,30,50504.45,45,15,228045
BANKNIFTY-II.NFO,07/08/2024,09:34:00,50494.3,50497.95,45,50505.95,15,0,228045
BANKNIFTY-II.NFO,07/08/2024,09:34:02,50494.3,50498,45,50511.6,60,0,228045
BANKNIFTY-II.NFO,07/08/2024,09:34:04,50518.6,50499.5,60,50519.15,60,45,228045
BANKNIFTY-II.NFO,07/08/2024,09:34:05,50518.6,50497.95,45,50505.65,60,0,228045
BANKNIFTY-II.NFO,07/08/2024,09:34:07,50498,50498,60,50511.9,75,15,228045
BANKNIFTY-II.NFO,07/08/2024,09:34:09,50498,50494.3,15,50507.9,60,0,228045
BANKNIFTY-II.NFO,07/08/2024,09:34:10,50501.95,50488.05,15,50497.95,15,15,228045
BANKNIFTY-II.NFO,07/08/2024,09:34:12,50501.95,50494.3,15,50499.95,30,0,228045
BANKNIFTY-II.NFO,07/08/2024,09:34:14,50494.35,50494.3,15,50503.4,60,15,228045
BANKNIFTY-II.NFO,07/08/2024,09:34:15,50494.3,50486.95,15,50499.95,30,15,228045
BANKNIFTY-II.NFO,07/08/2024,09:34:17,50494.3,50489,30,50499.95,15,0,228045
BANKNIFTY-II.NFO,07/08/2024,09:34:20,50486.7,50486.4,45,50497.95,15,15,228045
BANKNIFTY-II.NFO,07/08/2024,09:34:22,50486.7,50490.45,60,50505.8,60,0,228045
BANKNIFTY-II.NFO,07/08/2024,09:34:23,50486.7,50485,15,50493.65,60,0,228045
BANKNIFTY-II.NFO,07/08/2024,09:34:25,50486.7,50490,15,50497.25,60,30,228045
BANKNIFTY-II.NFO,07/08/2024,09:34:27,50501.9,50489.9,45,50503.9,60,30,228045
BANKNIFTY-II.NFO,07/08/2024,09:34:28,50503.9,50486.7,15,50497.9,60,15,228045
BANKNIFTY-II.NFO,07/08/2024,09:34:30,50486.7,50485.05,75,50495.95,15,15,228045
BANKNIFTY-II.NFO,07/08/2024,09:34:32,50495.45,50488,15,50496.3,60,15,228045
BANKNIFTY-II.NFO,07/08/2024,09:34:33,50485,50482.35,60,50501.7,60,90,228045
BANKNIFTY-II.NFO,07/08/2024,09:34:35,50485,50485.2,45,50499.55,75,0,228045
BANKNIFTY-II.NFO,07/08/2024,09:34:37,50499.9,50485.25,45,50497.9,60,15,228045
BANKNIFTY-II.NFO,07/08/2024,09:34:38,50499.9,50485.4,45,50499.95,60,0,228045
BANKNIFTY-II.NFO,07/08/2024,09:34:40,50486.35,50481.25,15,50495.9,75,60,228045
BANKNIFTY-II.NFO,07/08/2024,09:34:42,50490.65,50479.45,30,50493.9,60,90,228045
BANKNIFTY-II.NFO,07/08/2024,09:34:43,50479.1,50480.35,15,50493.9,60,150,228045
BANKNIFTY-II.NFO,07/08/2024,09:34:43,50479.1,50480.35,15,50493.9,60,0,228045
BANKNIFTY-II.NFO,07/08/2024,09:34:45,50479.1,50481.65,90,50495.9,75,0,228045
BANKNIFTY-II.NFO,07/08/2024,09:34:47,50481.65,50481.65,15,50494.6,60,45,228045
BANKNIFTY-II.NFO,07/08/2024,09:34:48,50481.65,50478.2,15,50492.05,60,0,228045
BANKNIFTY-II.NFO,07/08/2024,09:34:50,50481.65,50475.85,105,50489.85,60,0,228045
BANKNIFTY-II.NFO,07/08/2024,09:34:52,50481.65,50479.55,15,50491.9,75,15,228045
BANKNIFTY-II.NFO,07/08/2024,09:34:53,50481.65,50475.05,15,50487.9,75,0,228045
BANKNIFTY-II.NFO,07/08/2024,09:34:55,50475.15,50475,15,50487.85,60,15,228045
BANKNIFTY-II.NFO,07/08/2024,09:34:55,50475.15,50475,15,50487.85,60,0,228045
BANKNIFTY-II.NFO,07/08/2024,09:34:57,50475.15,50475,15,50482.1,60,0,228045
BANKNIFTY-II.NFO,07/08/2024,09:34:58,50477.9,50467.2,180,50481.9,75,30,228045
BANKNIFTY-II.NFO,07/08/2024,09:34:58,50475,50467.2,180,50481.9,75,0,228045
BANKNIFTY-II.NFO,07/08/2024,09:35:00,50467.45,50469.25,150,50481.9,60,45,228045
BANKNIFTY-II.NFO,07/08/2024,09:35:00,50467.45,50469.25,150,50481.9,60,0,228045
BANKNIFTY-II.NFO,07/08/2024,09:35:02,50467.45,50475.7,150,50489.9,75,0,228045
BANKNIFTY-II.NFO,07/08/2024,09:35:03,50467.45,50474.35,15,50491.7,75,0,228045
BANKNIFTY-II.NFO,07/08/2024,09:35:05,50467.45,50476.55,150,50485.95,15,0,228045
BANKNIFTY-II.NFO,07/08/2024,09:35:07,50467.45,50472.65,150,50485.9,60,0,228045
BANKNIFTY-II.NFO,07/08/2024,09:35:08,50467.45,50476.85,150,50491.9,75,0,228045
BANKNIFTY-II.NFO,07/08/2024,09:35:10,50467.45,50473.65,30,50483.95,15,0,228045
BANKNIFTY-II.NFO,07/08/2024,09:35:12,50485.8,50478.05,45,50485.95,15,15,228045
BANKNIFTY-II.NFO,07/08/2024,09:35:13,50485.8,50480.45,45,50491.8,60,0,228045
BANKNIFTY-II.NFO,07/08/2024,09:35:15,50485.8,50475.55,45,50487.6,60,0,228045
BANKNIFTY-II.NFO,07/08/2024,09:35:17,50472.95,50472.2,180,50483.9,75,90,228045
BANKNIFTY-II.NFO,07/08/2024,09:35:18,50472.95,50477.85,60,50491.05,75,0,228045
BANKNIFTY-II.NFO,07/08/2024,09:35:20,50472.95,50472.85,15,50482.75,45,0,228045
BANKNIFTY-II.NFO,07/08/2024,09:35:21,50472.95,50472.6,30,50481.95,15,0,228045
BANKNIFTY-II.NFO,07/08/2024,09:35:23,50472.95,50463.5,150,50471.95,15,0,228045
BANKNIFTY-II.NFO,07/08/2024,09:35:25,50473.95,50465.25,150,50477.9,30,15,228045
BANKNIFTY-II.NFO,07/08/2024,09:35:26,50473.95,50468.65,30,50477.95,15,0,228045
BANKNIFTY-II.NFO,07/08/2024,09:35:28,50473.95,50467.7,30,50479.05,60,0,228045
BANKNIFTY-II.NFO,07/08/2024,09:35:30,50473.95,50472.95,15,50481.6,75,0,228045
BANKNIFTY-II.NFO,07/08/2024,09:35:31,50473.95,50472.95,15,50479.65,15,0,228045
BANKNIFTY-II.NFO,07/08/2024,09:35:33,50473.95,50472.95,15,50480.3,60,0,228045
BANKNIFTY-II.NFO,07/08/2024,09:35:35,50473.95,50473.05,15,50481.95,30,0,228045
BANKNIFTY-II.NFO,07/08/2024,09:35:36,50473.95,50472.95,15,50475.9,45,0,228045
BANKNIFTY-II.NFO,07/08/2024,09:35:38,50472.95,50467.6,30,50475.95,15,15,228045
BANKNIFTY-II.NFO,07/08/2024,09:35:40,50472.95,50463.05,30,50473.9,60,0,228045
BANKNIFTY-II.NFO,07/08/2024,09:35:41,50479.95,50471.15,30,50481.9,75,45,228045
BANKNIFTY-II.NFO,07/08/2024,09:35:43,50464.6,50460.95,150,50471.9,45,30,228045
BANKNIFTY-II.NFO,07/08/2024,09:35:43,50464.6,50460.95,150,50471.9,45,0,228045
BANKNIFTY-II.NFO,07/08/2024,09:35:45,50477.9,50470,15,50474.15,60,30,228045
BANKNIFTY-II.NFO,07/08/2024,09:35:46,50470,50460.55,30,50471.15,60,30,228045
BANKNIFTY-II.NFO,07/08/2024,09:35:48,50457.4,50457.4,75,50460.35,60,135,228045
BANKNIFTY-II.NFO,07/08/2024,09:35:48,50457.4,50457.4,75,50460.35,60,0,228045
BANKNIFTY-II.NFO,07/08/2024,09:35:50,50457.4,50456.3,45,50463.95,15,90,228045
BANKNIFTY-II.NFO,07/08/2024,09:35:52,50457.4,50459.4,45,50471.9,60,0,228045
BANKNIFTY-II.NFO,07/08/2024,09:35:53,50457.4,50463.45,15,50475.2,60,0,228045
BANKNIFTY-II.NFO,07/08/2024,09:35:55,50471.9,50464.4,15,50473.7,60,15,228045
BANKNIFTY-II.NFO,07/08/2024,09:35:57,50471.9,50460.5,90,50469.35,75,0,228045
BANKNIFTY-II.NFO,07/08/2024,09:35:58,50471.9,50463.65,60,50473.8,60,0,228045
BANKNIFTY-II.NFO,07/08/2024,09:36:00,50471.9,50470.45,105,50483.65,60,0,228045
BANKNIFTY-II.NFO,07/08/2024,09:36:02,50471.9,50482.6,15,50485.8,15,0,228045
BANKNIFTY-II.NFO,07/08/2024,09:36:03,50485.8,50484.7,90,50491.95,15,15,228045
BANKNIFTY-II.NFO,07/08/2024,09:36:05,50486.8,50491.6,60,50500,120,30,228045
BANKNIFTY-II.NFO,07/08/2024,09:36:07,50500,50490.75,30,50501.95,15,120,228045
BANKNIFTY-II.NFO,07/08/2024,09:36:08,50500,50483.75,60,50499.05,60,0,228045
BANKNIFTY-II.NFO,07/08/2024,09:36:10,50500,50480.5,300,50487.9,60,0,228045
BANKNIFTY-II.NFO,07/08/2024,09:36:12,50500,50477.35,75,50483.95,15,0,228045
BANKNIFTY-II.NFO,07/08/2024,09:36:13,50481.95,50475.9,90,50481.95,15,30,228045
BANKNIFTY-II.NFO,07/08/2024,09:36:15,50483.7,50475.9,90,50483.25,60,45,228045
BANKNIFTY-II.NFO,07/08/2024,09:36:17,50483.9,50483.25,75,50489.9,60,15,228045
BANKNIFTY-II.NFO,07/08/2024,09:36:18,50489.3,50483.25,75,50489.15,30,15,228045
BANKNIFTY-II.NFO,07/08/2024,09:36:20,50483.25,50476.15,90,50484.45,30,75,228045
BANKNIFTY-II.NFO,07/08/2024,09:36:22,50483.25,50477.3,90,50487.45,30,0,228045
BANKNIFTY-II.NFO,07/08/2024,09:36:23,50483.25,50479.55,30,50487.95,15,0,228045
BANKNIFTY-II.NFO,07/08/2024,09:36:25,50487.8,50477.4,90,50488.2,45,45,228045
BANKNIFTY-II.NFO,07/08/2024,09:36:27,50487.8,50477.6,60,50487.95,15,0,228045
BANKNIFTY-II.NFO,07/08/2024,09:36:28,50487.8,50480.35,90,50491.95,15,0,228045
BANKNIFTY-II.NFO,07/08/2024,09:36:30,50487.8,50488.3,90,50499.95,15,0,228045
BANKNIFTY-II.NFO,07/08/2024,09:36:32,50487.8,50483.9,60,50495.95,15,0,228045
BANKNIFTY-II.NFO,07/08/2024,09:36:33,50487.8,50487.8,60,50497.9,30,0,228045
BANKNIFTY-II.NFO,07/08/2024,09:36:35,50487.8,50489,60,50499.95,15,0,228045
BANKNIFTY-II.NFO,07/08/2024,09:36:37,50487.8,50486.15,60,50497.8,30,0,228045
BANKNIFTY-II.NFO,07/08/2024,09:36:38,50487.8,50480.05,60,50487.9,30,0,228045
BANKNIFTY-II.NFO,07/08/2024,09:36:40,50487.8,50486.45,105,50498,15,0,228045
BANKNIFTY-II.NFO,07/08/2024,09:36:42,50487.8,50487.6,60,50495.95,30,0,228045
BANKNIFTY-II.NFO,07/08/2024,09:36:43,50487.8,50487.5,300,50493.95,15,0,228045
BANKNIFTY-II.NFO,07/08/2024,09:36:45,50487.8,50490.1,15,50497.9,30,0,228045
BANKNIFTY-II.NFO,07/08/2024,09:36:47,50487.8,50490.15,60,50500,15,0,228045
BANKNIFTY-II.NFO,07/08/2024,09:36:48,50487.8,50490.7,60,50500,15,0,228045
BANKNIFTY-II.NFO,07/08/2024,09:36:50,50487.8,50490.3,60,50500,15,0,228045
BANKNIFTY-II.NFO,07/08/2024,09:36:52,50491.95,50490.1,15,50497.95,15,15,228150
BANKNIFTY-II.NFO,07/08/2024,09:36:53,50491.95,50490.1,15,50497.95,15,0,228150
BANKNIFTY-II.NFO,07/08/2024,09:36:55,50491.95,50490.1,15,50495.9,45,0,228150
BANKNIFTY-II.NFO,07/08/2024,09:36:57,50491.95,50490.1,15,50497.3,45,0,228150
BANKNIFTY-II.NFO,07/08/2024,09:36:58,50493.8,50490.1,15,50493.75,15,90,228150
BANKNIFTY-II.NFO,07/08/2024,09:37:00,50493.8,50490.1,15,50498.6,30,0,228150
BANKNIFTY-II.NFO,07/08/2024,09:37:02,50493.8,50490.1,15,50499.9,30,0,228150
BANKNIFTY-II.NFO,07/08/2024,09:37:03,50493.8,50490.15,60,50497.95,15,0,228150
BANKNIFTY-II.NFO,07/08/2024,09:37:05,50493.8,50492.15,75,50500,30,0,228150
BANKNIFTY-II.NFO,07/08/2024,09:37:07,50493.8,50493.2,15,50500,30,0,228150
BANKNIFTY-II.NFO,07/08/2024,09:37:08,50500,50499.9,75,50510,15,30,228150
BANKNIFTY-II.NFO,07/08/2024,09:37:10,50500,50504.95,15,50510,15,0,228150
BANKNIFTY-II.NFO,07/08/2024,09:37:12,50509.95,50505.1,15,50509.55,30,15,228150
BANKNIFTY-II.NFO,07/08/2024,09:37:13,50503,50490.7,330,50501.95,30,30,228150
BANKNIFTY-II.NFO,07/08/2024,09:37:15,50503,50493.75,30,50505.5,30,0,228150
BANKNIFTY-II.NFO,07/08/2024,09:37:17,50503,50497.1,45,50508.4,15,0,228150
BANKNIFTY-II.NFO,07/08/2024,09:37:18,50503,50498.4,45,50509.95,15,0,228150
BANKNIFTY-II.NFO,07/08/2024,09:37:20,50503,50499.5,30,50509.95,30,0,228150
BANKNIFTY-II.NFO,07/08/2024,09:37:22,50499.9,50500.9,30,50510,15,15,228150
BANKNIFTY-II.NFO,07/08/2024,09:37:23,50499.9,50498.8,75,50510,30,0,228150
BANKNIFTY-II.NFO,07/08/2024,09:37:25,50499.9,50502.95,45,50510,15,0,228150
BANKNIFTY-II.NFO,07/08/2024,09:37:27,50499.9,50503.05,45,50510,15,0,228150
BANKNIFTY-II.NFO,07/08/2024,09:37:30,50504.1,50503.85,285,50510,15,45,228150
BANKNIFTY-II.NFO,07/08/2024,09:37:32,50504.1,50504.25,90,50510,15,0,228150
BANKNIFTY-II.NFO,07/08/2024,09:37:33,50503.8,50504.35,75,50510,15,15,228150
BANKNIFTY-II.NFO,07/08/2024,09:37:35,50511,50512.5,60,50521.9,15,30,228150
BANKNIFTY-II.NFO,07/08/2024,09:37:37,50511,50519.8,60,50521.9,15,0,228150
BANKNIFTY-II.NFO,07/08/2024,09:37:38,50521.9,50522.1,15,50531.9,15,15,228150
BANKNIFTY-II.NFO,07/08/2024,09:37:40,50521.9,50526.1,60,50537.75,15,0,228150
BANKNIFTY-II.NFO,07/08/2024,09:37:42,50521.9,50532.05,30,50539.95,15,0,228150
BANKNIFTY-II.NFO,07/08/2024,09:37:43,50521.9,50526.1,60,50534.55,15,0,228150
BANKNIFTY-II.NFO,07/08/2024,09:37:45,50521.9,50530.1,60,50538.95,30,0,228150
BANKNIFTY-II.NFO,07/08/2024,09:37:47,50537.15,50530.05,15,50539,30,30,228150
BANKNIFTY-II.NFO,07/08/2024,09:37:48,50537.15,50524.05,15,50535.45,30,0,228150
BANKNIFTY-II.NFO,07/08/2024,09:37:50,50537.15,50532.05,15,50540,15,0,228150
BANKNIFTY-II.NFO,07/08/2024,09:37:52,50537.15,50533,60,50540,15,0,228150
BANKNIFTY-II.NFO,07/08/2024,09:37:53,50537.15,50532.05,30,50540,15,0,228150
BANKNIFTY-II.NFO,07/08/2024,09:37:55,50537.15,50526.1,60,50537.2,30,30,228150
BANKNIFTY-II.NFO,07/08/2024,09:37:57,50537.15,50526.1,60,50536.3,30,0,228150
BANKNIFTY-II.NFO,07/08/2024,09:37:58,50537.15,50525,15,50533.1,30,0,228150
BANKNIFTY-II.NFO,07/08/2024,09:38:00,50537.15,50525,15,50535.95,15,0,228150
BANKNIFTY-II.NFO,07/08/2024,09:38:02,50537.15,50528.05,15,50537.45,90,0,228150
BANKNIFTY-II.NFO,07/08/2024,09:38:03,50537.15,50529.05,300,50538.35,90,0,228150
BANKNIFTY-II.NFO,07/08/2024,09:38:05,50537.15,50529.1,300,50537.9,90,0,228150
BANKNIFTY-II.NFO,07/08/2024,09:38:07,50537.15,50530,15,50536.85,30,0,228150
BANKNIFTY-II.NFO,07/08/2024,09:38:08,50537.15,50530,15,50534.1,90,0,228150
BANKNIFTY-II.NFO,07/08/2024,09:38:10,50537.15,50530,15,50535.2,90,0,228150
BANKNIFTY-II.NFO,07/08/2024,09:38:12,50534.1,50530,15,50535.95,15,30,228150
BANKNIFTY-II.NFO,07/08/2024,09:38:13,50530,50526.05,15,50536.15,30,15,228150
BANKNIFTY-II.NFO,07/08/2024,09:38:15,50530,50526.05,15,50535.15,30,0,228150
BANKNIFTY-II.NFO,07/08/2024,09:38:17,50530,50525,15,50530.75,90,0,228150
BANKNIFTY-II.NFO,07/08/2024,09:38:18,50520,50511,15,50521.1,30,30,228150
BANKNIFTY-II.NFO,07/08/2024,09:38:19,50520,50511,15,50517.2,30,0,228150
BANKNIFTY-II.NFO,07/08/2024,09:38:20,50520,50512.05,15,50519.5,30,0,228150
BANKNIFTY-II.NFO,07/08/2024,09:38:22,50520,50511,15,50517.75,30,0,228150
BANKNIFTY-II.NFO,07/08/2024,09:38:24,50520,50512.05,15,50524.55,30,0,228150
BANKNIFTY-II.NFO,07/08/2024,09:38:25,50520,50514.05,15,50525.1,30,0,228150
BANKNIFTY-II.NFO,07/08/2024,09:38:27,50520,50514.05,15,50524.2,30,0,228150
BANKNIFTY-II.NFO,07/08/2024,09:38:29,50520,50511.05,300,50520.35,75,0,228150
BANKNIFTY-II.NFO,07/08/2024,09:38:30,50520,50512.05,15,50521.15,30,0,228150
BANKNIFTY-II.NFO,07/08/2024,09:38:32,50520,50514.05,15,50524.45,30,0,228150
BANKNIFTY-II.NFO,07/08/2024,09:38:34,50520,50511,15,50520.6,30,0,228150
BANKNIFTY-II.NFO,07/08/2024,09:38:35,50521.75,50511,15,50520.05,30,60,228150
BANKNIFTY-II.NFO,07/08/2024,09:38:37,50521.75,50511,15,50519.65,15,0,228150
BANKNIFTY-II.NFO,07/08/2024,09:38:39,50521.75,50513.8,45,50523.25,15,0,228150
BANKNIFTY-II.NFO,07/08/2024,09:38:40,50521.75,50520.1,45,50529.6,15,0,228150
BANKNIFTY-II.NFO,07/08/2024,09:38:42,50521.75,50523.35,15,50535.1,30,0,228150
BANKNIFTY-II.NFO,07/08/2024,09:38:44,50521.75,50522.05,15,50529,15,0,228150
BANKNIFTY-II.NFO,07/08/2024,09:38:45,50521.75,50524.85,45,50534.35,15,0,228150
BANKNIFTY-II.NFO,07/08/2024,09:38:47,50527,50524.1,75,50534.35,15,15,228150
BANKNIFTY-II.NFO,07/08/2024,09:38:49,50527,50514.7,60,50525.8,15,0,228150
BANKNIFTY-II.NFO,07/08/2024,09:38:50,50527,50516.35,60,50526.7,30,0,228150
BANKNIFTY-II.NFO,07/08/2024,09:38:52,50527,50514.8,60,50525.95,15,0,228150
BANKNIFTY-II.NFO,07/08/2024,09:38:54,50527,50514.1,60,50523.8,15,0,228150
BANKNIFTY-II.NFO,07/08/2024,09:38:55,50527,50516.05,15,50524.3,15,0,228150
BANKNIFTY-II.NFO,07/08/2024,09:38:57,50516.05,50514.1,60,50524.95,30,15,228150
BANKNIFTY-II.NFO,07/08/2024,09:38:59,50516.05,50514.05,15,50522.45,15,0,228150
BANKNIFTY-II.NFO,07/08/2024,09:39:00,50523.95,50514.05,15,50524.5,30,120,228150
BANKNIFTY-II.NFO,07/08/2024,09:39:02,50514.15,50512.9,60,50522.45,15,15,228150
BANKNIFTY-II.NFO,07/08/2024,09:39:04,50514.15,50513.65,30,50523.65,15,0,228150
BANKNIFTY-II.NFO,07/08/2024,09:39:05,50514.15,50513.95,75,50521.95,15,0,228150
BANKNIFTY-II.NFO,07/08/2024,09:39:07,50514.15,50514.05,45,50522.8,15,0,228150
BANKNIFTY-II.NFO,07/08/2024,09:39:09,50511,50500.55,75,50513.9,15,15,228150
BANKNIFTY-II.NFO,07/08/2024,09:39:10,50511,50500.5,15,50507.9,15,0,228150
BANKNIFTY-II.NFO,07/08/2024,09:39:12,50500,50500.55,45,50511.6,15,30,228150
BANKNIFTY-II.NFO,07/08/2024,09:39:14,50500,50501.6,75,50513.35,15,0,228150
BANKNIFTY-II.NFO,07/08/2024,09:39:15,50500,50494.65,60,50505.3,15,0,228150
BANKNIFTY-II.NFO,07/08/2024,09:39:17,50500,50498.2,60,50507.5,15,0,228150
BANKNIFTY-II.NFO,07/08/2024,09:39:20,50500,50497.5,60,50507.15,15,0,228150
BANKNIFTY-II.NFO,07/08/2024,09:39:22,50495.95,50495.15,75,50505.6,30,15,228150
BANKNIFTY-II.NFO,07/08/2024,09:39:23,50495.95,50497.25,75,50505.65,15,0,228150
BANKNIFTY-II.NFO,07/08/2024,09:39:25,50495.95,50501.6,45,50511.7,30,0,228150
BANKNIFTY-II.NFO,07/08/2024,09:39:27,50495.95,50501,30,50510.7,30,0,228150
BANKNIFTY-II.NFO,07/08/2024,09:39:28,50495.95,50496.15,30,50506.65,30,0,228150
BANKNIFTY-II.NFO,07/08/2024,09:39:30,50495.95,50490.05,60,50500,15,0,228150
BANKNIFTY-II.NFO,07/08/2024,09:39:32,50490,50490,180,50497.5,30,15,228150
BANKNIFTY-II.NFO,07/08/2024,09:39:33,50490,50490.6,30,50499.95,30,0,228150
BANKNIFTY-II.NFO,07/08/2024,09:39:35,50490,50493,30,50500,15,0,228150
BANKNIFTY-II.NFO,07/08/2024,09:39:37,50499.95,50492.1,60,50500,30,15,228150
BANKNIFTY-II.NFO,07/08/2024,09:39:38,50499.95,50494.85,45,50500,30,0,228150
BANKNIFTY-II.NFO,07/08/2024,09:39:40,50499.95,50493.25,30,50500,30,0,228150
BANKNIFTY-II.NFO,07/08/2024,09:39:42,50499.95,50493.3,60,50500,45,0,228150
BANKNIFTY-II.NFO,07/08/2024,09:39:43,50499.95,50490.55,60,50500,45,45,228150
BANKNIFTY-II.NFO,07/08/2024,09:39:45,50499.95,50490.15,60,50499.95,15,0,228150
BANKNIFTY-II.NFO,07/08/2024,09:39:47,50499.95,50490.8,30,50499.95,15,0,228150
BANKNIFTY-II.NFO,07/08/2024,09:39:48,50499.95,50490,180,50496.35,45,0,228150
BANKNIFTY-II.NFO,07/08/2024,09:39:50,50490,50490,60,50497.4,30,120,228150
BANKNIFTY-II.NFO,07/08/2024,09:39:52,50498.25,50490,75,50497.5,150,45,228135
BANKNIFTY-II.NFO,07/08/2024,09:39:53,50490,50490,60,50490.75,120,15,228135
BANKNIFTY-II.NFO,07/08/2024,09:39:55,50490,50483.7,30,50491.95,15,60,228135
BANKNIFTY-II.NFO,07/08/2024,09:39:57,50490,50477.8,30,50485.95,15,0,228135
BANKNIFTY-II.NFO,07/08/2024,09:39:58,50481.85,50480.4,60,50492.25,30,15,228135
BANKNIFTY-II.NFO,07/08/2024,09:40:00,50481.85,50490,15,50496.15,75,0,228135
BANKNIFTY-II.NFO,07/08/2024,09:40:02,50490,50488.1,45,50499.9,30,15,228135
BANKNIFTY-II.NFO,07/08/2024,09:40:03,50490,50487.05,45,50491,15,0,228135
BANKNIFTY-II.NFO,07/08/2024,09:40:05,50495.95,50495.95,15,50499.95,15,30,228135
BANKNIFTY-II.NFO,07/08/2024,09:40:07,50499.95,50497,60,50500,45,15,228135
BANKNIFTY-II.NFO,07/08/2024,09:40:08,50500,50497,75,50500,15,30,228135
BANKNIFTY-II.NFO,07/08/2024,09:40:10,50500,50493.65,75,50503.95,15,15,228135
BANKNIFTY-II.NFO,07/08/2024,09:40:12,50500,50502.45,45,50513.5,30,0,228135
BANKNIFTY-II.NFO,07/08/2024,09:40:14,50502.35,50501.6,60,50513.2,30,15,228135
BANKNIFTY-II.NFO,07/08/2024,09:40:15,50502.35,50508,75,50514.15,15,0,228135
BANKNIFTY-II.NFO,07/08/2024,09:40:17,50502.35,50509.8,75,50514.15,15,0,228135
BANKNIFTY-II.NFO,07/08/2024,09:40:19,50502.35,50503.15,75,50511.95,15,0,228135
BANKNIFTY-II.NFO,07/08/2024,09:40:20,50517.9,50509.3,75,50520.75,75,60,228135
BANKNIFTY-II.NFO,07/08/2024,09:40:22,50517.9,50506.25,60,50517.95,15,0,228135
BANKNIFTY-II.NFO,07/08/2024,09:40:23,50517.9,50516.7,75,50527.95,45,0,228135
BANKNIFTY-II.NFO,07/08/2024,09:40:25,50517.9,50507.55,60,50519.15,30,0,228135
BANKNIFTY-II.NFO,07/08/2024,09:40:28,50517.9,50510.65,60,50521.9,150,0,228135
BANKNIFTY-II.NFO,07/08/2024,09:40:30,50517.9,50514.15,15,50525.15,30,0,228135
BANKNIFTY-II.NFO,07/08/2024,09:40:32,50517.9,50519.8,60,50529,15,0,228135
BANKNIFTY-II.NFO,07/08/2024,09:40:33,50517.9,50523.45,60,50529,15,0,228135
BANKNIFTY-II.NFO,07/08/2024,09:40:35,50517.9,50521.45,15,50529,15,0,228135
BANKNIFTY-II.NFO,07/08/2024,09:40:37,50517.9,50520,75,50529,15,0,228135
BANKNIFTY-II.NFO,07/08/2024,09:40:38,50517.9,50518.95,75,50525,15,0,228135
BANKNIFTY-II.NFO,07/08/2024,09:40:40,50517.9,50516.2,75,50525,15,0,228135
BANKNIFTY-II.NFO,07/08/2024,09:40:42,50517.9,50516.15,75,50525,15,0,228135
BANKNIFTY-II.NFO,07/08/2024,09:40:43,50517.9,50514.5,75,50525,15,0,228135
BANKNIFTY-II.NFO,07/08/2024,09:40:45,50517.9,50520.95,75,50525,15,0,228135
BANKNIFTY-II.NFO,07/08/2024,09:40:47,50517.9,50517.8,75,50525,15,0,228135
BANKNIFTY-II.NFO,07/08/2024,09:40:48,50517.9,50521.25,75,50525,15,0,228135
BANKNIFTY-II.NFO,07/08/2024,09:40:50,50517.9,50519.4,60,50525,15,0,228135
BANKNIFTY-II.NFO,07/08/2024,09:40:52,50517.9,50520.55,75,50525,15,0,228135
BANKNIFTY-II.NFO,07/08/2024,09:40:53,50529,50527.6,60,50539,75,30,228135
BANKNIFTY-II.NFO,07/08/2024,09:40:55,50529,50524.5,75,50536.45,30,0,228135
BANKNIFTY-II.NFO,07/08/2024,09:40:57,50529,50527.45,75,50535.95,15,0,228135
BANKNIFTY-II.NFO,07/08/2024,09:40:58,50529,50529,15,50537.85,30,0,228135
BANKNIFTY-II.NFO,07/08/2024,09:41:00,50529,50529,15,50537.25,30,0,228135
BANKNIFTY-II.NFO,07/08/2024,09:41:02,50529,50529,15,50534,30,0,228135
BANKNIFTY-II.NFO,07/08/2024,09:41:03,50529,50518.9,75,50531,105,30,228135
BANKNIFTY-II.NFO,07/08/2024,09:41:05,50528.95,50514.85,75,50526,30,30,228135
BANKNIFTY-II.NFO,07/08/2024,09:41:07,50528.95,50509.9,75,50521.85,30,0,228135
BANKNIFTY-II.NFO,07/08/2024,09:41:08,50528.95,50514.1,75,50524.75,30,0,228135
BANKNIFTY-II.NFO,07/08/2024,09:41:10,50528.95,50510.05,15,50520.75,30,0,228135
BANKNIFTY-II.NFO,07/08/2024,09:41:12,50528.95,50508.55,30,50519.7,15,0,228135
BANKNIFTY-II.NFO,07/08/2024,09:41:13,50528.95,50509.85,30,50520.95,30,0,228135
BANKNIFTY-II.NFO,07/08/2024,09:41:15,50528.95,50501.05,60,50512.25,30,0,228135
BANKNIFTY-II.NFO,07/08/2024,09:41:17,50528.95,50502.05,30,50511.95,15,0,228135
BANKNIFTY-II.NFO,07/08/2024,09:41:18,50528.95,50503.6,45,50511.95,15,0,228135
BANKNIFTY-II.NFO,07/08/2024,09:41:20,50528.95,50502.7,60,50513.95,15,0,228135
BANKNIFTY-II.NFO,07/08/2024,09:41:22,50509.95,50502.75,75,50514,75,15,228135
BANKNIFTY-II.NFO,07/08/2024,09:41:23,50509.95,50505.9,30,50517,75,0,228135
BANKNIFTY-II.NFO,07/08/2024,09:41:25,50509.95,50507,75,50518.4,30,0,228135
BANKNIFTY-II.NFO,07/08/2024,09:41:27,50509.95,50510.6,45,50519.95,15,0,228135
BANKNIFTY-II.NFO,07/08/2024,09:41:28,50520.95,50501.05,75,50513.15,30,15,228135
BANKNIFTY-II.NFO,07/08/2024,09:41:30,50520.95,50502.6,75,50513.5,60,0,228135
BANKNIFTY-II.NFO,07/08/2024,09:41:32,50520.95,50501.4,75,50513,105,0,228135
BANKNIFTY-II.NFO,07/08/2024,09:41:33,50520.95,50501.3,75,50512.25,30,0,228135
BANKNIFTY-II.NFO,07/08/2024,09:41:35,50507.95,50501,15,50508,90,15,228135
BANKNIFTY-II.NFO,07/08/2024,09:41:37,50507.95,50501,15,50504.6,15,0,228135
BANKNIFTY-II.NFO,07/08/2024,09:41:43,50512,50501.2,75,50512.15,15,15,228135
BANKNIFTY-II.NFO,07/08/2024,09:41:45,50507.95,50501,15,50507.95,150,15,228135
BANKNIFTY-II.NFO,07/08/2024,09:41:47,50507.95,50501,30,50511,60,0,228135
BANKNIFTY-II.NFO,07/08/2024,09:41:48,50507.1,50501,15,50507.75,120,45,228135
BANKNIFTY-II.NFO,07/08/2024,09:41:50,50507.1,50501,15,50508,60,0,228135
BANKNIFTY-II.NFO,07/08/2024,09:41:53,50507.1,50501,15,50507.1,15,0,228135
BANKNIFTY-II.NFO,07/08/2024,09:41:55,50507.1,50507.1,15,50507.95,15,15,228135
BANKNIFTY-II.NFO,07/08/2024,09:41:57,50507.9,50501,15,50507.3,15,15,228135
BANKNIFTY-II.NFO,07/08/2024,09:41:58,50507.9,50501,15,50507.3,15,0,228135
BANKNIFTY-II.NFO,07/08/2024,09:42:00,50512.2,50502.55,45,50513,60,135,228135
BANKNIFTY-II.NFO,07/08/2024,09:42:02,50512.2,50508,45,50519,60,0,228135
BANKNIFTY-II.NFO,07/08/2024,09:42:03,50512.2,50513.65,30,50523.3,15,0,228135
BANKNIFTY-II.NFO,07/08/2024,09:42:05,50512.2,50512.6,75,50524,60,0,228135
BANKNIFTY-II.NFO,07/08/2024,09:42:07,50512.2,50514.1,75,50525.95,30,0,228135
BANKNIFTY-II.NFO,07/08/2024,09:42:08,50512.2,50518.2,60,50527.95,15,0,228135
BANKNIFTY-II.NFO,07/08/2024,09:42:10,50512.2,50514.1,60,50523.25,150,0,228135
BANKNIFTY-II.NFO,07/08/2024,09:42:12,50514.2,50511.9,75,50522.95,15,15,228135
BANKNIFTY-II.NFO,07/08/2024,09:42:13,50511.85,50504.1,75,50512.2,15,15,228135
BANKNIFTY-II.NFO,07/08/2024,09:42:15,50511.85,50502.1,75,50512.15,30,0,228135
BANKNIFTY-II.NFO,07/08/2024,09:42:17,50511.85,50505.2,105,50512.2,15,0,228135
BANKNIFTY-II.NFO,07/08/2024,09:42:20,50512.85,50510.85,45,50521.5,45,195,228135
BANKNIFTY-II.NFO,07/08/2024,09:42:22,50512.85,50512.4,30,50523.75,60,0,228135
BANKNIFTY-II.NFO,07/08/2024,09:42:23,50512.85,50508.55,45,50518.5,60,0,228135
BANKNIFTY-II.NFO,07/08/2024,09:42:25,50512.85,50512.1,45,50521.7,30,0,228135
BANKNIFTY-II.NFO,07/08/2024,09:42:27,50512.85,50510.1,30,50519.4,30,0,228135
BANKNIFTY-II.NFO,07/08/2024,09:42:28,50512.85,50512.1,45,50521.75,60,0,228135
BANKNIFTY-II.NFO,07/08/2024,09:42:30,50512.2,50510,15,50512.2,45,15,228135
BANKNIFTY-II.NFO,07/08/2024,09:42:32,50510,50501.05,30,50510.5,45,15,228135
BANKNIFTY-II.NFO,07/08/2024,09:42:33,50510,50501.05,45,50512.15,45,0,228135
BANKNIFTY-II.NFO,07/08/2024,09:42:35,50502.3,50502.2,15,50512,15,15,228135
BANKNIFTY-II.NFO,07/08/2024,09:42:37,50501,50501,15,50508.5,30,15,228135
BANKNIFTY-II.NFO,07/08/2024,09:42:38,50501,50501,15,50508.3,30,0,228135
BANKNIFTY-II.NFO,07/08/2024,09:42:40,50501,50501,15,50505.1,30,0,228135
BANKNIFTY-II.NFO,07/08/2024,09:42:42,50501,50500,15,50502.3,30,15,228135
BANKNIFTY-II.NFO,07/08/2024,09:42:43,50503.95,50500,15,50503.9,45,45,228135
BANKNIFTY-II.NFO,07/08/2024,09:42:45,50500,50490.1,60,50500.9,60,15,228135
BANKNIFTY-II.NFO,07/08/2024,09:42:47,50500,50488.1,60,50499.1,60,0,228135
BANKNIFTY-II.NFO,07/08/2024,09:42:48,50497.95,50490,60,50500.95,30,30,228135
BANKNIFTY-II.NFO,07/08/2024,09:42:50,50497.95,50490.8,60,50501.95,30,0,228135
BANKNIFTY-II.NFO,07/08/2024,09:42:52,50497.95,50488,60,50499,60,0,228135
BANKNIFTY-II.NFO,07/08/2024,09:42:53,50497.95,50484.5,45,50496,60,0,228135
BANKNIFTY-II.NFO,07/08/2024,09:42:55,50497.95,50486.1,45,50497,60,0,228135
BANKNIFTY-II.NFO,07/08/2024,09:42:57,50497.95,50492.3,60,50500,30,0,228135
BANKNIFTY-II.NFO,07/08/2024,09:42:58,50497.95,50488,45,50498,60,0,228135
BANKNIFTY-II.NFO,07/08/2024,09:43:00,50497.95,50491.55,45,50500,150,0,228135
BANKNIFTY-II.NFO,07/08/2024,09:43:02,50497.95,50487.2,45,50498.95,30,0,228135
BANKNIFTY-II.NFO,07/08/2024,09:43:03,50497.95,50490.2,60,50500,150,0,228135
BANKNIFTY-II.NFO,07/08/2024,09:43:05,50497.95,50487.2,300,50496.25,15,0,228135
BANKNIFTY-II.NFO,07/08/2024,09:43:07,50497.95,50485.65,45,50496,60,0,228135
BANKNIFTY-II.NFO,07/08/2024,09:43:08,50497.95,50490.9,45,50500,150,0,228135
BANKNIFTY-II.NFO,07/08/2024,09:43:10,50500,50503.7,45,50512,15,150,228435
BANKNIFTY-II.NFO,07/08/2024,09:43:12,50500,50503.75,45,50512,15,0,228435
BANKNIFTY-II.NFO,07/08/2024,09:43:13,50500,50505.35,45,50512,15,0,228435
BANKNIFTY-II.NFO,07/08/2024,09:43:15,50500,50505.2,45,50512,15,0,228435
BANKNIFTY-II.NFO,07/08/2024,09:43:17,50500,50502.2,45,50512,15,0,228435
BANKNIFTY-II.NFO,07/08/2024,09:43:18,50500,50505.9,45,50512,15,0,228435
BANKNIFTY-II.NFO,07/08/2024,09:43:20,50500,50498.1,60,50509.75,15,0,228435
BANKNIFTY-II.NFO,07/08/2024,09:43:22,50500,50504.5,15,50512,15,0,228435
BANKNIFTY-II.NFO,07/08/2024,09:43:23,50500,50502.2,45,50512,15,0,228435
BANKNIFTY-II.NFO,07/08/2024,09:43:25,50500,50502.1,45,50511.95,30,0,228435
BANKNIFTY-II.NFO,07/08/2024,09:43:27,50502,50504.2,45,50512,15,120,228435
BANKNIFTY-II.NFO,07/08/2024,09:43:28,50502,50498.1,45,50508.95,15,0,228435
BANKNIFTY-II.NFO,07/08/2024,09:43:30,50502,50497.95,15,50505.95,15,0,228435
BANKNIFTY-II.NFO,07/08/2024,09:43:32,50502,50502.95,60,50512,15,0,228435
BANKNIFTY-II.NFO,07/08/2024,09:43:33,50502,50502.45,45,50512,15,0,228435
BANKNIFTY-II.NFO,07/08/2024,09:43:35,50502,50504.95,15,50512,15,0,228435
BANKNIFTY-II.NFO,07/08/2024,09:43:37,50504.1,50504.25,15,50512,15,75,228435
BANKNIFTY-II.NFO,07/08/2024,09:43:38,50512,50512.05,15,50522.6,45,15,228435
BANKNIFTY-II.NFO,07/08/2024,09:43:40,50512,50502.7,45,50514.85,30,0,228435
BANKNIFTY-II.NFO,07/08/2024,09:43:42,50512,50500.4,30,50511.4,30,0,228435
BANKNIFTY-II.NFO,07/08/2024,09:43:43,50512,50499.25,300,50507.4,45,0,228435
BANKNIFTY-II.NFO,07/08/2024,09:43:45,50512,50497.95,15,50499.9,30,0,228435
BANKNIFTY-II.NFO,07/08/2024,09:43:47,50490,50471,15,50475.35,30,30,228435
BANKNIFTY-II.NFO,07/08/2024,09:43:48,50471.85,50472.55,45,50483.95,30,15,228435
BANKNIFTY-II.NFO,07/08/2024,09:43:50,50471.85,50471,15,50476.9,30,0,228435
BANKNIFTY-II.NFO,07/08/2024,09:43:52,50471.85,50471,15,50477.55,60,0,228435
BANKNIFTY-II.NFO,07/08/2024,09:43:53,50471.85,50474.05,15,50482.65,30,0,228435
BANKNIFTY-II.NFO,07/08/2024,09:43:55,50471,50465.3,15,50470.4,30,15,228435
BANKNIFTY-II.NFO,07/08/2024,09:43:57,50460.6,50454.3,15,50463.55,30,30,228435
BANKNIFTY-II.NFO,07/08/2024,09:43:58,50460.6,50457.1,30,50467.9,30,0,228435
BANKNIFTY-II.NFO,07/08/2024,09:44:00,50460.6,50462.65,45,50472.95,30,0,228435
BANKNIFTY-II.NFO,07/08/2024,09:44:02,50460.6,50466.75,15,50477.65,30,0,228435
BANKNIFTY-II.NFO,07/08/2024,09:44:03,50471.7,50463.35,300,50473.95,45,15,228435
BANKNIFTY-II.NFO,07/08/2024,09:44:05,50471.7,50466.3,30,50478.95,30,0,228435
BANKNIFTY-II.NFO,07/08/2024,09:44:07,50475.95,50462.7,15,50472.95,30,15,228435
BANKNIFTY-II.NFO,07/08/2024,09:44:08,50475.95,50466.1,15,50477.4,30,0,228435
BANKNIFTY-II.NFO,07/08/2024,09:44:10,50475.95,50472.05,30,50480.95,30,0,228435
BANKNIFTY-II.NFO,07/08/2024,09:44:12,50475.95,50475.5,15,50486.95,30,0,228435
BANKNIFTY-II.NFO,07/08/2024,09:44:13,50475.95,50474.1,60,50485.95,45,0,228435
BANKNIFTY-II.NFO,07/08/2024,09:44:15,50475.95,50475.85,30,50487,90,0,228435
BANKNIFTY-II.NFO,07/08/2024,09:44:17,50475.85,50475.5,300,50486,75,15,228435
BANKNIFTY-II.NFO,07/08/2024,09:44:18,50475.85,50478.55,30,50489.95,30,0,228435
BANKNIFTY-II.NFO,07/08/2024,09:44:20,50476.05,50477.25,45,50489.3,45,15,228435
BANKNIFTY-II.NFO,07/08/2024,09:44:21,50476.05,50480.25,300,50488,75,0,228435
BANKNIFTY-II.NFO,07/08/2024,09:44:23,50476.05,50478,300,50487.95,30,0,228435
BANKNIFTY-II.NFO,07/08/2024,09:44:25,50478,50474.05,15,50484.95,30,15,228435
BANKNIFTY-II.NFO,07/08/2024,09:44:26,50478,50474.25,300,50484.95,30,0,228435
BANKNIFTY-II.NFO,07/08/2024,09:44:28,50478,50467.6,300,50475,90,0,228435
BANKNIFTY-II.NFO,07/08/2024,09:44:30,50478,50465.4,300,50473,75,0,228435
BANKNIFTY-II.NFO,07/08/2024,09:44:31,50478,50460.6,15,50470.6,30,0,228435
BANKNIFTY-II.NFO,07/08/2024,09:44:33,50470,50460.6,15,50469.6,30,30,228435
BANKNIFTY-II.NFO,07/08/2024,09:44:35,50474.85,50466.8,300,50475.95,30,15,228435
BANKNIFTY-II.NFO,07/08/2024,09:44:36,50474.85,50468.05,15,50475.95,30,0,228435
BANKNIFTY-II.NFO,07/08/2024,09:44:38,50474.85,50464.15,45,50475,45,0,228435
BANKNIFTY-II.NFO,07/08/2024,09:44:40,50474.85,50464.55,30,50475,45,0,228435
BANKNIFTY-II.NFO,07/08/2024,09:44:41,50474.85,50466.15,315,50476,45,0,228435
BANKNIFTY-II.NFO,07/08/2024,09:44:43,50474.85,50467.75,300,50478.85,45,0,228435
BANKNIFTY-II.NFO,07/08/2024,09:44:45,50474.85,50461.05,30,50470.85,30,0,228435
BANKNIFTY-II.NFO,07/08/2024,09:44:46,50474.85,50465.9,45,50476.95,45,0,228435
BANKNIFTY-II.NFO,07/08/2024,09:44:48,50474.85,50471.2,45,50482.95,30,0,228435
BANKNIFTY-II.NFO,07/08/2024,09:44:50,50474.85,50470,30,50480,60,0,228435
BANKNIFTY-II.NFO,07/08/2024,09:44:51,50474.85,50476.05,15,50483.7,30,0,228435
BANKNIFTY-II.NFO,07/08/2024,09:44:53,50474.85,50474.1,315,50484.9,30,0,228435
BANKNIFTY-II.NFO,07/08/2024,09:44:55,50474.85,50475.75,300,50485.85,30,0,228435
BANKNIFTY-II.NFO,07/08/2024,09:44:56,50474.85,50475.55,300,50485,90,0,228435
BANKNIFTY-II.NFO,07/08/2024,09:44:58,50474.85,50474.85,15,50480.6,60,0,228435
BANKNIFTY-II.NFO,07/08/2024,09:45:00,50474.85,50470.25,30,50483.95,30,15,228435
BANKNIFTY-II.NFO,07/08/2024,09:45:01,50474.85,50476.3,45,50487.95,30,0,228435
BANKNIFTY-II.NFO,07/08/2024,09:45:03,50474.85,50474.05,15,50482.9,30,0,228435
BANKNIFTY-II.NFO,07/08/2024,09:45:05,50474.85,50478.05,15,50487.55,30,0,228435
BANKNIFTY-II.NFO,07/08/2024,09:45:06,50474.85,50478.05,30,50486.95,30,0,228435
BANKNIFTY-II.NFO,07/08/2024,09:45:08,50474.85,50478.05,300,50487.95,30,0,228435
BANKNIFTY-II.NFO,07/08/2024,09:45:10,50474.85,50479.95,315,50487.95,30,0,228435
BANKNIFTY-II.NFO,07/08/2024,09:45:11,50474.85,50488.05,15,50495.05,90,0,228435
BANKNIFTY-II.NFO,07/08/2024,09:45:13,50486.8,50478.55,15,50490,105,15,228435
BANKNIFTY-II.NFO,07/08/2024,09:45:15,50486.8,50482.45,45,50493,90,0,228435
BANKNIFTY-II.NFO,07/08/2024,09:45:16,50486.8,50482.05,15,50490.55,135,0,228435
BANKNIFTY-II.NFO,07/08/2024,09:45:18,50481.7,50480.05,30,50490.65,30,45,228435
BANKNIFTY-II.NFO,07/08/2024,09:45:20,50475.2,50475.15,45,50485,75,30,228435
BANKNIFTY-II.NFO,07/08/2024,09:45:21,50475.2,50472.55,300,50481.15,135,0,228435
BANKNIFTY-II.NFO,07/08/2024,09:45:23,50475.2,50475.5,30,50482.45,15,0,228435
BANKNIFTY-II.NFO,07/08/2024,09:45:25,50475.2,50477.2,30,50482.45,15,0,228435
BANKNIFTY-II.NFO,07/08/2024,09:45:26,50475.15,50472.2,75,50482.4,30,510,228435
BANKNIFTY-II.NFO,07/08/2024,09:45:28,50475.15,50475.1,300,50482.45,15,0,228435
BANKNIFTY-II.NFO,07/08/2024,09:45:30,50475.15,50474.05,15,50482.3,30,0,228435
BANKNIFTY-II.NFO,07/08/2024,09:45:31,50475.15,50478.05,15,50488,75,0,228435
BANKNIFTY-II.NFO,07/08/2024,09:45:33,50475.15,50480.05,15,50489.6,30,0,228435
BANKNIFTY-II.NFO,07/08/2024,09:45:35,50476.1,50475.1,300,50483.55,30,75,228435
BANKNIFTY-II.NFO,07/08/2024,09:45:36,50476.1,50486.05,15,50493.95,30,0,228435
BANKNIFTY-II.NFO,07/08/2024,09:45:38,50476.1,50484.05,15,50492,75,0,228435
BANKNIFTY-II.NFO,07/08/2024,09:45:40,50476.1,50480.05,15,50490.9,30,0,228435
BANKNIFTY-II.NFO,07/08/2024,09:45:41,50476.1,50480,15,50489,75,0,228435
BANKNIFTY-II.NFO,07/08/2024,09:45:43,50476.1,50482.05,15,50490.75,30,0,228435
BANKNIFTY-II.NFO,07/08/2024,09:45:45,50476.1,50485,15,50488.15,30,0,228435
BANKNIFTY-II.NFO,07/08/2024,09:45:46,50476.1,50488.05,15,50495.25,30,0,228435
BANKNIFTY-II.NFO,07/08/2024,09:45:48,50476.1,50485,15,50494.05,30,0,228435
BANKNIFTY-II.NFO,07/08/2024,09:45:50,50476.1,50485,15,50494.65,30,0,228435
BANKNIFTY-II.NFO,07/08/2024,09:45:51,50476.1,50485,15,50490.3,30,0,228435
BANKNIFTY-II.NFO,07/08/2024,09:45:53,50476.1,50485,15,50489,30,0,228435
BANKNIFTY-II.NFO,07/08/2024,09:45:55,50488.7,50485,15,50488.85,30,15,229125
BANKNIFTY-II.NFO,07/08/2024,09:45:56,50485,50480.45,300,50485.95,30,15,229125
BANKNIFTY-II.NFO,07/08/2024,09:45:58,50485,50483.5,300,50491.95,30,0,229125
BANKNIFTY-II.NFO,07/08/2024,09:46:00,50485,50482.95,300,50489.95,30,0,229125
BANKNIFTY-II.NFO,07/08/2024,09:46:01,50482.55,50478.7,240,50485.6,30,60,229125
BANKNIFTY-II.NFO,07/08/2024,09:46:03,50482.55,50478.1,300,50486.85,45,0,229125
BANKNIFTY-II.NFO,07/08/2024,09:46:05,50482.55,50484.05,15,50491.95,30,0,229125
BANKNIFTY-II.NFO,07/08/2024,09:46:06,50482.55,50479.75,300,50484,75,0,229125
BANKNIFTY-II.NFO,07/08/2024,09:46:08,50482.55,50479.65,300,50480,15,0,229125
BANKNIFTY-II.NFO,07/08/2024,09:46:10,50480,50480.05,15,50489.85,30,15,229125
BANKNIFTY-II.NFO,07/08/2024,09:46:11,50489.8,50479.85,300,50488.65,45,90,229125
BANKNIFTY-II.NFO,07/08/2024,09:46:13,50490.05,50478.05,15,50488.75,30,15,229125
BANKNIFTY-II.NFO,07/08/2024,09:46:15,50490.05,50476.3,30,50488.55,30,0,229125
BANKNIFTY-II.NFO,07/08/2024,09:46:16,50490.05,50478.05,15,50485.05,30,0,229125
BANKNIFTY-II.NFO,07/08/2024,09:46:18,50490.05,50478.05,15,50486.25,30,0,229125
BANKNIFTY-II.NFO,07/08/2024,09:46:20,50476,50465.85,30,50478.5,45,30,229125
BANKNIFTY-II.NFO,07/08/2024,09:46:21,50476,50469.4,30,50480.2,30,0,229125
BANKNIFTY-II.NFO,07/08/2024,09:46:23,50476,50465.8,300,50475.65,45,0,229125
BANKNIFTY-II.NFO,07/08/2024,09:46:25,50476,50470.05,15,50480.55,60,0,229125
BANKNIFTY-II.NFO,07/08/2024,09:46:26,50476,50474.05,15,50482.95,30,0,229125
BANKNIFTY-II.NFO,07/08/2024,09:46:28,50476,50482.05,15,50490.1,30,0,229125
BANKNIFTY-II.NFO,07/08/2024,09:46:30,50476,50475.45,300,50484.6,45,0,229125
BANKNIFTY-II.NFO,07/08/2024,09:46:31,50476,50472.25,300,50482.8,45,0,229125
BANKNIFTY-II.NFO,07/08/2024,09:46:33,50476,50472.9,300,50482.65,30,0,229125
BANKNIFTY-II.NFO,07/08/2024,09:46:35,50476,50476,45,50483.1,30,0,229125
BANKNIFTY-II.NFO,07/08/2024,09:46:36,50476,50476,30,50480,30,15,229125
BANKNIFTY-II.NFO,07/08/2024,09:46:38,50476,50470,15,50475.2,45,30,229125
BANKNIFTY-II.NFO,07/08/2024,09:46:40,50476,50470,15,50479.55,30,0,229125
BANKNIFTY-II.NFO,07/08/2024,09:46:41,50476,50470.05,15,50479,45,0,229125
BANKNIFTY-II.NFO,07/08/2024,09:46:43,50469.3,50468.85,285,50476.35,45,30,229125
BANKNIFTY-II.NFO,07/08/2024,09:46:45,50469.3,50469.25,30,50478.1,30,0,229125
BANKNIFTY-II.NFO,07/08/2024,09:46:46,50469.3,50467.9,30,50477.65,45,0,229125
BANKNIFTY-II.NFO,07/08/2024,09:46:48,50477.05,50468.05,15,50476.45,30,120,229125
BANKNIFTY-II.NFO,07/08/2024,09:46:50,50477.05,50465.5,300,50474.2,45,0,229125
BANKNIFTY-II.NFO,07/08/2024,09:46:51,50477.05,50461.05,300,50469.9,30,0,229125
BANKNIFTY-II.NFO,07/08/2024,09:46:53,50477.05,50462.4,30,50474.65,45,0,229125
BANKNIFTY-II.NFO,07/08/2024,09:46:55,50477.05,50461,15,50471.6,30,0,229125
BANKNIFTY-II.NFO,07/08/2024,09:46:57,50477.05,50461.05,30,50472.65,30,0,229125
BANKNIFTY-II.NFO,07/08/2024,09:46:58,50477.05,50461,15,50465.2,30,0,229125
BANKNIFTY-II.NFO,07/08/2024,09:47:00,50477.05,50461.05,30,50472.55,15,0,229125
BANKNIFTY-II.NFO,07/08/2024,09:47:02,50477.05,50462.1,30,50472.95,45,0,229125
BANKNIFTY-II.NFO,07/08/2024,09:47:03,50477.05,50470.05,15,50480,15,0,229125
BANKNIFTY-II.NFO,07/08/2024,09:47:05,50477.05,50470.35,30,50480,15,0,229125
BANKNIFTY-II.NFO,07/08/2024,09:47:06,50477.05,50470.75,30,50477.05,30,0,229125
BANKNIFTY-II.NFO,07/08/2024,09:47:08,50477.05,50469.35,30,50477.05,30,0,229125
BANKNIFTY-II.NFO,07/08/2024,09:47:10,50472.35,50469.35,30,50477.05,30,15,229125
BANKNIFTY-II.NFO,07/08/2024,09:47:11,50472.35,50468.9,30,50475,15,0,229125
BANKNIFTY-II.NFO,07/08/2024,09:47:13,50472.35,50468.5,30,50475,15,0,229125
BANKNIFTY-II.NFO,07/08/2024,09:47:15,50472.35,50471.25,30,50475,15,0,229125
BANKNIFTY-II.NFO,07/08/2024,09:47:16,50472.35,50471.7,30,50475,15,0,229125
BANKNIFTY-II.NFO,07/08/2024,09:47:18,50472.35,50471.8,30,50475,15,0,229125
BANKNIFTY-II.NFO,07/08/2024,09:47:19,50471.35,50470.85,15,50475,15,60,229125
BANKNIFTY-II.NFO,07/08/2024,09:47:21,50471.35,50471,15,50475,15,0,229125
BANKNIFTY-II.NFO,07/08/2024,09:47:23,50471.35,50470.95,300,50477,15,0,229125
BANKNIFTY-II.NFO,07/08/2024,09:47:24,50471.35,50470.5,15,50477,15,0,229125
BANKNIFTY-II.NFO,07/08/2024,09:47:26,50471.35,50470.55,300,50477,15,0,229125
BANKNIFTY-II.NFO,07/08/2024,09:47:28,50471.35,50471.45,15,50477,15,0,229125
BANKNIFTY-II.NFO,07/08/2024,09:47:29,50471.35,50470.5,15,50477,15,0,229125
BANKNIFTY-II.NFO,07/08/2024,09:47:31,50471.35,50471.4,15,50477,15,0,229125
BANKNIFTY-II.NFO,07/08/2024,09:47:34,50471.35,50471.45,15,50477,15,0,229125
BANKNIFTY-II.NFO,07/08/2024,09:47:36,50471.35,50472.85,15,50477,15,0,229125
BANKNIFTY-II.NFO,07/08/2024,09:47:38,50471.35,50472.3,15,50477,15,0,229125
BANKNIFTY-II.NFO,07/08/2024,09:47:39,50477,50474.25,15,50480,30,15,229125
BANKNIFTY-II.NFO,07/08/2024,09:47:41,50480,50480.05,15,50486.5,15,30,229125
BANKNIFTY-II.NFO,07/08/2024,09:47:43,50480,50476.6,45,50488,15,0,229125
BANKNIFTY-II.NFO,07/08/2024,09:47:44,50478.75,50480.05,15,50486.9,30,15,229125
BANKNIFTY-II.NFO,07/08/2024,09:47:46,50478.75,50478.45,60,50491.15,15,0,229125
BANKNIFTY-II.NFO,07/08/2024,09:47:48,50478.75,50482.1,30,50495.55,45,0,229125
BANKNIFTY-II.NFO,07/08/2024,09:47:49,50478.75,50482.9,300,50493.45,45,0,229125
BANKNIFTY-II.NFO,07/08/2024,09:47:51,50478.75,50479.6,30,50490.55,30,0,229125
BANKNIFTY-II.NFO,07/08/2024,09:47:53,50478.75,50472,15,50480.85,45,0,229125
BANKNIFTY-II.NFO,07/08/2024,09:47:54,50472,50465.6,300,50473.85,45,15,229125
BANKNIFTY-II.NFO,07/08/2024,09:47:56,50472,50461,15,50467.35,30,0,229125
BANKNIFTY-II.NFO,07/08/2024,09:47:58,50450,50445,30,50450.5,60,180,229125
BANKNIFTY-II.NFO,07/08/2024,09:47:58,50450,50445,30,50450.5,60,0,229125
BANKNIFTY-II.NFO,07/08/2024,09:47:59,50450,50445,30,50449.45,30,0,229125
BANKNIFTY-II.NFO,07/08/2024,09:48:01,50450,50445,30,50449.2,30,0,229125
BANKNIFTY-II.NFO,07/08/2024,09:48:03,50449.2,50445,30,50453.7,30,15,229125
BANKNIFTY-II.NFO,07/08/2024,09:48:03,50449.2,50445,30,50453.7,30,0,229125
BANKNIFTY-II.NFO,07/08/2024,09:48:04,50451.7,50450,15,50454,225,30,229125
BANKNIFTY-II.NFO,07/08/2024,09:48:06,50451.7,50450,15,50453.55,30,0,229125
BANKNIFTY-II.NFO,07/08/2024,09:48:08,50450,50445,30,50449.95,30,15,229125
BANKNIFTY-II.NFO,07/08/2024,09:48:09,50450,50445,30,50450,15,0,229125
BANKNIFTY-II.NFO,07/08/2024,09:48:11,50450,50446.1,45,50450,15,0,229125
BANKNIFTY-II.NFO,07/08/2024,09:48:13,50450,50445.05,30,50450,15,0,229125
BANKNIFTY-II.NFO,07/08/2024,09:48:14,50450,50445,30,50449.95,30,0,229125
BANKNIFTY-II.NFO,07/08/2024,09:48:16,50441.8,50442.55,30,50450,15,180,229125
BANKNIFTY-II.NFO,07/08/2024,09:48:16,50441.8,50442.55,30,50450,15,0,229125
BANKNIFTY-II.NFO,07/08/2024,09:48:18,50440.5,50440.5,45,50450,30,15,229125
BANKNIFTY-II.NFO,07/08/2024,09:48:18,50440.5,50440.5,45,50450,30,0,229125
BANKNIFTY-II.NFO,07/08/2024,09:48:19,50443.3,50439.05,300,50448.6,30,15,229125
BANKNIFTY-II.NFO,07/08/2024,09:48:21,50443.3,50440.1,30,50450,30,0,229125
BANKNIFTY-II.NFO,07/08/2024,09:48:23,50443.3,50439.6,30,50450,30,0,229125
BANKNIFTY-II.NFO,07/08/2024,09:48:24,50443.3,50442.05,30,50450,30,0,229125
BANKNIFTY-II.NFO,07/08/2024,09:48:26,50443.3,50442.2,300,50450,30,30,229125
BANKNIFTY-II.NFO,07/08/2024,09:48:28,50443.3,50439.75,30,50450,30,0,229125
BANKNIFTY-II.NFO,07/08/2024,09:48:29,50443.3,50436,300,50445.05,45,0,229125
BANKNIFTY-II.NFO,07/08/2024,09:48:31,50443.3,50437,30,50445.95,30,0,229125
BANKNIFTY-II.NFO,07/08/2024,09:48:33,50443.3,50439.35,30,50450,30,0,229125
BANKNIFTY-II.NFO,07/08/2024,09:48:34,50443.3,50442.05,300,50450,30,0,229125
BANKNIFTY-II.NFO,07/08/2024,09:48:36,50442.9,50440.75,285,50450,30,15,229125
BANKNIFTY-II.NFO,07/08/2024,09:48:38,50442.9,50441.35,30,50450,30,0,229125
BANKNIFTY-II.NFO,07/08/2024,09:48:39,50442.9,50442.85,300,50450,30,0,229125
BANKNIFTY-II.NFO,07/08/2024,09:48:41,50442.9,50442.8,300,50450,45,0,229125
BANKNIFTY-II.NFO,07/08/2024,09:48:43,50442.9,50440.55,30,50450,30,0,229125
BANKNIFTY-II.NFO,07/08/2024,09:48:44,50442.9,50444,15,50446.6,45,0,229125
BANKNIFTY-II.NFO,07/08/2024,09:48:46,50444.45,50442.1,15,50450,45,30,229125
BANKNIFTY-II.NFO,07/08/2024,09:48:48,50444.45,50441.1,15,50450,45,0,229125
BANKNIFTY-II.NFO,07/08/2024,09:48:49,50444.45,50442.9,15,50450,45,0,229125
BANKNIFTY-II.NFO,07/08/2024,09:48:53,50444.45,50442.9,15,50450,30,0,229125
BANKNIFTY-II.NFO,07/08/2024,09:48:57,50444.45,50442.85,300,50450,30,0,229125
BANKNIFTY-II.NFO,07/08/2024,09:48:59,50444.45,50438.75,300,50446.3,45,0,229125
BANKNIFTY-II.NFO,07/08/2024,09:49:01,50444.45,50435.2,300,50444.1,30,0,229125
BANKNIFTY-II.NFO,07/08/2024,09:49:02,50444.45,50437.75,15,50449.05,45,0,229125
BANKNIFTY-II.NFO,07/08/2024,09:49:04,50444.45,50438.1,300,50449,30,0,229125
BANKNIFTY-II.NFO,07/08/2024,09:49:06,50444.45,50436.75,300,50443.9,30,0,229125
BANKNIFTY-II.NFO,07/08/2024,09:49:07,50444.45,50438.4,15,50447.9,30,0,229125
BANKNIFTY-II.NFO,07/08/2024,09:49:09,50444.45,50438.35,300,50446.6,30,0,229125
BANKNIFTY-II.NFO,07/08/2024,09:49:11,50448.35,50438.45,30,50449.7,30,15,228975
BANKNIFTY-II.NFO,07/08/2024,09:49:13,50448.35,50435,45,50441.6,45,0,228975
BANKNIFTY-II.NFO,07/08/2024,09:49:14,50422.2,50417.6,15,50425.95,15,135,228975
BANKNIFTY-II.NFO,07/08/2024,09:49:14,50422.2,50417.6,15,50425.95,15,0,228975
BANKNIFTY-II.NFO,07/08/2024,09:49:16,50427.95,50417.6,15,50427.75,30,30,228975
BANKNIFTY-II.NFO,07/08/2024,09:49:18,50417.6,50411,15,50419.9,30,15,228975
BANKNIFTY-II.NFO,07/08/2024,09:49:18,50417.6,50411,15,50419.9,30,0,228975
BANKNIFTY-II.NFO,07/08/2024,09:49:19,50417.6,50414.3,30,50425.45,30,0,228975
BANKNIFTY-II.NFO,07/08/2024,09:49:21,50417.6,50413.05,30,50425.6,30,0,228975
BANKNIFTY-II.NFO,07/08/2024,09:49:23,50417.6,50411,15,50420.25,30,0,228975
BANKNIFTY-II.NFO,07/08/2024,09:49:24,50413.45,50407.2,30,50413.55,30,60,228975
BANKNIFTY-II.NFO,07/08/2024,09:49:24,50409,50407.2,30,50413.55,30,0,228975
BANKNIFTY-II.NFO,07/08/2024,09:49:26,50423.9,50412.05,30,50425.9,15,15,228975
BANKNIFTY-II.NFO,07/08/2024,09:49:28,50423.9,50417.65,30,50423.95,15,0,228975
BANKNIFTY-II.NFO,07/08/2024,09:49:29,50423.9,50417.6,450,50422.9,15,0,228975
BANKNIFTY-II.NFO,07/08/2024,09:49:31,50423.9,50417.6,450,50420.95,15,0,228975
BANKNIFTY-II.NFO,07/08/2024,09:49:33,50425.9,50417.8,30,50425.9,30,45,228975
BANKNIFTY-II.NFO,07/08/2024,09:49:34,50425.9,50420.25,30,50423.9,15,0,228975
BANKNIFTY-II.NFO,07/08/2024,09:49:36,50423.9,50425.85,30,50433.95,15,15,228975
BANKNIFTY-II.NFO,07/08/2024,09:49:38,50423.9,50420.75,30,50429.9,30,0,228975
BANKNIFTY-II.NFO,07/08/2024,09:49:39,50423.9,50425.25,30,50435.9,30,0,228975
BANKNIFTY-II.NFO,07/08/2024,09:49:41,50427.5,50423.9,450,50431.95,15,15,228975
BANKNIFTY-II.NFO,07/08/2024,09:49:43,50427.5,50425.45,30,50435.95,15,0,228975
BANKNIFTY-II.NFO,07/08/2024,09:49:44,50427.5,50431.95,30,50439,45,0,228975
BANKNIFTY-II.NFO,07/08/2024,09:49:46,50427.5,50431.95,30,50439.75,30,0,228975
BANKNIFTY-II.NFO,07/08/2024,09:49:48,50427.5,50432.45,30,50440,15,0,228975
BANKNIFTY-II.NFO,07/08/2024,09:49:49,50447.8,50440,15,50449.9,30,30,228975
BANKNIFTY-II.NFO,07/08/2024,09:49:51,50449.9,50440,15,50447.9,45,15,228975
BANKNIFTY-II.NFO,07/08/2024,09:49:53,50449.9,50440,15,50446.75,30,0,228975
BANKNIFTY-II.NFO,07/08/2024,09:49:54,50449.9,50440,15,50449.75,30,0,228975
BANKNIFTY-II.NFO,07/08/2024,09:49:56,50449.55,50440,15,50445.75,30,15,228975
BANKNIFTY-II.NFO,07/08/2024,09:49:58,50440,50429.05,30,50441.45,30,15,228975
BANKNIFTY-II.NFO,07/08/2024,09:49:59,50435.8,50427.5,15,50433.75,45,15,228975
BANKNIFTY-II.NFO,07/08/2024,09:50:01,50436.25,50427.7,30,50439.85,45,15,228975
BANKNIFTY-II.NFO,07/08/2024,09:50:03,50436.25,50431.25,30,50442.45,30,0,228975
BANKNIFTY-II.NFO,07/08/2024,09:50:04,50436.25,50428.8,30,50439.8,30,0,228975
BANKNIFTY-II.NFO,07/08/2024,09:50:06,50436.25,50431.5,30,50442.4,30,0,228975
BANKNIFTY-II.NFO,07/08/2024,09:50:08,50436.25,50434.8,30,50443.95,15,0,228975
BANKNIFTY-II.NFO,07/08/2024,09:50:09,50436.25,50433.25,30,50445.3,30,0,228975
BANKNIFTY-II.NFO,07/08/2024,09:50:11,50436.25,50436.2,30,50445.95,15,0,228975
BANKNIFTY-II.NFO,07/08/2024,09:50:13,50436.25,50432,30,50443.1,45,0,228975
BANKNIFTY-II.NFO,07/08/2024,09:50:14,50436.25,50433.6,300,50441.9,30,0,228975
BANKNIFTY-II.NFO,07/08/2024,09:50:16,50436.25,50433.2,330,50441.5,90,0,228975
BANKNIFTY-II.NFO,07/08/2024,09:50:17,50436.25,50433.15,30,50444.65,15,0,228975
BANKNIFTY-II.NFO,07/08/2024,09:50:19,50445,50434.55,30,50445.35,75,120,228975
BANKNIFTY-II.NFO,07/08/2024,09:50:21,50445,50433.15,300,50443.3,90,0,228975
BANKNIFTY-II.NFO,07/08/2024,09:50:22,50445,50426.55,30,50437.9,45,0,228975
BANKNIFTY-II.NFO,07/08/2024,09:50:24,50445,50427.15,30,50435.95,15,0,228975
BANKNIFTY-II.NFO,07/08/2024,09:50:26,50445,50429.55,30,50436,45,0,228975
BANKNIFTY-II.NFO,07/08/2024,09:50:27,50429.75,50429.55,30,50436,45,15,228975
BANKNIFTY-II.NFO,07/08/2024,09:50:29,50429.75,50427.35,30,50436,45,0,228975
BANKNIFTY-II.NFO,07/08/2024,09:50:31,50429.75,50426.95,30,50436,45,0,228975
BANKNIFTY-II.NFO,07/08/2024,09:50:32,50429.75,50429.75,15,50436,45,0,228975
BANKNIFTY-II.NFO,07/08/2024,09:50:36,50429.75,50430,45,50434.9,15,0,228975
BANKNIFTY-II.NFO,07/08/2024,09:50:37,50429.75,50430,45,50436,45,0,228975
BANKNIFTY-II.NFO,07/08/2024,09:50:39,50436,50430,45,50434.2,60,30,228975
BANKNIFTY-II.NFO,07/08/2024,09:50:41,50436,50430,45,50436,30,0,228975
BANKNIFTY-II.NFO,07/08/2024,09:50:42,50436,50430,45,50433.5,60,0,228975
BANKNIFTY-II.NFO,07/08/2024,09:50:44,50430,50430,30,50435.95,15,15,228975
BANKNIFTY-II.NFO,07/08/2024,09:50:46,50433.25,50430,30,50432.95,30,15,228975
BANKNIFTY-II.NFO,07/08/2024,09:50:47,50433.25,50430,30,50436,45,0,228975
BANKNIFTY-II.NFO,07/08/2024,09:50:49,50433.25,50433.25,450,50436,30,0,228975
BANKNIFTY-II.NFO,07/08/2024,09:50:51,50433.25,50435,75,50436,30,0,228975
BANKNIFTY-II.NFO,07/08/2024,09:50:52,50433.25,50433.25,300,50433.55,15,225,228975
BANKNIFTY-II.NFO,07/08/2024,09:50:54,50433.25,50430,30,50432.65,30,300,228975
BANKNIFTY-II.NFO,07/08/2024,09:50:56,50433.25,50430,30,50434.65,30,0,228975
BANKNIFTY-II.NFO,07/08/2024,09:50:57,50433.25,50430,30,50433.65,45,0,228975
BANKNIFTY-II.NFO,07/08/2024,09:50:59,50433.25,50430,30,50432.95,45,0,228975
BANKNIFTY-II.NFO,07/08/2024,09:51:00,50429.75,50426,15,50430.7,45,45,228975
BANKNIFTY-II.NFO,07/08/2024,09:51:02,50423.9,50425,30,50433,15,30,228975
