Ticker,Date,Time,LTP,BuyPrice,BuyQty,SellPrice,SellQty,LTQ,OpenInterest
NIFTY-II.NFO,07/08/2024,09:15:00,24400,24404.8,50,24420.95,100,200,0
NIFTY-II.NFO,07/08/2024,09:15:00,24400,24404.8,50,24420.95,100,0,0
NIFTY-II.NFO,07/08/2024,09:15:00,24420.95,24404.8,50,24420.95,100,0,0
NIFTY-II.NFO,07/08/2024,09:15:00,24389.15,24404.8,50,24420.95,100,0,0
NIFTY-II.NFO,07/08/2024,09:15:01,24409.75,24408.55,50,24425.85,100,1250,1285500
NIFTY-II.NFO,07/08/2024,09:15:01,24427.7,24408.55,50,24425.85,100,0,1285500
NIFTY-II.NFO,07/08/2024,09:15:02,24407.1,24407.1,425,24421.95,100,525,1285500
NIFTY-II.NFO,07/08/2024,09:15:03,24422,24411.4,100,24427,25,1225,1285500
NIFTY-II.NFO,07/08/2024,09:15:05,24409.35,24407.95,75,24422.15,100,425,1285500
NIFTY-II.NFO,07/08/2024,09:15:06,24403.5,24406.65,50,24425.75,100,250,1285500
NIFTY-II.NFO,07/08/2024,09:15:07,24418.3,24409,100,24418.35,50,225,1285500
NIFTY-II.NFO,07/08/2024,09:15:09,24420,24411.35,100,24430,225,1300,1285500
NIFTY-II.NFO,07/08/2024,09:15:10,24422.7,24420.05,150,24434.15,100,875,1285500
NIFTY-II.NFO,07/08/2024,09:15:10,24430,24420.05,150,24434.15,100,0,1285500
NIFTY-II.NFO,07/08/2024,09:15:11,24430.85,24430.85,50,24438.6,25,1450,1285500
NIFTY-II.NFO,07/08/2024,09:15:11,24446.15,24430.85,50,24438.6,25,0,1285500
NIFTY-II.NFO,07/08/2024,09:15:13,24433.85,24433.65,250,24442.3,100,375,1285500
NIFTY-II.NFO,07/08/2024,09:15:14,24429.3,24429.3,50,24441.6,150,125,1285500
NIFTY-II.NFO,07/08/2024,09:15:15,24427.9,24430.9,50,24441.95,100,150,1285500
NIFTY-II.NFO,07/08/2024,09:15:17,24431.4,24433.9,100,24440,50,275,1285500
NIFTY-II.NFO,07/08/2024,09:15:18,24433.95,24433.95,150,24442.55,150,525,1285500
NIFTY-II.NFO,07/08/2024,09:15:19,24443.8,24435.35,100,24443.95,100,825,1285500
NIFTY-II.NFO,07/08/2024,09:15:21,24438.6,24439.75,100,24448.8,100,975,1285500
NIFTY-II.NFO,07/08/2024,09:15:21,24449.85,24439.75,100,24448.8,100,0,1285500
NIFTY-II.NFO,07/08/2024,09:15:22,24441.5,24441.45,25,24447.95,100,200,1285500
NIFTY-II.NFO,07/08/2024,09:15:24,24440,24442.5,25,24443.8,50,750,1285500
NIFTY-II.NFO,07/08/2024,09:15:25,24447.95,24442.4,50,24447.95,100,675,1285500
NIFTY-II.NFO,07/08/2024,09:15:26,24444.2,24442.65,25,24448,25,50,1285500
NIFTY-II.NFO,07/08/2024,09:15:28,24445.1,24445,25,24448,25,50,1285500
NIFTY-II.NFO,07/08/2024,09:15:29,24444.3,24443.7,200,24448,50,250,1285500
NIFTY-II.NFO,07/08/2024,09:15:30,24446.05,24446.15,25,24449.85,25,800,1285500
NIFTY-II.NFO,07/08/2024,09:15:32,24449.7,24449.7,25,24454.95,100,900,1285500
NIFTY-II.NFO,07/08/2024,09:15:32,24450.8,24449.7,25,24454.95,100,0,1285500
NIFTY-II.NFO,07/08/2024,09:15:33,24450,24447.75,250,24455,50,375,1285500
NIFTY-II.NFO,07/08/2024,09:15:33,24454.4,24447.75,250,24455,50,0,1285500
NIFTY-II.NFO,07/08/2024,09:15:34,24445.85,24445.25,250,24447.75,25,225,1285500
NIFTY-II.NFO,07/08/2024,09:15:36,24450.05,24450.05,250,24451,25,150,1285500
NIFTY-II.NFO,07/08/2024,09:15:37,24450.05,24450.05,250,24455,25,925,1285500
NIFTY-II.NFO,07/08/2024,09:15:37,24457.15,24450.05,250,24455,25,0,1285500
NIFTY-II.NFO,07/08/2024,09:15:38,24448.25,24448.25,250,24450.05,25,300,1285500
NIFTY-II.NFO,07/08/2024,09:15:40,24448.25,24448.25,250,24450.05,25,175,1285500
NIFTY-II.NFO,07/08/2024,09:15:41,24450.2,24449.35,325,24454.75,100,375,1285500
NIFTY-II.NFO,07/08/2024,09:15:42,24449.4,24450.95,75,24454.75,250,425,1285500
NIFTY-II.NFO,07/08/2024,09:15:44,24454,24452.5,250,24454,175,525,1285500
NIFTY-II.NFO,07/08/2024,09:15:45,24447.65,24447.25,25,24453.95,100,450,1285500
NIFTY-II.NFO,07/08/2024,09:15:46,24449.95,24445.55,25,24449.95,100,575,1285500
NIFTY-II.NFO,07/08/2024,09:15:48,24445,24445,775,24448.25,75,350,1285500
NIFTY-II.NFO,07/08/2024,09:15:49,24445,24443.3,25,24447.1,175,775,1285500
NIFTY-II.NFO,07/08/2024,09:15:50,24441.8,24443.55,100,24447.9,175,150,1285500
NIFTY-II.NFO,07/08/2024,09:15:52,24441.65,24443.85,100,24445.05,1575,25,1285500
NIFTY-II.NFO,07/08/2024,09:15:53,24440.6,24440.7,75,24444,75,175,1285500
NIFTY-II.NFO,07/08/2024,09:15:54,24440.6,24440.3,275,24441.6,25,0,1285500
NIFTY-II.NFO,07/08/2024,09:15:56,24440.6,24440.6,250,24443,25,475,1280050
NIFTY-II.NFO,07/08/2024,09:15:57,24440.7,24440.7,250,24443,25,200,1280050
NIFTY-II.NFO,07/08/2024,09:15:59,24440.7,24440.25,250,24440.65,25,325,1280050
NIFTY-II.NFO,07/08/2024,09:16:00,24440.2,24440.95,75,24444.95,50,375,1280050
NIFTY-II.NFO,07/08/2024,09:16:01,24442.15,24441.75,250,24445,125,1925,1280050
NIFTY-II.NFO,07/08/2024,09:16:03,24443.5,24445.05,75,24448,50,2050,1280050
NIFTY-II.NFO,07/08/2024,09:16:04,24448,24443.95,250,24448.55,25,200,1280050
NIFTY-II.NFO,07/08/2024,09:16:05,24443.6,24443.65,250,24448.55,25,375,1280050
NIFTY-II.NFO,07/08/2024,09:16:07,24445.45,24445.05,250,24448.45,125,225,1280050
NIFTY-II.NFO,07/08/2024,09:16:08,24445.5,24445.6,125,24447.9,50,25,1280050
NIFTY-II.NFO,07/08/2024,09:16:10,24444.25,24444.25,250,24447.9,50,150,1280050
NIFTY-II.NFO,07/08/2024,09:16:11,24444.25,24444.25,250,24445.5,25,0,1280050
NIFTY-II.NFO,07/08/2024,09:16:12,24445.05,24444.55,250,24447.85,100,175,1280050
NIFTY-II.NFO,07/08/2024,09:16:14,24445.95,24446.65,50,24447.9,50,375,1280050
NIFTY-II.NFO,07/08/2024,09:16:15,24445.6,24445.7,250,24447.9,50,375,1280050
NIFTY-II.NFO,07/08/2024,09:16:16,24447.4,24447.4,125,24448,100,75,1280050
NIFTY-II.NFO,07/08/2024,09:16:18,24447.4,24446.4,150,24448,100,0,1280050
NIFTY-II.NFO,07/08/2024,09:16:19,24445.95,24447.5,250,24447.9,25,50,1280050
NIFTY-II.NFO,07/08/2024,09:16:20,24447.1,24447.05,125,24448.7,25,275,1280050
NIFTY-II.NFO,07/08/2024,09:16:22,24447.2,24447.4,250,24448.7,25,425,1280050
NIFTY-II.NFO,07/08/2024,09:16:23,24446.7,24445.65,50,24447.4,25,1900,1280050
NIFTY-II.NFO,07/08/2024,09:16:24,24445.95,24445.25,250,24447.4,25,75,1280050
NIFTY-II.NFO,07/08/2024,09:16:26,24445.85,24445.45,250,24446.4,25,25,1280050
NIFTY-II.NFO,07/08/2024,09:16:27,24445.95,24445.4,125,24447.4,50,325,1280050
NIFTY-II.NFO,07/08/2024,09:16:29,24445.7,24445.7,225,24447.4,50,200,1280050
NIFTY-II.NFO,07/08/2024,09:16:30,24446.95,24446.15,250,24450,2475,825,1280050
NIFTY-II.NFO,07/08/2024,09:16:31,24446.3,24446.55,375,24450,2575,100,1280050
NIFTY-II.NFO,07/08/2024,09:16:33,24447.75,24446.9,125,24450,2575,225,1280050
NIFTY-II.NFO,07/08/2024,09:16:34,24446.7,24447.8,125,24448,25,150,1280050
NIFTY-II.NFO,07/08/2024,09:16:35,24447.8,24447.75,250,24450,2600,100,1280050
NIFTY-II.NFO,07/08/2024,09:16:37,24447.55,24447.55,250,24450,2600,150,1280050
NIFTY-II.NFO,07/08/2024,09:16:38,24449.55,24447.6,150,24450,2575,50,1280050
NIFTY-II.NFO,07/08/2024,09:16:39,24448.3,24448.3,300,24450,2575,200,1280050
NIFTY-II.NFO,07/08/2024,09:16:41,24448.95,24448.95,125,24450,2350,300,1280050
NIFTY-II.NFO,07/08/2024,09:16:42,24450,24450,250,24453,200,2475,1280050
NIFTY-II.NFO,07/08/2024,09:16:43,24453,24451.3,250,24453,125,100,1280050
NIFTY-II.NFO,07/08/2024,09:16:45,24451.7,24451.45,125,24453,125,25,1280050
NIFTY-II.NFO,07/08/2024,09:16:46,24453,24452.5,125,24453,25,150,1280050
NIFTY-II.NFO,07/08/2024,09:16:48,24452.5,24452.55,125,24454,50,325,1280050
NIFTY-II.NFO,07/08/2024,09:16:49,24454.2,24454.15,500,24454.75,50,75,1280050
NIFTY-II.NFO,07/08/2024,09:16:50,24454,24453.35,250,24454,25,300,1280050
NIFTY-II.NFO,07/08/2024,09:16:52,24453.35,24453.55,25,24455.95,25,50,1280050
NIFTY-II.NFO,07/08/2024,09:16:53,24460,24454.1,50,24459.95,100,650,1280050
NIFTY-II.NFO,07/08/2024,09:16:53,24460,24454.1,50,24459.95,100,0,1280050
NIFTY-II.NFO,07/08/2024,09:16:54,24460,24454.8,50,24459.95,100,0,1280050
NIFTY-II.NFO,07/08/2024,09:16:56,24454.5,24455.1,50,24459.95,100,100,1280050
NIFTY-II.NFO,07/08/2024,09:16:57,24459.95,24455.95,75,24459.95,75,225,1280050
NIFTY-II.NFO,07/08/2024,09:16:58,24455.95,24455.95,50,24459.45,75,25,1280050
NIFTY-II.NFO,07/08/2024,09:17:00,24455.95,24454.65,125,24459.45,150,50,1280050
NIFTY-II.NFO,07/08/2024,09:17:01,24455.1,24456.35,100,24459.5,25,125,1280050
NIFTY-II.NFO,07/08/2024,09:17:02,24458.4,24457.8,250,24459.5,25,50,1280050
NIFTY-II.NFO,07/08/2024,09:17:04,24458.4,24457.2,250,24459.5,25,0,1280050
NIFTY-II.NFO,07/08/2024,09:17:05,24458.3,24458.4,125,24459.5,25,50,1280050
NIFTY-II.NFO,07/08/2024,09:17:07,24457,24457.35,250,24459.5,25,125,1280050
NIFTY-II.NFO,07/08/2024,09:17:08,24459,24459.25,25,24460,125,125,1280050
NIFTY-II.NFO,07/08/2024,09:17:09,24460.25,24458.85,25,24464.7,100,250,1280050
NIFTY-II.NFO,07/08/2024,09:17:09,24464.95,24458.85,25,24464.7,100,0,1280050
NIFTY-II.NFO,07/08/2024,09:17:11,24460.2,24459.9,100,24464.95,100,25,1280050
NIFTY-II.NFO,07/08/2024,09:17:12,24459.5,24460.55,25,24464.95,100,500,1280050
NIFTY-II.NFO,07/08/2024,09:17:13,24460.35,24460.55,25,24464.95,100,200,1280050
NIFTY-II.NFO,07/08/2024,09:17:15,24460.35,24461.8,25,24464.95,100,75,1280050
NIFTY-II.NFO,07/08/2024,09:17:16,24465,24461.25,25,24465.9,100,350,1280050
NIFTY-II.NFO,07/08/2024,09:17:16,24465,24461.25,25,24465.9,100,0,1280050
NIFTY-II.NFO,07/08/2024,09:17:17,24464.5,24463.4,25,24466.95,100,275,1280050
NIFTY-II.NFO,07/08/2024,09:17:17,24467,24463.4,25,24466.95,100,0,1280050
NIFTY-II.NFO,07/08/2024,09:17:19,24470,24464.65,150,24469.5,100,450,1280050
NIFTY-II.NFO,07/08/2024,09:17:19,24470,24464.65,150,24469.5,100,0,1280050
NIFTY-II.NFO,07/08/2024,09:17:20,24466.1,24466,75,24470,325,200,1280050
NIFTY-II.NFO,07/08/2024,09:17:22,24470,24466.85,400,24470,275,50,1280050
NIFTY-II.NFO,07/08/2024,09:17:23,24469.35,24469.2,75,24470,50,375,1280050
NIFTY-II.NFO,07/08/2024,09:17:24,24470.4,24470.35,250,24472,25,350,1280050
NIFTY-II.NFO,07/08/2024,09:17:24,24471,24470.35,250,24472,25,0,1280050
NIFTY-II.NFO,07/08/2024,09:17:26,24472,24471.45,25,24474,50,150,1280050
NIFTY-II.NFO,07/08/2024,09:17:26,24472,24471.45,25,24474,50,0,1280050
NIFTY-II.NFO,07/08/2024,09:17:27,24471.9,24471.5,650,24474,25,200,1280050
NIFTY-II.NFO,07/08/2024,09:17:27,24474,24471.5,650,24474,25,0,1280050
NIFTY-II.NFO,07/08/2024,09:17:29,24480,24473.05,100,24479.1,100,1625,1280050
NIFTY-II.NFO,07/08/2024,09:17:29,24480,24473.05,100,24479.1,100,0,1280050
NIFTY-II.NFO,07/08/2024,09:17:30,24473.3,24473.5,100,24479.8,100,75,1280050
NIFTY-II.NFO,07/08/2024,09:17:31,24479.35,24472.75,425,24479.2,150,125,1280050
NIFTY-II.NFO,07/08/2024,09:17:33,24472.8,24473.2,75,24479.5,150,75,1280050
NIFTY-II.NFO,07/08/2024,09:17:34,24474.9,24474.25,375,24479.95,100,150,1280050
NIFTY-II.NFO,07/08/2024,09:17:36,24477.2,24471,275,24477.2,100,75,1280050
NIFTY-II.NFO,07/08/2024,09:17:37,24477.2,24469.3,25,24475.35,100,0,1280050
NIFTY-II.NFO,07/08/2024,09:17:38,24469.25,24469.05,250,24472.95,50,75,1280050
NIFTY-II.NFO,07/08/2024,09:17:40,24469.8,24469.65,25,24472.95,25,100,1280050
NIFTY-II.NFO,07/08/2024,09:17:41,24476.35,24470.8,175,24475.8,50,500,1280050
NIFTY-II.NFO,07/08/2024,09:17:43,24471.2,24475,25,24477.2,25,75,1280050
NIFTY-II.NFO,07/08/2024,09:17:44,24471.95,24472.2,100,24476.95,100,75,1280050
NIFTY-II.NFO,07/08/2024,09:17:46,24471.4,24471.35,500,24473.8,25,375,1280050
NIFTY-II.NFO,07/08/2024,09:17:47,24470.9,24471.7,75,24473.8,25,25,1280050
NIFTY-II.NFO,07/08/2024,09:17:48,24472.2,24471.75,50,24473.8,25,25,1280050
NIFTY-II.NFO,07/08/2024,09:17:50,24471.8,24471.8,175,24473.8,25,100,1280050
NIFTY-II.NFO,07/08/2024,09:17:51,24471.8,24473.2,75,24473.8,25,0,1280050
NIFTY-II.NFO,07/08/2024,09:17:53,24474.25,24474.25,200,24476.35,25,150,1280050
NIFTY-II.NFO,07/08/2024,09:17:54,24473.7,24473.35,50,24476.35,25,75,1280050
NIFTY-II.NFO,07/08/2024,09:17:55,24477.2,24473.25,500,24478.65,150,200,1280050
NIFTY-II.NFO,07/08/2024,09:17:57,24473.5,24474.4,25,24478.65,100,50,1280050
NIFTY-II.NFO,07/08/2024,09:17:58,24482.4,24475.35,200,24477.2,25,1525,1280050
NIFTY-II.NFO,07/08/2024,09:17:58,24482.4,24475.35,200,24477.2,25,0,1280050
NIFTY-II.NFO,07/08/2024,09:18:00,24475.4,24475.55,75,24477.2,25,25,1280050
NIFTY-II.NFO,07/08/2024,09:18:01,24475.95,24478.35,50,24482.9,100,50,1280050
NIFTY-II.NFO,07/08/2024,09:18:02,24480,24478.3,75,24480,1100,200,1280050
NIFTY-II.NFO,07/08/2024,09:18:04,24480,24479.75,25,24480,275,850,1280050
NIFTY-II.NFO,07/08/2024,09:18:05,24480.6,24480.1,75,24482,25,500,1280050
NIFTY-II.NFO,07/08/2024,09:18:07,24480.95,24480.95,200,24482.4,150,250,1280050
NIFTY-II.NFO,07/08/2024,09:18:08,24481.25,24481.25,75,24482.4,250,100,1280050
NIFTY-II.NFO,07/08/2024,09:18:09,24482.4,24479.65,200,24480,25,250,1280050
NIFTY-II.NFO,07/08/2024,09:18:11,24481.15,24481.15,450,24484.95,50,625,1280050
NIFTY-II.NFO,07/08/2024,09:18:11,24485,24481.15,450,24484.95,50,0,1280050
NIFTY-II.NFO,07/08/2024,09:18:12,24481.4,24481.4,175,24485,175,275,1280050
NIFTY-II.NFO,07/08/2024,09:18:14,24481.05,24481.05,225,24482.4,250,325,1280050
NIFTY-II.NFO,07/08/2024,09:18:15,24481.1,24481.3,150,24482.4,225,100,1280050
NIFTY-II.NFO,07/08/2024,09:18:16,24482.4,24481.5,225,24482.4,125,175,1280050
NIFTY-II.NFO,07/08/2024,09:18:18,24481.2,24480.75,500,24482,50,50,1280050
NIFTY-II.NFO,07/08/2024,09:18:19,24480.75,24480.3,25,24481.2,25,175,1280050
NIFTY-II.NFO,07/08/2024,09:18:21,24481.05,24479.85,500,24480,25,75,1280050
NIFTY-II.NFO,07/08/2024,09:18:23,24480,24475.95,25,24479.1,50,25,1280050
NIFTY-II.NFO,07/08/2024,09:18:24,24474.85,24473.9,25,24477.05,125,225,1280050
NIFTY-II.NFO,07/08/2024,09:18:26,24473.9,24474.75,500,24474.85,25,125,1280050
NIFTY-II.NFO,07/08/2024,09:18:28,24479.5,24478.2,475,24479.85,50,50,1280050
NIFTY-II.NFO,07/08/2024,09:18:29,24475.9,24475.9,425,24479.75,50,125,1280050
NIFTY-II.NFO,07/08/2024,09:18:31,24476.1,24477.15,375,24478.15,50,50,1280050
NIFTY-II.NFO,07/08/2024,09:18:33,24478.2,24478.1,500,24479.6,25,225,1280050
NIFTY-II.NFO,07/08/2024,09:18:34,24478.05,24476.45,500,24478.25,25,225,1280050
NIFTY-II.NFO,07/08/2024,09:18:36,24475.35,24475.45,25,24478.25,100,50,1280050
NIFTY-II.NFO,07/08/2024,09:18:38,24479.2,24475.7,475,24479.5,100,200,1280050
NIFTY-II.NFO,07/08/2024,09:18:39,24473.9,24473.9,50,24478.7,75,375,1280050
NIFTY-II.NFO,07/08/2024,09:18:41,24473.9,24474.05,175,24475.75,75,200,1280050
NIFTY-II.NFO,07/08/2024,09:18:43,24473.35,24473.55,150,24475.35,25,75,1280050
NIFTY-II.NFO,07/08/2024,09:18:44,24473.7,24473.7,100,24475.25,25,50,1280050
NIFTY-II.NFO,07/08/2024,09:18:46,24472.35,24471.9,75,24473.8,100,125,1280050
NIFTY-II.NFO,07/08/2024,09:18:48,24471.2,24470,225,24472.4,50,25,1280050
NIFTY-II.NFO,07/08/2024,09:18:49,24468.7,24468.25,175,24472.45,50,250,1280050
NIFTY-II.NFO,07/08/2024,09:18:51,24467,24467,675,24469.45,75,450,1280050
NIFTY-II.NFO,07/08/2024,09:18:53,24467.1,24465,125,24467.1,50,800,1280050
NIFTY-II.NFO,07/08/2024,09:18:54,24465,24463.25,50,24467.95,150,25,1280050
NIFTY-II.NFO,07/08/2024,09:18:56,24462.75,24464.55,175,24467.8,25,125,1273425
NIFTY-II.NFO,07/08/2024,09:18:58,24467.05,24467.05,225,24467.8,50,200,1273425
NIFTY-II.NFO,07/08/2024,09:18:59,24468.7,24468.75,100,24471.9,75,775,1273425
NIFTY-II.NFO,07/08/2024,09:19:01,24471.4,24471.25,25,24471.85,75,1200,1273425
NIFTY-II.NFO,07/08/2024,09:19:03,24471.35,24472.45,125,24473.25,25,2050,1273425
NIFTY-II.NFO,07/08/2024,09:19:04,24473.45,24473.25,25,24473.9,25,225,1273425
NIFTY-II.NFO,07/08/2024,09:19:06,24470.3,24469.95,250,24473.9,25,200,1273425
NIFTY-II.NFO,07/08/2024,09:19:08,24471.35,24471.55,200,24473.4,25,50,1273425
NIFTY-II.NFO,07/08/2024,09:19:09,24471.3,24471.3,75,24473.35,25,125,1273425
NIFTY-II.NFO,07/08/2024,09:19:11,24469.95,24469.8,125,24471,25,150,1273425
NIFTY-II.NFO,07/08/2024,09:19:13,24470,24469.9,25,24470,275,825,1273425
NIFTY-II.NFO,07/08/2024,09:19:14,24471,24471,100,24473.3,50,525,1273425
NIFTY-II.NFO,07/08/2024,09:19:16,24473,24470.75,250,24473.3,50,25,1273425
NIFTY-II.NFO,07/08/2024,09:19:18,24470,24469.45,75,24470,800,450,1273425
NIFTY-II.NFO,07/08/2024,09:19:19,24469.9,24469.55,250,24469.95,25,475,1273425
NIFTY-II.NFO,07/08/2024,09:19:21,24471.3,24471.05,125,24471.25,25,725,1273425
NIFTY-II.NFO,07/08/2024,09:19:22,24470,24469,250,24470.7,25,375,1273425
NIFTY-II.NFO,07/08/2024,09:19:24,24470,24469.35,250,24470,1025,0,1273425
NIFTY-II.NFO,07/08/2024,09:19:26,24467.8,24467.75,250,24470,975,75,1273425
NIFTY-II.NFO,07/08/2024,09:19:27,24467.8,24469.55,500,24470,1000,0,1273425
NIFTY-II.NFO,07/08/2024,09:19:29,24469.6,24469.5,250,24469.95,25,150,1273425
NIFTY-II.NFO,07/08/2024,09:19:31,24468.65,24468.45,250,24469.9,25,100,1273425
NIFTY-II.NFO,07/08/2024,09:19:32,24467.65,24467.65,300,24469.85,200,75,1273425
NIFTY-II.NFO,07/08/2024,09:19:34,24467.4,24467.6,250,24469.8,50,150,1273425
NIFTY-II.NFO,07/08/2024,09:19:36,24467.7,24468.15,75,24469.75,25,975,1273425
NIFTY-II.NFO,07/08/2024,09:19:37,24467.85,24466.2,250,24469.5,100,25,1273425
NIFTY-II.NFO,07/08/2024,09:19:39,24467.85,24465.85,250,24468.95,100,0,1273425
NIFTY-II.NFO,07/08/2024,09:19:41,24465.4,24465.3,250,24466.95,125,75,1273425
NIFTY-II.NFO,07/08/2024,09:19:42,24465,24465,50,24466.6,75,500,1273425
NIFTY-II.NFO,07/08/2024,09:19:44,24465,24465,25,24466.9,125,25,1273425
NIFTY-II.NFO,07/08/2024,09:19:46,24463.95,24463.35,250,24466.9,200,75,1273425
NIFTY-II.NFO,07/08/2024,09:19:48,24462.8,24462.25,300,24466.85,100,25,1273425
NIFTY-II.NFO,07/08/2024,09:19:49,24463.5,24460.5,125,24463.9,100,175,1273425
NIFTY-II.NFO,07/08/2024,09:19:51,24459.35,24459.15,50,24464.7,75,275,1273425
NIFTY-II.NFO,07/08/2024,09:19:53,24465.35,24460.3,50,24465.5,75,275,1273425
NIFTY-II.NFO,07/08/2024,09:19:54,24460.5,24459.7,200,24460.5,150,175,1273425
NIFTY-II.NFO,07/08/2024,09:19:56,24459.15,24459.8,75,24465,100,475,1273425
NIFTY-II.NFO,07/08/2024,09:19:58,24461.45,24461.25,50,24465,150,50,1273425
NIFTY-II.NFO,07/08/2024,09:19:59,24461.5,24460.45,50,24465,325,150,1273425
NIFTY-II.NFO,07/08/2024,09:20:01,24466.9,24459.9,50,24466.9,50,625,1273425
NIFTY-II.NFO,07/08/2024,09:20:03,24461.75,24461.65,125,24465,50,325,1273425
NIFTY-II.NFO,07/08/2024,09:20:04,24464.8,24458.5,250,24464.1,75,50,1273425
NIFTY-II.NFO,07/08/2024,09:20:06,24464.8,24457.5,150,24463.95,75,0,1273425
NIFTY-II.NFO,07/08/2024,09:20:08,24463.95,24456.7,150,24463.9,50,100,1273425
NIFTY-II.NFO,07/08/2024,09:20:09,24461.65,24461.6,150,24465,75,2175,1273425
NIFTY-II.NFO,07/08/2024,09:20:11,24461.65,24462.45,150,24465,75,0,1273425
NIFTY-II.NFO,07/08/2024,09:20:13,24462.4,24463.3,100,24465,100,25,1273425
NIFTY-II.NFO,07/08/2024,09:20:14,24464.8,24464.55,150,24467,25,550,1273425
NIFTY-II.NFO,07/08/2024,09:20:16,24464.25,24463.45,300,24466.95,25,25,1273425
NIFTY-II.NFO,07/08/2024,09:20:18,24464.25,24458.55,400,24462.4,200,0,1273425
NIFTY-II.NFO,07/08/2024,09:20:19,24460,24456.95,175,24460,150,100,1273425
NIFTY-II.NFO,07/08/2024,09:20:21,24457.35,24457.35,100,24460,75,75,1273425
NIFTY-II.NFO,07/08/2024,09:20:23,24457.2,24456.95,100,24460,150,50,1273425
NIFTY-II.NFO,07/08/2024,09:20:24,24457.4,24457.95,175,24460,150,25,1273425
NIFTY-II.NFO,07/08/2024,09:20:26,24457.4,24457.2,100,24460,150,0,1273425
NIFTY-II.NFO,07/08/2024,09:20:28,24456.35,24456.35,400,24460,150,50,1273425
NIFTY-II.NFO,07/08/2024,09:20:29,24456.8,24456.9,250,24460,150,175,1273425
NIFTY-II.NFO,07/08/2024,09:20:31,24460,24457.05,75,24460,125,25,1273425
NIFTY-II.NFO,07/08/2024,09:20:33,24455.1,24455.5,50,24459.95,175,200,1273425
NIFTY-II.NFO,07/08/2024,09:20:34,24454.85,24456.05,25,24459.95,100,200,1273425
NIFTY-II.NFO,07/08/2024,09:20:36,24456.05,24454.2,250,24458.95,100,25,1273425
NIFTY-II.NFO,07/08/2024,09:20:38,24458.95,24454.6,25,24458.95,75,25,1273425
NIFTY-II.NFO,07/08/2024,09:20:39,24459.45,24454.75,75,24459.95,175,275,1273425
NIFTY-II.NFO,07/08/2024,09:20:41,24459.45,24455,300,24456.05,25,0,1273425
NIFTY-II.NFO,07/08/2024,09:20:43,24455,24455.4,250,24456.05,25,50,1273425
NIFTY-II.NFO,07/08/2024,09:20:44,24452.65,24451.2,25,24454.5,400,150,1273425
NIFTY-II.NFO,07/08/2024,09:20:46,24452.65,24451.2,25,24455,50,0,1273425
NIFTY-II.NFO,07/08/2024,09:20:48,24450.75,24449.85,50,24455.7,100,325,1273425
NIFTY-II.NFO,07/08/2024,09:20:49,24450.05,24449.75,25,24450.75,25,100,1273425
NIFTY-II.NFO,07/08/2024,09:20:51,24450.05,24449.35,250,24454.95,100,125,1273425
NIFTY-II.NFO,07/08/2024,09:20:53,24450.05,24449.2,100,24450,25,0,1273425
NIFTY-II.NFO,07/08/2024,09:20:54,24450.05,24450.4,100,24450.75,25,200,1273425
NIFTY-II.NFO,07/08/2024,09:20:56,24450.4,24451,25,24452.65,175,50,1273425
NIFTY-II.NFO,07/08/2024,09:20:58,24450.4,24451,25,24454.85,100,0,1273425
NIFTY-II.NFO,07/08/2024,09:20:59,24450,24449.8,75,24451,25,100,1273425
NIFTY-II.NFO,07/08/2024,09:21:01,24450,24445.05,75,24449.95,175,0,1273425
NIFTY-II.NFO,07/08/2024,09:21:03,24450,24447.6,75,24451,25,0,1273425
NIFTY-II.NFO,07/08/2024,09:21:04,24450,24446.5,75,24449.95,175,25,1273425
NIFTY-II.NFO,07/08/2024,09:21:06,24445.85,24445.8,25,24449.95,175,125,1273425
NIFTY-II.NFO,07/08/2024,09:21:08,24449.95,24445.55,300,24449.75,175,50,1273425
NIFTY-II.NFO,07/08/2024,09:21:09,24449.8,24446,200,24449.8,125,175,1273425
NIFTY-II.NFO,07/08/2024,09:21:11,24446,24446,150,24449.5,75,50,1273425
NIFTY-II.NFO,07/08/2024,09:21:13,24446,24446,100,24448.5,450,50,1273425
NIFTY-II.NFO,07/08/2024,09:21:14,24446,24445,50,24448.5,450,100,1273425
NIFTY-II.NFO,07/08/2024,09:21:16,24442.85,24446,25,24448.75,75,125,1273425
NIFTY-II.NFO,07/08/2024,09:21:18,24443.15,24442.4,175,24448.25,75,50,1273425
NIFTY-II.NFO,07/08/2024,09:21:19,24443.15,24444.65,75,24449.75,300,0,1273425
NIFTY-II.NFO,07/08/2024,09:21:21,24444.9,24445.55,100,24449.8,125,25,1273425
NIFTY-II.NFO,07/08/2024,09:21:23,24445.65,24445.65,50,24449.8,125,75,1273425
NIFTY-II.NFO,07/08/2024,09:21:24,24445.65,24446,175,24449.8,125,75,1273425
NIFTY-II.NFO,07/08/2024,09:21:26,24445.65,24446,100,24449.8,125,0,1273425
NIFTY-II.NFO,07/08/2024,09:21:28,24446,24441.35,175,24447.5,575,100,1273425
NIFTY-II.NFO,07/08/2024,09:21:29,24443,24442.7,300,24444,25,25,1273425
NIFTY-II.NFO,07/08/2024,09:21:31,24444,24439.25,25,24444.45,50,625,1273425
NIFTY-II.NFO,07/08/2024,09:21:33,24443,24439.25,25,24443.95,50,25,1273425
NIFTY-II.NFO,07/08/2024,09:21:34,24439.25,24433.8,100,24439.25,600,275,1273425
NIFTY-II.NFO,07/08/2024,09:21:36,24432.6,24432.3,175,24437.95,25,25,1273425
NIFTY-II.NFO,07/08/2024,09:21:38,24437.85,24433.95,225,24439,125,50,1273425
NIFTY-II.NFO,07/08/2024,09:21:39,24437.85,24431.45,150,24438.2,50,0,1273425
NIFTY-II.NFO,07/08/2024,09:21:41,24439,24432.6,175,24438.95,125,50,1273425
NIFTY-II.NFO,07/08/2024,09:21:43,24432.6,24433.8,225,24439,75,25,1273425
NIFTY-II.NFO,07/08/2024,09:21:44,24435.15,24435.15,175,24439,75,25,1273425
NIFTY-II.NFO,07/08/2024,09:21:46,24439,24434.55,175,24439,50,50,1273425
NIFTY-II.NFO,07/08/2024,09:21:48,24439.95,24435.9,150,24440,75,150,1273425
NIFTY-II.NFO,07/08/2024,09:21:49,24434.65,24434.2,100,24438.95,50,50,1273425
NIFTY-II.NFO,07/08/2024,09:21:51,24431.05,24430,100,24431.6,125,225,1273425
NIFTY-II.NFO,07/08/2024,09:21:53,24427.7,24428.55,75,24433.1,100,175,1273425
NIFTY-II.NFO,07/08/2024,09:21:54,24431.1,24431.75,100,24435,175,75,1273425
NIFTY-II.NFO,07/08/2024,09:21:56,24435,24431.7,50,24435,125,350,1273425
NIFTY-II.NFO,07/08/2024,09:21:58,24430.5,24430.5,50,24435,100,175,1262125
NIFTY-II.NFO,07/08/2024,09:21:59,24431.85,24433.35,25,24434.65,25,25,1262125
NIFTY-II.NFO,07/08/2024,09:22:01,24432.45,24432.6,125,24438.45,100,475,1262125
NIFTY-II.NFO,07/08/2024,09:22:03,24438.6,24434.95,50,24438.6,50,200,1262125
NIFTY-II.NFO,07/08/2024,09:22:04,24438.55,24432.45,25,24437.2,100,50,1262125
NIFTY-II.NFO,07/08/2024,09:22:06,24431.7,24430.95,100,24436.45,75,200,1262125
NIFTY-II.NFO,07/08/2024,09:22:08,24431.2,24432.7,75,24438.2,100,50,1262125
NIFTY-II.NFO,07/08/2024,09:22:09,24431.2,24429.95,75,24432,25,0,1262125
NIFTY-II.NFO,07/08/2024,09:22:11,24429.45,24430.7,25,24432.45,25,1025,1262125
NIFTY-II.NFO,07/08/2024,09:22:13,24429.45,24431.95,25,24432.45,125,0,1262125
NIFTY-II.NFO,07/08/2024,09:22:14,24432.45,24430.95,25,24435.95,175,225,1262125
NIFTY-II.NFO,07/08/2024,09:22:16,24431.3,24431.45,25,24435.45,100,75,1262125
NIFTY-II.NFO,07/08/2024,09:22:18,24430.95,24431,25,24435.7,175,25,1262125
NIFTY-II.NFO,07/08/2024,09:22:19,24430.7,24429.9,300,24431.45,25,50,1262125
NIFTY-II.NFO,07/08/2024,09:22:21,24431.95,24430.7,375,24435,50,125,1262125
NIFTY-II.NFO,07/08/2024,09:22:23,24431.95,24432.7,300,24435,50,0,1262125
NIFTY-II.NFO,07/08/2024,09:22:24,24437.7,24432.7,275,24437.5,175,275,1262125
NIFTY-II.NFO,07/08/2024,09:22:26,24437.7,24431.5,25,24436.05,150,0,1262125
NIFTY-II.NFO,07/08/2024,09:22:28,24432.25,24432.2,25,24437.3,175,50,1262125
NIFTY-II.NFO,07/08/2024,09:22:29,24432.5,24433.5,175,24438.55,100,25,1262125
NIFTY-II.NFO,07/08/2024,09:22:31,24431.5,24431.5,25,24436.25,100,25,1262125
NIFTY-II.NFO,07/08/2024,09:22:33,24431.5,24431.05,25,24436.4,225,0,1262125
NIFTY-II.NFO,07/08/2024,09:22:34,24435,24432.15,100,24436.95,100,100,1262125
NIFTY-II.NFO,07/08/2024,09:22:36,24436.95,24433.1,100,24436.95,75,25,1262125
NIFTY-II.NFO,07/08/2024,09:22:38,24433.1,24432.95,25,24436.95,75,75,1262125
NIFTY-II.NFO,07/08/2024,09:22:39,24434.05,24434.55,100,24437,25,125,1262125
NIFTY-II.NFO,07/08/2024,09:22:41,24436.95,24436.95,25,24437,25,25,1262125
NIFTY-II.NFO,07/08/2024,09:22:43,24433.25,24433.5,25,24436.95,50,50,1262125
NIFTY-II.NFO,07/08/2024,09:22:44,24434.1,24434.7,25,24437,25,50,1262125
NIFTY-II.NFO,07/08/2024,09:22:46,24432.6,24431,150,24434.75,125,75,1262125
NIFTY-II.NFO,07/08/2024,09:22:48,24429.45,24425.1,100,24430,25,75,1262125
NIFTY-II.NFO,07/08/2024,09:22:49,24426.15,24427.65,175,24433.5,175,375,1262125
NIFTY-II.NFO,07/08/2024,09:22:51,24426.15,24430,25,24433.45,175,0,1262125
NIFTY-II.NFO,07/08/2024,09:22:53,24428.45,24428.4,25,24432,750,75,1262125
NIFTY-II.NFO,07/08/2024,09:22:54,24430,24428.2,25,24431.8,175,25,1262125
NIFTY-II.NFO,07/08/2024,09:22:56,24430,24430,25,24431.95,175,0,1262125
NIFTY-II.NFO,07/08/2024,09:22:58,24428.2,24425,25,24429.2,175,75,1262125
NIFTY-II.NFO,07/08/2024,09:22:59,24425,24424.55,300,24425,150,75,1262125
NIFTY-II.NFO,07/08/2024,09:23:01,24420,24420,175,24422.7,100,75,1262125
NIFTY-II.NFO,07/08/2024,09:23:03,24421.95,24423.15,75,24425,250,2525,1262125
NIFTY-II.NFO,07/08/2024,09:23:04,24424.55,24424.95,100,24428,125,325,1262125
NIFTY-II.NFO,07/08/2024,09:23:06,24424.8,24425.5,25,24428,125,100,1262125
NIFTY-II.NFO,07/08/2024,09:23:08,24424.8,24423.9,25,24427.4,175,0,1262125
NIFTY-II.NFO,07/08/2024,09:23:09,24424.8,24422.55,25,24426.15,175,0,1262125
NIFTY-II.NFO,07/08/2024,09:23:11,24422.6,24422.35,25,24428,150,25,1262125
NIFTY-II.NFO,07/08/2024,09:23:13,24424.8,24425,25,24428,25,175,1262125
NIFTY-II.NFO,07/08/2024,09:23:14,24425,24424.75,125,24428,25,25,1262125
NIFTY-II.NFO,07/08/2024,09:23:16,24427.6,24423.75,25,24427.95,100,25,1262125
NIFTY-II.NFO,07/08/2024,09:23:18,24424.8,24422.6,100,24426.75,150,50,1262125
NIFTY-II.NFO,07/08/2024,09:23:19,24424.8,24424.55,50,24428,25,0,1262125
NIFTY-II.NFO,07/08/2024,09:23:21,24424.8,24423.9,125,24428,25,225,1262125
NIFTY-II.NFO,07/08/2024,09:23:23,24424.55,24424.55,25,24428.4,100,100,1262125
NIFTY-II.NFO,07/08/2024,09:23:24,24424.55,24422.8,375,24427.6,25,0,1262125
NIFTY-II.NFO,07/08/2024,09:23:26,24422.6,24422.6,50,24427.55,100,125,1262125
NIFTY-II.NFO,07/08/2024,09:23:28,24422.65,24422.6,50,24422.65,50,75,1262125
NIFTY-II.NFO,07/08/2024,09:23:29,24424.8,24422.3,25,24424.8,350,75,1262125
NIFTY-II.NFO,07/08/2024,09:23:31,24421.2,24420.85,300,24424.8,350,125,1262125
NIFTY-II.NFO,07/08/2024,09:23:33,24421.2,24421.45,100,24424.5,100,0,1262125
NIFTY-II.NFO,07/08/2024,09:23:34,24424.5,24422,125,24424.8,350,700,1262125
NIFTY-II.NFO,07/08/2024,09:23:36,24423.35,24422.5,25,24424.8,350,50,1262125
NIFTY-II.NFO,07/08/2024,09:23:38,24423.15,24423.95,25,24424.8,250,200,1262125
NIFTY-II.NFO,07/08/2024,09:23:39,24426.7,24425.15,150,24426.7,25,350,1262125
NIFTY-II.NFO,07/08/2024,09:23:41,24427.7,24427.3,25,24428.45,25,150,1262125
NIFTY-II.NFO,07/08/2024,09:23:43,24428.45,24428.8,25,24430,475,50,1262125
NIFTY-II.NFO,07/08/2024,09:23:44,24427.8,24428.6,25,24430,475,125,1262125
NIFTY-II.NFO,07/08/2024,09:23:46,24430,24428.65,25,24430,400,125,1262125
NIFTY-II.NFO,07/08/2024,09:23:48,24435.95,24432.1,100,24436,75,625,1262125
NIFTY-II.NFO,07/08/2024,09:23:49,24435.05,24435.05,25,24438.6,50,100,1262125
NIFTY-II.NFO,07/08/2024,09:23:51,24435.55,24434.55,175,24438.55,100,75,1262125
NIFTY-II.NFO,07/08/2024,09:23:53,24438.95,24435.7,175,24439,25,125,1262125
NIFTY-II.NFO,07/08/2024,09:23:54,24436.55,24437.1,550,24439,25,25,1262125
NIFTY-II.NFO,07/08/2024,09:23:56,24437.1,24437.65,150,24440,575,200,1262125
NIFTY-II.NFO,07/08/2024,09:23:58,24437.3,24437,25,24440,575,75,1262125
NIFTY-II.NFO,07/08/2024,09:23:59,24440,24437.75,250,24440,550,50,1262125
NIFTY-II.NFO,07/08/2024,09:24:01,24441,24438.65,300,24443.35,100,675,1262125
NIFTY-II.NFO,07/08/2024,09:24:03,24441,24435.1,150,24438.8,100,0,1262125
NIFTY-II.NFO,07/08/2024,09:24:04,24442.1,24438.05,25,24442.55,100,150,1262125
NIFTY-II.NFO,07/08/2024,09:24:06,24434.65,24435.75,250,24440.8,100,50,1262125
NIFTY-II.NFO,07/08/2024,09:24:08,24433.75,24433.7,25,24438.35,50,75,1262125
NIFTY-II.NFO,07/08/2024,09:24:09,24433.5,24432.3,125,24433.5,25,50,1262125
NIFTY-II.NFO,07/08/2024,09:24:11,24430,24431,25,24434.85,100,100,1262125
NIFTY-II.NFO,07/08/2024,09:24:13,24431.25,24432.05,25,24437.3,100,125,1262125
NIFTY-II.NFO,07/08/2024,09:24:14,24431.25,24434.35,325,24438.05,25,0,1262125
NIFTY-II.NFO,07/08/2024,09:24:16,24436.35,24436.1,125,24438.05,25,50,1262125
NIFTY-II.NFO,07/08/2024,09:24:18,24435.7,24435.7,50,24438.05,25,75,1262125
NIFTY-II.NFO,07/08/2024,09:24:19,24435.7,24435.1,50,24438.05,25,0,1262125
NIFTY-II.NFO,07/08/2024,09:24:21,24439.9,24438.2,50,24440,25,50,1262125
NIFTY-II.NFO,07/08/2024,09:24:23,24442.1,24440.1,50,24444,50,50,1262125
NIFTY-II.NFO,07/08/2024,09:24:24,24442.1,24441.05,25,24444,50,0,1262125
NIFTY-II.NFO,07/08/2024,09:24:26,24439.8,24440.35,250,24444,50,75,1262125
NIFTY-II.NFO,07/08/2024,09:24:28,24439.2,24439.25,25,24443,25,25,1262125
NIFTY-II.NFO,07/08/2024,09:24:29,24440.35,24440.75,125,24443,25,25,1262125
NIFTY-II.NFO,07/08/2024,09:24:31,24440.35,24442.1,125,24443,25,0,1262125
NIFTY-II.NFO,07/08/2024,09:24:33,24443.65,24443.1,250,24446,25,200,1262125
NIFTY-II.NFO,07/08/2024,09:24:34,24444.3,24444.3,200,24446,25,175,1262125
NIFTY-II.NFO,07/08/2024,09:24:36,24446,24443.45,250,24448,400,100,1262125
NIFTY-II.NFO,07/08/2024,09:24:38,24440.5,24440.45,175,24445.4,75,175,1262125
NIFTY-II.NFO,07/08/2024,09:24:39,24446.5,24441.9,200,24447,250,250,1262125
NIFTY-II.NFO,07/08/2024,09:24:41,24446.5,24442.45,200,24447.95,175,0,1262125
NIFTY-II.NFO,07/08/2024,09:24:43,24448.2,24442.45,200,24448.9,125,275,1262125
NIFTY-II.NFO,07/08/2024,09:24:44,24448.2,24443.1,200,24449.7,50,0,1262125
NIFTY-II.NFO,07/08/2024,09:24:46,24448.2,24442.7,200,24449.7,50,0,1262125
NIFTY-II.NFO,07/08/2024,09:24:48,24448.2,24446,200,24448,25,0,1262125
NIFTY-II.NFO,07/08/2024,09:24:49,24447.25,24446.25,200,24448,225,75,1262125
NIFTY-II.NFO,07/08/2024,09:24:51,24446,24444.75,200,24449.85,50,325,1262125
NIFTY-II.NFO,07/08/2024,09:24:53,24444.75,24443.85,200,24449.15,50,25,1262125
NIFTY-II.NFO,07/08/2024,09:24:54,24443.25,24443.25,175,24449.25,125,25,1262125
NIFTY-II.NFO,07/08/2024,09:24:56,24443.25,24441.6,175,24443.4,50,0,1262125
NIFTY-II.NFO,07/08/2024,09:24:58,24441.6,24443.55,125,24447,25,50,1257575
NIFTY-II.NFO,07/08/2024,09:24:59,24443.55,24443.9,75,24444.75,500,50,1257575
NIFTY-II.NFO,07/08/2024,09:25:01,24447,24445.25,75,24449.9,25,525,1257575
NIFTY-II.NFO,07/08/2024,09:25:03,24450,24446.5,75,24450,275,150,1257575
NIFTY-II.NFO,07/08/2024,09:25:04,24446.4,24445.25,50,24448.85,25,25,1257575
NIFTY-II.NFO,07/08/2024,09:25:06,24446.4,24446.8,50,24448.85,25,0,1257575
NIFTY-II.NFO,07/08/2024,09:25:08,24447,24444.7,50,24448.8,50,25,1257575
NIFTY-II.NFO,07/08/2024,09:25:09,24446.35,24445.2,25,24446.4,25,100,1257575
NIFTY-II.NFO,07/08/2024,09:25:11,24444.15,24445.45,25,24446.4,200,25,1257575
NIFTY-II.NFO,07/08/2024,09:25:13,24446.4,24446.35,225,24448.55,25,250,1257575
NIFTY-II.NFO,07/08/2024,09:25:14,24446.85,24446.85,250,24448,25,25,1257575
NIFTY-II.NFO,07/08/2024,09:25:16,24448.85,24448.05,250,24450,350,125,1257575
NIFTY-II.NFO,07/08/2024,09:25:18,24447.05,24446.95,250,24450,350,150,1257575
NIFTY-II.NFO,07/08/2024,09:25:20,24447.7,24448.5,250,24450,400,250,1257575
NIFTY-II.NFO,07/08/2024,09:25:21,24448.7,24447.45,375,24450,450,225,1257575
NIFTY-II.NFO,07/08/2024,09:25:23,24448.35,24446.65,125,24448.35,50,75,1257575
NIFTY-II.NFO,07/08/2024,09:25:25,24448.35,24447.7,125,24448.35,25,25,1257575
NIFTY-II.NFO,07/08/2024,09:25:26,24448.35,24444.5,125,24447.1,25,0,1257575
NIFTY-II.NFO,07/08/2024,09:25:28,24448.35,24447,500,24447.1,25,0,1257575
NIFTY-II.NFO,07/08/2024,09:25:30,24447,24447,50,24447.1,25,450,1257575
NIFTY-II.NFO,07/08/2024,09:25:31,24443.2,24443.15,125,24446.95,125,100,1257575
NIFTY-II.NFO,07/08/2024,09:25:33,24443.2,24443.1,25,24445.8,275,0,1257575
NIFTY-II.NFO,07/08/2024,09:25:35,24439.8,24439.25,125,24442.9,50,425,1257575
NIFTY-II.NFO,07/08/2024,09:25:36,24439.8,24436.9,200,24441.3,50,0,1257575
NIFTY-II.NFO,07/08/2024,09:25:38,24441.3,24437.8,250,24441.9,325,25,1257575
NIFTY-II.NFO,07/08/2024,09:25:40,24440.9,24438.35,250,24443.85,275,50,1257575
NIFTY-II.NFO,07/08/2024,09:25:41,24440.9,24437.1,700,24441.8,50,0,1257575
NIFTY-II.NFO,07/08/2024,09:25:43,24440.9,24437.2,275,24439.25,25,0,1257575
NIFTY-II.NFO,07/08/2024,09:25:44,24437.2,24437.45,125,24439.25,25,75,1257575
NIFTY-II.NFO,07/08/2024,09:25:46,24437.2,24432.45,325,24436.7,125,0,1257575
NIFTY-II.NFO,07/08/2024,09:25:48,24437.2,24430,50,24432.9,200,0,1257575
NIFTY-II.NFO,07/08/2024,09:25:49,24430,24430,25,24432.65,50,25,1257575
NIFTY-II.NFO,07/08/2024,09:25:51,24431.35,24430.8,250,24435.5,200,25,1257575
NIFTY-II.NFO,07/08/2024,09:25:53,24435.6,24431.05,250,24435.7,325,25,1257575
NIFTY-II.NFO,07/08/2024,09:25:54,24435.6,24431.4,125,24435.9,275,0,1257575
NIFTY-II.NFO,07/08/2024,09:25:56,24431.45,24431.4,125,24436.15,200,25,1257575
NIFTY-II.NFO,07/08/2024,09:25:58,24436.9,24432.7,125,24436.95,275,125,1257575
NIFTY-II.NFO,07/08/2024,09:25:59,24432.7,24431.95,225,24436.1,200,25,1257575
NIFTY-II.NFO,07/08/2024,09:26:01,24432.7,24432.1,25,24436.95,75,0,1257575
NIFTY-II.NFO,07/08/2024,09:26:03,24435,24431.8,200,24434.95,75,50,1257575
NIFTY-II.NFO,07/08/2024,09:26:04,24432,24432,25,24435,125,100,1257575
NIFTY-II.NFO,07/08/2024,09:26:06,24433.1,24432.85,250,24435,25,475,1257575
NIFTY-II.NFO,07/08/2024,09:26:08,24432.1,24431.9,250,24435,25,325,1257575
NIFTY-II.NFO,07/08/2024,09:26:09,24435,24428.85,250,24433.35,275,25,1257575
NIFTY-II.NFO,07/08/2024,09:26:11,24435,24428.9,175,24433.7,250,0,1257575
NIFTY-II.NFO,07/08/2024,09:26:13,24435,24429.25,175,24434.45,200,0,1257575
NIFTY-II.NFO,07/08/2024,09:26:14,24435,24430.15,125,24434.1,250,0,1257575
NIFTY-II.NFO,07/08/2024,09:26:16,24428.5,24428.85,200,24431.95,25,200,1257575
NIFTY-II.NFO,07/08/2024,09:26:18,24428.5,24428.4,250,24432.9,275,0,1257575
NIFTY-II.NFO,07/08/2024,09:26:19,24428.5,24426,25,24429.8,50,0,1257575
NIFTY-II.NFO,07/08/2024,09:26:21,24428.5,24424,25,24427.15,275,0,1257575
NIFTY-II.NFO,07/08/2024,09:26:23,24428.5,24424,25,24428.4,200,0,1257575
NIFTY-II.NFO,07/08/2024,09:26:24,24428.5,24424,275,24428.35,125,0,1257575
NIFTY-II.NFO,07/08/2024,09:26:26,24428.5,24427.25,250,24428.5,25,0,1257575
NIFTY-II.NFO,07/08/2024,09:26:28,24425.3,24426.5,250,24428.5,25,50,1257575
NIFTY-II.NFO,07/08/2024,09:26:29,24425.3,24426.55,250,24428.5,75,0,1257575
NIFTY-II.NFO,07/08/2024,09:26:31,24425.3,24424.05,250,24428.5,150,0,1257575
NIFTY-II.NFO,07/08/2024,09:26:33,24425.5,24425.7,225,24428.5,75,75,1257575
NIFTY-II.NFO,07/08/2024,09:26:34,24428.5,24426.55,225,24428,25,25,1257575
NIFTY-II.NFO,07/08/2024,09:26:36,24428.5,24426.7,250,24428,25,0,1257575
NIFTY-II.NFO,07/08/2024,09:26:38,24431.7,24425.75,250,24429.95,200,725,1257575
NIFTY-II.NFO,07/08/2024,09:26:39,24429.95,24425,25,24428.3,275,50,1257575
NIFTY-II.NFO,07/08/2024,09:26:41,24429.95,24425.75,50,24429.95,25,0,1257575
NIFTY-II.NFO,07/08/2024,09:26:43,24429.95,24425.85,50,24430,25,0,1257575
NIFTY-II.NFO,07/08/2024,09:26:44,24429.95,24425,50,24427.45,50,0,1257575
NIFTY-II.NFO,07/08/2024,09:26:46,24425.75,24425.4,150,24428,1000,275,1257575
NIFTY-II.NFO,07/08/2024,09:26:48,24425.75,24423.85,250,24427.95,275,0,1257575
NIFTY-II.NFO,07/08/2024,09:26:49,24425.75,24423.95,250,24427.95,25,0,1257575
NIFTY-II.NFO,07/08/2024,09:26:51,24425.75,24424.1,250,24427.95,275,0,1257575
NIFTY-II.NFO,07/08/2024,09:26:53,24425.75,24423.1,125,24427.3,275,0,1257575
NIFTY-II.NFO,07/08/2024,09:26:54,24423.1,24422.7,250,24427.6,325,25,1257575
NIFTY-II.NFO,07/08/2024,09:26:56,24423.1,24421.2,50,24426.45,275,0,1257575
NIFTY-II.NFO,07/08/2024,09:26:58,24420,24420.6,50,24423.95,25,400,1257575
NIFTY-II.NFO,07/08/2024,09:26:59,24419.2,24419.2,25,24423.4,275,75,1257575
NIFTY-II.NFO,07/08/2024,09:27:01,24423.2,24419.55,25,24420,25,50,1257575
NIFTY-II.NFO,07/08/2024,09:27:03,24419.9,24420.4,50,24424,50,50,1257575
NIFTY-II.NFO,07/08/2024,09:27:04,24424,24422.45,125,24423.1,50,50,1257575
NIFTY-II.NFO,07/08/2024,09:27:06,24422.95,24422.9,500,24426,1000,100,1257575
NIFTY-II.NFO,07/08/2024,09:27:08,24423.5,24423.45,525,24426,975,75,1257575
NIFTY-II.NFO,07/08/2024,09:27:09,24424,24423.55,100,24426,975,25,1257575
NIFTY-II.NFO,07/08/2024,09:27:11,24426,24424.25,125,24426,925,50,1257575
NIFTY-II.NFO,07/08/2024,09:27:14,24430,24427.1,250,24430,400,950,1257575
NIFTY-II.NFO,07/08/2024,09:27:16,24425.45,24425.4,125,24429.95,225,250,1257575
NIFTY-II.NFO,07/08/2024,09:27:18,24425.45,24426.4,75,24430,400,0,1257575
NIFTY-II.NFO,07/08/2024,09:27:19,24425.45,24427,450,24430,425,0,1257575
NIFTY-II.NFO,07/08/2024,09:27:21,24430,24429.8,250,24430,375,50,1257575
NIFTY-II.NFO,07/08/2024,09:27:23,24432,24431,250,24434.95,200,425,1257575
NIFTY-II.NFO,07/08/2024,09:27:24,24431.15,24429.85,250,24434.95,200,25,1257575
NIFTY-II.NFO,07/08/2024,09:27:26,24434.95,24428.35,125,24429.05,25,50,1257575
NIFTY-II.NFO,07/08/2024,09:27:28,24429.05,24429.1,200,24434.2,275,50,1257575
NIFTY-II.NFO,07/08/2024,09:27:29,24429.05,24428.1,125,24429.85,25,0,1257575
NIFTY-II.NFO,07/08/2024,09:27:31,24428.15,24428.15,75,24429.85,25,25,1257575
NIFTY-II.NFO,07/08/2024,09:27:33,24429.85,24429.05,25,24434.9,200,25,1257575
NIFTY-II.NFO,07/08/2024,09:27:34,24434.9,24430.1,125,24434.9,200,125,1257575
NIFTY-II.NFO,07/08/2024,09:27:36,24434.9,24430.85,250,24434,25,0,1257575
NIFTY-II.NFO,07/08/2024,09:27:38,24434,24431.35,150,24434.95,25,25,1257575
NIFTY-II.NFO,07/08/2024,09:27:39,24434,24430.6,625,24434.9,200,0,1257575
NIFTY-II.NFO,07/08/2024,09:27:41,24434,24431.25,250,24434.95,225,0,1257575
NIFTY-II.NFO,07/08/2024,09:27:43,24435,24432.3,250,24437.15,200,50,1257575
NIFTY-II.NFO,07/08/2024,09:27:44,24437.2,24435.05,150,24439.25,200,150,1257575
NIFTY-II.NFO,07/08/2024,09:27:46,24432.45,24432,250,24437.7,275,25,1257575
NIFTY-II.NFO,07/08/2024,09:27:48,24430.6,24430.25,125,24435.45,275,125,1257575
NIFTY-II.NFO,07/08/2024,09:27:49,24430.6,24431.05,75,24436.45,275,0,1257575
NIFTY-II.NFO,07/08/2024,09:27:51,24430.05,24430,75,24433.9,275,150,1257575
NIFTY-II.NFO,07/08/2024,09:27:53,24427,24426.9,125,24431.7,200,100,1257575
NIFTY-II.NFO,07/08/2024,09:27:54,24427,24426.25,125,24430,250,0,1257575
NIFTY-II.NFO,07/08/2024,09:27:56,24427,24424.1,175,24428.6,75,0,1257575
NIFTY-II.NFO,07/08/2024,09:27:58,24431.9,24426.55,225,24432,575,50,1257275
NIFTY-II.NFO,07/08/2024,09:27:59,24431.9,24425.7,125,24430.2,275,0,1257275
NIFTY-II.NFO,07/08/2024,09:28:01,24425.7,24427.75,225,24432.95,275,25,1257275
NIFTY-II.NFO,07/08/2024,09:28:03,24430.1,24430.1,225,24434.4,25,75,1257275
NIFTY-II.NFO,07/08/2024,09:28:04,24434.4,24432.1,225,24435,75,25,1257275
NIFTY-II.NFO,07/08/2024,09:28:06,24433.1,24433,25,24436.95,200,400,1257275
NIFTY-II.NFO,07/08/2024,09:28:08,24433.1,24432.4,125,24437,650,0,1257275
NIFTY-II.NFO,07/08/2024,09:28:09,24432.4,24432.8,125,24437.2,200,25,1257275
NIFTY-II.NFO,07/08/2024,09:28:11,24432.4,24433,25,24437.2,275,0,1257275
NIFTY-II.NFO,07/08/2024,09:28:14,24434,24430.5,125,24436.15,200,25,1257275
NIFTY-II.NFO,07/08/2024,09:28:16,24434,24430.75,25,24435.7,275,0,1257275
NIFTY-II.NFO,07/08/2024,09:28:18,24430.75,24429.8,75,24434.2,275,75,1257275
NIFTY-II.NFO,07/08/2024,09:28:19,24429.4,24427.65,50,24432.95,275,100,1257275
NIFTY-II.NFO,07/08/2024,09:28:21,24429.4,24427.45,25,24432.9,200,0,1257275
NIFTY-II.NFO,07/08/2024,09:28:23,24429.4,24429.25,125,24434.45,275,0,1257275
NIFTY-II.NFO,07/08/2024,09:28:24,24429.4,24430.95,250,24433,25,0,1257275
NIFTY-II.NFO,07/08/2024,09:28:26,24434,24434.05,25,24438.45,200,50,1257275
NIFTY-II.NFO,07/08/2024,09:28:28,24433.05,24433.35,125,24437.55,75,50,1257275
NIFTY-II.NFO,07/08/2024,09:28:29,24438.2,24433.1,25,24437.95,275,25,1257275
NIFTY-II.NFO,07/08/2024,09:28:31,24438.2,24429.45,25,24434.2,275,0,1257275
NIFTY-II.NFO,07/08/2024,09:28:33,24438.2,24429.45,25,24434.9,275,0,1257275
NIFTY-II.NFO,07/08/2024,09:28:34,24438.2,24432.4,25,24437.45,275,0,1257275
NIFTY-II.NFO,07/08/2024,09:28:36,24438.2,24434.15,250,24438.95,200,0,1257275
NIFTY-II.NFO,07/08/2024,09:28:38,24438.2,24434.15,250,24438.7,200,0,1257275
NIFTY-II.NFO,07/08/2024,09:28:39,24438.2,24434.3,250,24438.45,200,0,1257275
NIFTY-II.NFO,07/08/2024,09:28:41,24438.2,24434.05,25,24438.2,25,0,1257275
NIFTY-II.NFO,07/08/2024,09:28:43,24438.2,24434,200,24438.15,200,0,1257275
NIFTY-II.NFO,07/08/2024,09:28:44,24434.05,24434.2,250,24438.2,25,25,1257275
NIFTY-II.NFO,07/08/2024,09:28:46,24434.05,24434,200,24438.15,200,0,1257275
NIFTY-II.NFO,07/08/2024,09:28:48,24434,24435.05,250,24438.2,25,25,1257275
NIFTY-II.NFO,07/08/2024,09:28:49,24434,24435.05,250,24438,50,0,1257275
NIFTY-II.NFO,07/08/2024,09:28:51,24434.2,24434.4,25,24437.95,200,25,1257275
NIFTY-II.NFO,07/08/2024,09:28:53,24434.2,24435.3,250,24438,50,0,1257275
NIFTY-II.NFO,07/08/2024,09:28:54,24434.2,24436.8,250,24438,50,0,1257275
NIFTY-II.NFO,07/08/2024,09:28:56,24436.3,24436.65,250,24438,50,25,1257275
NIFTY-II.NFO,07/08/2024,09:28:58,24438.2,24436.15,125,24439.9,275,100,1257275
NIFTY-II.NFO,07/08/2024,09:28:59,24439.9,24436.15,125,24439.9,200,25,1257275
NIFTY-II.NFO,07/08/2024,09:29:01,24439.9,24435.55,25,24439.95,25,0,1257275
NIFTY-II.NFO,07/08/2024,09:29:03,24439.9,24436.15,250,24439.95,25,0,1257275
NIFTY-II.NFO,07/08/2024,09:29:04,24440,24438.2,50,24440,25,275,1257275
NIFTY-II.NFO,07/08/2024,09:29:06,24440,24438.7,250,24441,50,50,1257275
NIFTY-II.NFO,07/08/2024,09:29:08,24441,24438.2,50,24441.2,200,50,1257275
NIFTY-II.NFO,07/08/2024,09:29:09,24441,24438.2,300,24441.4,25,0,1257275
NIFTY-II.NFO,07/08/2024,09:29:11,24437.6,24437.2,250,24440,25,125,1257275
NIFTY-II.NFO,07/08/2024,09:29:13,24437.25,24436.85,125,24440,25,25,1257275
NIFTY-II.NFO,07/08/2024,09:29:14,24442,24436.3,275,24442.15,275,1000,1257275
NIFTY-II.NFO,07/08/2024,09:29:16,24442,24438.05,25,24443.15,275,0,1257275
NIFTY-II.NFO,07/08/2024,09:29:18,24442,24438,25,24442.85,275,0,1257275
NIFTY-II.NFO,07/08/2024,09:29:20,24442,24435.6,25,24441.2,250,0,1257275
NIFTY-II.NFO,07/08/2024,09:29:21,24439,24436.1,275,24442.2,275,25,1257275
NIFTY-II.NFO,07/08/2024,09:29:23,24438.05,24437.1,200,24443.15,200,25,1257275
NIFTY-II.NFO,07/08/2024,09:29:25,24443.15,24438.85,325,24443.15,175,50,1257275
NIFTY-II.NFO,07/08/2024,09:29:26,24440,24439.05,100,24443.2,125,25,1257275
NIFTY-II.NFO,07/08/2024,09:29:28,24440,24439,325,24443.2,125,0,1257275
NIFTY-II.NFO,07/08/2024,09:29:30,24440,24435.7,100,24441,500,0,1257275
NIFTY-II.NFO,07/08/2024,09:29:31,24440,24435.15,325,24440.45,250,0,1257275
NIFTY-II.NFO,07/08/2024,09:29:33,24440,24435.85,275,24441.45,250,0,1257275
NIFTY-II.NFO,07/08/2024,09:29:35,24440,24436.4,25,24440,25,0,1257275
NIFTY-II.NFO,07/08/2024,09:29:36,24440,24437.25,200,24440,25,0,1257275
NIFTY-II.NFO,07/08/2024,09:29:38,24440,24437.55,200,24440,25,0,1257275
NIFTY-II.NFO,07/08/2024,09:29:40,24440,24438.95,275,24443.2,125,25,1257275
NIFTY-II.NFO,07/08/2024,09:29:41,24439.05,24439.3,200,24443.2,125,25,1257275
NIFTY-II.NFO,07/08/2024,09:29:43,24441.2,24440.15,275,24443.2,125,100,1257275
NIFTY-II.NFO,07/08/2024,09:29:45,24441.2,24442.4,200,24443.2,125,0,1257275
NIFTY-II.NFO,07/08/2024,09:29:46,24441.2,24442.4,125,24443.2,125,0,1257275
NIFTY-II.NFO,07/08/2024,09:29:48,24440.9,24440.25,200,24443.85,50,700,1257275
NIFTY-II.NFO,07/08/2024,09:29:50,24443.85,24439.8,250,24444.9,275,50,1257275
NIFTY-II.NFO,07/08/2024,09:29:51,24444.4,24439.55,125,24444.55,325,50,1257275
NIFTY-II.NFO,07/08/2024,09:29:53,24440.75,24443.85,25,24445,75,25,1257275
NIFTY-II.NFO,07/08/2024,09:29:55,24443.85,24440.7,125,24444,25,25,1257275
NIFTY-II.NFO,07/08/2024,09:29:56,24443.85,24441,25,24443.85,25,0,1257275
NIFTY-II.NFO,07/08/2024,09:29:58,24441,24441,25,24443.85,25,25,1257275
NIFTY-II.NFO,07/08/2024,09:30:00,24441,24440.3,300,24443.85,25,125,1257275
NIFTY-II.NFO,07/08/2024,09:30:01,24441,24441,25,24443.85,25,0,1257275
NIFTY-II.NFO,07/08/2024,09:30:03,24441,24440.3,300,24443.85,25,25,1257275
NIFTY-II.NFO,07/08/2024,09:30:05,24441,24440.3,375,24443.85,25,0,1257275
NIFTY-II.NFO,07/08/2024,09:30:06,24441,24440.75,325,24443.85,25,25,1257275
NIFTY-II.NFO,07/08/2024,09:30:08,24445,24443.6,225,24447,25,150,1257275
NIFTY-II.NFO,07/08/2024,09:30:09,24445,24443.2,75,24447,25,0,1257275
NIFTY-II.NFO,07/08/2024,09:30:11,24445,24443.85,125,24447,25,0,1257275
NIFTY-II.NFO,07/08/2024,09:30:13,24445.75,24445.8,100,24448,150,200,1257275
NIFTY-II.NFO,07/08/2024,09:30:14,24446.7,24445.85,100,24450,750,250,1257275
NIFTY-II.NFO,07/08/2024,09:30:16,24445.85,24445.35,450,24450,750,25,1257275
NIFTY-II.NFO,07/08/2024,09:30:18,24450,24444.6,275,24449.95,275,525,1257275
NIFTY-II.NFO,07/08/2024,09:30:19,24450,24444.35,200,24449.35,325,0,1257275
NIFTY-II.NFO,07/08/2024,09:30:21,24442.45,24441.25,175,24445.8,325,75,1257275
NIFTY-II.NFO,07/08/2024,09:30:23,24442.45,24442.7,500,24447.95,25,0,1257275
NIFTY-II.NFO,07/08/2024,09:30:24,24448.75,24446.1,275,24449.9,25,25,1257275
NIFTY-II.NFO,07/08/2024,09:30:26,24449.9,24449.1,250,24450,725,25,1257275
NIFTY-II.NFO,07/08/2024,09:30:28,24449.05,24448.75,100,24450,750,50,1257275
NIFTY-II.NFO,07/08/2024,09:30:29,24450,24449.5,75,24450,275,600,1257275
NIFTY-II.NFO,07/08/2024,09:30:31,24449.4,24449.5,275,24451,50,475,1257275
NIFTY-II.NFO,07/08/2024,09:30:33,24452.15,24452.45,150,24454,75,250,1257275
NIFTY-II.NFO,07/08/2024,09:30:34,24451.05,24452.2,100,24453.9,25,25,1257275
NIFTY-II.NFO,07/08/2024,09:30:36,24453.9,24452.4,125,24453.95,25,75,1257275
NIFTY-II.NFO,07/08/2024,09:30:38,24455,24455.1,50,24456.3,200,250,1257275
NIFTY-II.NFO,07/08/2024,09:30:39,24453.05,24452.05,25,24456.55,200,125,1257275
NIFTY-II.NFO,07/08/2024,09:30:41,24453.05,24452.2,150,24456.5,75,0,1257275
NIFTY-II.NFO,07/08/2024,09:30:43,24452.2,24453,250,24453.85,50,25,1257275
NIFTY-II.NFO,07/08/2024,09:30:44,24452.2,24453,175,24453.75,25,0,1257275
NIFTY-II.NFO,07/08/2024,09:30:46,24453.7,24453.15,25,24453.75,25,25,1257275
NIFTY-II.NFO,07/08/2024,09:30:48,24457.5,24455.05,25,24459,200,400,1257275
NIFTY-II.NFO,07/08/2024,09:30:49,24457.5,24456.05,100,24459.4,25,0,1257275
NIFTY-II.NFO,07/08/2024,09:30:51,24462.35,24458.05,25,24462.3,50,550,1257275
NIFTY-II.NFO,07/08/2024,09:30:53,24462.25,24455,100,24460.75,50,50,1257275
NIFTY-II.NFO,07/08/2024,09:30:54,24456.35,24456.35,50,24461.15,100,25,1257275
NIFTY-II.NFO,07/08/2024,09:30:56,24456.35,24456.05,100,24460.9,50,0,1257275
NIFTY-II.NFO,07/08/2024,09:30:58,24456.35,24454.3,375,24460.55,50,0,1257275
NIFTY-II.NFO,07/08/2024,09:30:59,24454.3,24453.2,25,24457.8,50,25,1256700
NIFTY-II.NFO,07/08/2024,09:31:01,24452,24451,25,24455.3,50,200,1256700
NIFTY-II.NFO,07/08/2024,09:31:03,24452,24451,25,24454.2,50,0,1256700
NIFTY-II.NFO,07/08/2024,09:31:04,24452,24451,25,24454.05,100,0,1256700
NIFTY-II.NFO,07/08/2024,09:31:06,24452,24452,25,24454,25,0,1256700
NIFTY-II.NFO,07/08/2024,09:31:08,24451,24450,25,24453.85,50,50,1256700
NIFTY-II.NFO,07/08/2024,09:31:09,24448,24448.05,200,24452.85,250,300,1256700
NIFTY-II.NFO,07/08/2024,09:31:11,24448,24448.6,200,24452.55,25,0,1256700
NIFTY-II.NFO,07/08/2024,09:31:13,24453.25,24451.5,200,24453.25,50,50,1256700
NIFTY-II.NFO,07/08/2024,09:31:14,24452.5,24452.45,25,24453.9,25,125,1256700
NIFTY-II.NFO,07/08/2024,09:31:16,24450,24449.85,100,24453.85,25,25,1256700
NIFTY-II.NFO,07/08/2024,09:31:18,24449.3,24449.3,250,24453.75,25,25,1256700
NIFTY-II.NFO,07/08/2024,09:31:19,24450.65,24450.6,300,24453.6,25,100,1256700
NIFTY-II.NFO,07/08/2024,09:31:21,24451.75,24451.65,250,24453.65,25,50,1256700
NIFTY-II.NFO,07/08/2024,09:31:23,24453.6,24451.45,25,24453.6,25,25,1256700
NIFTY-II.NFO,07/08/2024,09:31:24,24453.6,24450.55,250,24451.75,25,0,1256700
NIFTY-II.NFO,07/08/2024,09:31:26,24450.55,24450.35,250,24451.75,25,50,1256700
NIFTY-II.NFO,07/08/2024,09:31:28,24450.35,24450.55,250,24451.75,25,25,1256700
NIFTY-II.NFO,07/08/2024,09:31:29,24450.55,24450.55,225,24451.75,50,25,1256700
NIFTY-II.NFO,07/08/2024,09:31:31,24450.55,24450.55,175,24451.75,50,50,1256700
NIFTY-II.NFO,07/08/2024,09:31:33,24450.55,24450.55,175,24451.75,50,0,1256700
NIFTY-II.NFO,07/08/2024,09:31:34,24450.55,24450.95,125,24451.65,25,0,1256700
NIFTY-II.NFO,07/08/2024,09:31:36,24451.7,24451.95,150,24453,25,1175,1256700
NIFTY-II.NFO,07/08/2024,09:31:38,24451.7,24451.6,325,24453,25,25,1256700
NIFTY-II.NFO,07/08/2024,09:31:39,24451.6,24451,25,24453,25,25,1256700
NIFTY-II.NFO,07/08/2024,09:31:41,24453,24450.55,175,24454.65,200,50,1256700
NIFTY-II.NFO,07/08/2024,09:31:43,24453,24450.55,175,24454.3,275,0,1256700
NIFTY-II.NFO,07/08/2024,09:31:44,24450.55,24450.55,125,24453.55,275,50,1256700
NIFTY-II.NFO,07/08/2024,09:31:46,24450.55,24450.55,100,24453.95,25,25,1256700
NIFTY-II.NFO,07/08/2024,09:31:48,24450.55,24450.55,75,24454.5,275,50,1256700
NIFTY-II.NFO,07/08/2024,09:31:49,24450.55,24450,50,24452.35,75,75,1256700
NIFTY-II.NFO,07/08/2024,09:31:51,24450.55,24450,50,24453.85,50,0,1256700
NIFTY-II.NFO,07/08/2024,09:31:53,24450.55,24450.1,250,24453.85,50,0,1256700
NIFTY-II.NFO,07/08/2024,09:31:54,24455.75,24450.15,275,24456,200,900,1256700
NIFTY-II.NFO,07/08/2024,09:31:56,24455.75,24450.55,25,24454.8,200,0,1256700
NIFTY-II.NFO,07/08/2024,09:31:58,24450,24448,25,24450.9,200,75,1256700
NIFTY-II.NFO,07/08/2024,09:31:59,24445.05,24444.75,250,24449.9,275,500,1256700
NIFTY-II.NFO,07/08/2024,09:32:01,24445.05,24444.75,250,24450.05,275,0,1256700
NIFTY-II.NFO,07/08/2024,09:32:03,24445.25,24440.35,200,24445.9,200,25,1256700
NIFTY-II.NFO,07/08/2024,09:32:04,24445.25,24440.05,25,24444.55,250,0,1256700
NIFTY-II.NFO,07/08/2024,09:32:06,24437.85,24436.6,200,24442.35,275,100,1256700
NIFTY-II.NFO,07/08/2024,09:32:08,24442.15,24436.45,150,24441.75,275,25,1256700
NIFTY-II.NFO,07/08/2024,09:32:09,24442.15,24437.85,275,24443.2,275,0,1256700
NIFTY-II.NFO,07/08/2024,09:32:11,24442.15,24439.4,175,24444.6,275,0,1256700
NIFTY-II.NFO,07/08/2024,09:32:13,24442.15,24439.3,275,24444.85,275,0,1256700
NIFTY-II.NFO,07/08/2024,09:32:14,24442.15,24438.05,325,24443.15,275,0,1256700
NIFTY-II.NFO,07/08/2024,09:32:16,24438.05,24438,275,24443.8,200,25,1256700
NIFTY-II.NFO,07/08/2024,09:32:18,24438.05,24438.1,200,24443.5,275,0,1256700
NIFTY-II.NFO,07/08/2024,09:32:19,24438.65,24435,100,24438.6,200,50,1256700
NIFTY-II.NFO,07/08/2024,09:32:21,24438.65,24435,50,24438.6,275,0,1256700
NIFTY-II.NFO,07/08/2024,09:32:23,24435,24430.35,175,24434.75,275,50,1256700
NIFTY-II.NFO,07/08/2024,09:32:24,24435,24430,125,24434.95,275,0,1256700
NIFTY-II.NFO,07/08/2024,09:32:26,24431.1,24432.05,75,24435,225,25,1256700
NIFTY-II.NFO,07/08/2024,09:32:28,24435,24433.05,75,24437.4,200,275,1256700
NIFTY-II.NFO,07/08/2024,09:32:29,24435,24435,400,24437.75,200,0,1256700
NIFTY-II.NFO,07/08/2024,09:32:31,24435,24435,400,24437.6,200,0,1256700
NIFTY-II.NFO,07/08/2024,09:32:33,24435,24435,375,24436.4,275,25,1256700
NIFTY-II.NFO,07/08/2024,09:32:34,24435,24430,75,24433.9,200,375,1256700
NIFTY-II.NFO,07/08/2024,09:32:36,24435,24430,125,24435.2,275,0,1256700
NIFTY-II.NFO,07/08/2024,09:32:38,24435,24430.15,200,24432,1200,0,1256700
NIFTY-II.NFO,07/08/2024,09:32:39,24430,24430,75,24432,1200,50,1256700
NIFTY-II.NFO,07/08/2024,09:32:41,24432,24431,25,24432,1175,25,1256700
NIFTY-II.NFO,07/08/2024,09:32:43,24432,24431,25,24432,1175,0,1256700
NIFTY-II.NFO,07/08/2024,09:32:44,24430.7,24430.05,150,24434.95,275,1275,1256700
NIFTY-II.NFO,07/08/2024,09:32:46,24430,24430,50,24432,175,25,1256700
NIFTY-II.NFO,07/08/2024,09:32:49,24430.5,24431,125,24432,125,200,1256700
NIFTY-II.NFO,07/08/2024,09:32:51,24431.75,24432.8,250,24435,25,200,1256700
NIFTY-II.NFO,07/08/2024,09:32:53,24435,24432,200,24435,50,475,1256700
NIFTY-II.NFO,07/08/2024,09:32:54,24435,24432.8,125,24435,75,25,1256700
NIFTY-II.NFO,07/08/2024,09:32:56,24432.1,24432.3,75,24435,75,75,1256700
NIFTY-II.NFO,07/08/2024,09:32:57,24433.05,24433.05,100,24438.05,25,150,1256700
NIFTY-II.NFO,07/08/2024,09:32:59,24433.05,24434.75,25,24438.05,25,0,1256700
NIFTY-II.NFO,07/08/2024,09:33:01,24439.05,24434.1,25,24439.95,200,50,1256700
NIFTY-II.NFO,07/08/2024,09:33:02,24440,24436.05,100,24441.95,200,75,1256700
NIFTY-II.NFO,07/08/2024,09:33:04,24442,24436.4,100,24442.7,75,25,1256700
NIFTY-II.NFO,07/08/2024,09:33:06,24442,24436.1,150,24441.7,200,0,1256700
NIFTY-II.NFO,07/08/2024,09:33:07,24442,24438,100,24443.45,200,0,1256700
NIFTY-II.NFO,07/08/2024,09:33:09,24442,24438.1,75,24444.2,275,0,1256700
NIFTY-II.NFO,07/08/2024,09:33:11,24439,24438,25,24442.45,200,25,1256700
NIFTY-II.NFO,07/08/2024,09:33:12,24439,24435.9,25,24441.2,200,0,1256700
NIFTY-II.NFO,07/08/2024,09:33:14,24431.5,24431.5,75,24437,275,150,1256700
NIFTY-II.NFO,07/08/2024,09:33:16,24438.35,24433.15,200,24439.4,200,750,1256700
NIFTY-II.NFO,07/08/2024,09:33:17,24438.9,24432.1,275,24438.9,175,25,1256700
NIFTY-II.NFO,07/08/2024,09:33:19,24438.9,24433.5,275,24438.9,175,0,1256700
NIFTY-II.NFO,07/08/2024,09:33:21,24438.9,24433.3,275,24440,225,0,1256700
NIFTY-II.NFO,07/08/2024,09:33:22,24438,24432.7,275,24439.25,175,25,1256700
NIFTY-II.NFO,07/08/2024,09:33:24,24438,24433.15,200,24440.35,175,0,1256700
NIFTY-II.NFO,07/08/2024,09:33:26,24438,24435.1,100,24440.7,175,0,1256700
NIFTY-II.NFO,07/08/2024,09:33:27,24433.1,24432.75,150,24438.9,200,75,1256700
NIFTY-II.NFO,07/08/2024,09:33:29,24438.9,24433.05,100,24438.9,250,50,1256700
NIFTY-II.NFO,07/08/2024,09:33:31,24438.9,24430,25,24433.9,200,0,1256700
NIFTY-II.NFO,07/08/2024,09:33:32,24438.9,24430,25,24433.4,200,0,1256700
NIFTY-II.NFO,07/08/2024,09:33:34,24438.9,24430,25,24433.5,200,0,1256700
NIFTY-II.NFO,07/08/2024,09:33:36,24430,24426.95,200,24431.9,200,25,1256700
NIFTY-II.NFO,07/08/2024,09:33:37,24425.35,24425.1,25,24429.9,200,25,1256700
NIFTY-II.NFO,07/08/2024,09:33:39,24425.35,24425.15,275,24431.85,200,0,1256700
NIFTY-II.NFO,07/08/2024,09:33:41,24430,24426.3,275,24430,175,25,1256700
NIFTY-II.NFO,07/08/2024,09:33:42,24426.35,24426.35,175,24430,175,25,1256700
NIFTY-II.NFO,07/08/2024,09:33:44,24430.8,24425.4,200,24430.8,100,300,1256700
NIFTY-II.NFO,07/08/2024,09:33:45,24432.05,24425.55,275,24432.3,75,50,1256700
NIFTY-II.NFO,07/08/2024,09:33:47,24426.05,24427.1,275,24433.35,100,25,1256700
NIFTY-II.NFO,07/08/2024,09:33:49,24426.05,24427.1,275,24432.9,100,0,1256700
NIFTY-II.NFO,07/08/2024,09:33:50,24433.3,24427.1,275,24433.3,100,325,1256700
NIFTY-II.NFO,07/08/2024,09:33:52,24433.3,24426.35,275,24431.95,25,0,1256700
NIFTY-II.NFO,07/08/2024,09:33:54,24426.05,24426.05,275,24431.2,125,25,1256700
NIFTY-II.NFO,07/08/2024,09:33:55,24426,24425.35,25,24427.95,125,25,1256700
NIFTY-II.NFO,07/08/2024,09:33:57,24427.2,24425.1,25,24426.55,100,50,1256700
NIFTY-II.NFO,07/08/2024,09:33:59,24425.1,24425,50,24426.9,100,25,1258175
NIFTY-II.NFO,07/08/2024,09:34:00,24425.1,24425,125,24430,150,0,1258175
NIFTY-II.NFO,07/08/2024,09:34:02,24425.1,24428.85,75,24433,75,0,1258175
NIFTY-II.NFO,07/08/2024,09:34:04,24425.1,24428.95,275,24433,75,0,1258175
NIFTY-II.NFO,07/08/2024,09:34:05,24427.65,24427.7,200,24433,75,50,1258175
NIFTY-II.NFO,07/08/2024,09:34:07,24433,24430.25,200,24433,25,50,1258175
NIFTY-II.NFO,07/08/2024,09:34:09,24433,24428.35,275,24433,25,0,1258175
NIFTY-II.NFO,07/08/2024,09:34:10,24433,24425.1,200,24431.45,200,0,1258175
NIFTY-II.NFO,07/08/2024,09:34:12,24433,24425.05,200,24428.95,25,0,1258175
NIFTY-II.NFO,07/08/2024,09:34:14,24425.05,24425.05,275,24430,75,75,1258175
NIFTY-II.NFO,07/08/2024,09:34:15,24425.05,24425.05,200,24429.75,50,0,1258175
NIFTY-II.NFO,07/08/2024,09:34:17,24425,24425,50,24428.9,50,50,1258175
NIFTY-II.NFO,07/08/2024,09:34:19,24425,24425,25,24428.5,50,25,1258175
NIFTY-II.NFO,07/08/2024,09:34:20,24425,24425.25,275,24430.1,200,0,1258175
NIFTY-II.NFO,07/08/2024,09:34:22,24425,24425.05,275,24430.5,250,0,1258175
NIFTY-II.NFO,07/08/2024,09:34:24,24425,24425,25,24428.75,200,0,1258175
NIFTY-II.NFO,07/08/2024,09:34:25,24425,24425,100,24429.95,200,0,1258175
NIFTY-II.NFO,07/08/2024,09:34:27,24425.05,24425,25,24429.95,200,25,1258175
NIFTY-II.NFO,07/08/2024,09:34:29,24425.05,24425,25,24428.15,200,0,1258175
NIFTY-II.NFO,07/08/2024,09:34:30,24428.1,24425,25,24427.1,200,25,1258175
NIFTY-II.NFO,07/08/2024,09:34:32,24425,24422.15,275,24427.95,25,25,1258175
NIFTY-II.NFO,07/08/2024,09:34:34,24425,24423.7,200,24430,25,0,1258175
NIFTY-II.NFO,07/08/2024,09:34:35,24425,24423.7,200,24429.75,200,0,1258175
NIFTY-II.NFO,07/08/2024,09:34:37,24429.9,24425.1,200,24430,25,25,1258175
NIFTY-II.NFO,07/08/2024,09:34:39,24429.9,24427.85,200,24430,25,0,1258175
NIFTY-II.NFO,07/08/2024,09:34:40,24429.9,24425.3,275,24430,25,0,1258175
NIFTY-II.NFO,07/08/2024,09:34:42,24429.9,24427.55,275,24430,25,0,1258175
NIFTY-II.NFO,07/08/2024,09:34:44,24429.9,24427.95,200,24430,25,0,1258175
NIFTY-II.NFO,07/08/2024,09:34:45,24429.9,24429.9,25,24430,25,0,1258175
NIFTY-II.NFO,07/08/2024,09:34:47,24430,24429.9,25,24433,175,25,1258175
NIFTY-II.NFO,07/08/2024,09:34:49,24430,24429.9,25,24432.95,175,0,1258175
NIFTY-II.NFO,07/08/2024,09:34:50,24430,24429.9,25,24432.75,175,0,1258175
NIFTY-II.NFO,07/08/2024,09:34:52,24430,24429.9,25,24430,75,0,1258175
NIFTY-II.NFO,07/08/2024,09:34:55,24430,24429.9,25,24432.95,175,75,1258175
NIFTY-II.NFO,07/08/2024,09:34:57,24430,24429.9,25,24432.95,175,0,1258175
NIFTY-II.NFO,07/08/2024,09:34:59,24429.9,24428.1,25,24430,25,25,1258175
NIFTY-II.NFO,07/08/2024,09:35:00,24429.9,24428.1,25,24429,500,0,1258175
NIFTY-II.NFO,07/08/2024,09:35:02,24430,24429.45,200,24433,175,550,1258175
NIFTY-II.NFO,07/08/2024,09:35:04,24430,24429.05,100,24432.95,175,0,1258175
NIFTY-II.NFO,07/08/2024,09:35:05,24430,24428.15,200,24432.75,175,0,1258175
NIFTY-II.NFO,07/08/2024,09:35:07,24430,24428.25,200,24432.95,175,0,1258175
NIFTY-II.NFO,07/08/2024,09:35:10,24432.6,24430,75,24432.95,150,25,1258175
NIFTY-II.NFO,07/08/2024,09:35:12,24432.6,24430,75,24432.6,150,0,1258175
NIFTY-II.NFO,07/08/2024,09:35:14,24432.6,24430,75,24432.95,150,0,1258175
NIFTY-II.NFO,07/08/2024,09:35:17,24430,24430,50,24432.95,150,25,1258175
NIFTY-II.NFO,07/08/2024,09:35:19,24430,24430.15,50,24433,200,0,1258175
NIFTY-II.NFO,07/08/2024,09:35:20,24430,24430,50,24432.95,150,0,1258175
NIFTY-II.NFO,07/08/2024,09:35:22,24430,24430,50,24432.2,150,0,1258175
NIFTY-II.NFO,07/08/2024,09:35:24,24428.1,24424.2,200,24429.3,150,75,1258175
NIFTY-II.NFO,07/08/2024,09:35:25,24429.45,24422.1,25,24427.3,125,25,1258175
NIFTY-II.NFO,07/08/2024,09:35:27,24429.45,24422.1,25,24426.8,125,0,1258175
NIFTY-II.NFO,07/08/2024,09:35:29,24429.45,24422.25,275,24427.95,125,0,1258175
NIFTY-II.NFO,07/08/2024,09:35:31,24429.45,24422.8,275,24428.9,125,0,1258175
NIFTY-II.NFO,07/08/2024,09:35:32,24429.45,24425.1,25,24428.55,125,0,1258175
NIFTY-II.NFO,07/08/2024,09:35:34,24429.45,24425.1,25,24427.95,125,0,1258175
NIFTY-II.NFO,07/08/2024,09:35:36,24429.45,24425.1,25,24428.75,125,0,1258175
NIFTY-II.NFO,07/08/2024,09:35:37,24425.1,24421.35,200,24427.05,125,25,1258175
NIFTY-II.NFO,07/08/2024,09:35:39,24425.1,24422.05,200,24426.95,25,0,1258175
NIFTY-II.NFO,07/08/2024,09:35:40,24425.1,24421.65,275,24426.9,50,0,1258175
NIFTY-II.NFO,07/08/2024,09:35:42,24421.5,24421.55,200,24426.7,50,25,1258175
NIFTY-II.NFO,07/08/2024,09:35:44,24426.7,24420.15,275,24424.95,25,25,1258175
NIFTY-II.NFO,07/08/2024,09:35:45,24424.95,24420.05,200,24425.05,50,25,1258175
NIFTY-II.NFO,07/08/2024,09:35:47,24417.7,24415.1,100,24418.85,50,225,1258175
NIFTY-II.NFO,07/08/2024,09:35:49,24404.45,24405.3,50,24409.95,200,500,1258175
NIFTY-II.NFO,07/08/2024,09:35:50,24413.95,24407.2,50,24414.1,200,50,1258175
NIFTY-II.NFO,07/08/2024,09:35:52,24409.6,24406.9,75,24413.65,175,200,1258175
NIFTY-II.NFO,07/08/2024,09:35:54,24409.6,24407.3,125,24413.05,275,0,1258175
NIFTY-II.NFO,07/08/2024,09:35:55,24408.4,24408.4,100,24414.9,125,50,1258175
NIFTY-II.NFO,07/08/2024,09:35:57,24406.6,24405.5,50,24411.9,50,75,1258175
NIFTY-II.NFO,07/08/2024,09:35:59,24409.65,24408.15,50,24414.9,50,125,1258175
NIFTY-II.NFO,07/08/2024,09:36:00,24409.65,24416,125,24420,25,0,1258175
NIFTY-II.NFO,07/08/2024,09:36:02,24420,24417.45,200,24422.75,50,25,1258175
NIFTY-II.NFO,07/08/2024,09:36:04,24420,24420.5,75,24424.95,50,0,1258175
NIFTY-II.NFO,07/08/2024,09:36:05,24420,24419.85,50,24424.95,25,0,1258175
NIFTY-II.NFO,07/08/2024,09:36:07,24419.85,24420.8,75,24425,150,50,1258175
NIFTY-II.NFO,07/08/2024,09:36:09,24425,24421.5,75,24425,125,25,1258175
NIFTY-II.NFO,07/08/2024,09:36:10,24425,24420,125,24425,125,0,1258175
NIFTY-II.NFO,07/08/2024,09:36:12,24425,24420,25,24421.5,50,0,1258175
NIFTY-II.NFO,07/08/2024,09:36:14,24419.95,24413.9,25,24418.55,125,50,1258175
NIFTY-II.NFO,07/08/2024,09:36:15,24413.3,24413.3,75,24418.45,50,25,1258175
NIFTY-II.NFO,07/08/2024,09:36:17,24413.3,24414.25,200,24419.45,50,0,1258175
NIFTY-II.NFO,07/08/2024,09:36:19,24420.2,24413.4,125,24418.8,125,50,1258175
NIFTY-II.NFO,07/08/2024,09:36:20,24420.2,24413,125,24419,275,0,1258175
NIFTY-II.NFO,07/08/2024,09:36:22,24419.35,24414.55,125,24419.95,200,50,1258175
NIFTY-II.NFO,07/08/2024,09:36:24,24414.65,24414.75,100,24419.8,200,150,1258175
NIFTY-II.NFO,07/08/2024,09:36:25,24414.65,24415.15,125,24421.3,275,0,1258175
NIFTY-II.NFO,07/08/2024,09:36:27,24414.65,24415.55,25,24420.1,275,0,1258175
NIFTY-II.NFO,07/08/2024,09:36:29,24414.65,24415.6,125,24422.2,200,0,1258175
NIFTY-II.NFO,07/08/2024,09:36:30,24416.9,24417.55,125,24422.8,200,75,1258175
NIFTY-II.NFO,07/08/2024,09:36:32,24416.8,24416,150,24421.15,200,25,1258175
NIFTY-II.NFO,07/08/2024,09:36:34,24415.45,24415.6,125,24420.9,200,75,1258175
NIFTY-II.NFO,07/08/2024,09:36:35,24418,24416.35,125,24421.9,200,25,1258175
NIFTY-II.NFO,07/08/2024,09:36:37,24418,24413.75,125,24418.95,200,0,1258175
NIFTY-II.NFO,07/08/2024,09:36:39,24418,24410.4,125,24415.6,50,0,1258175
NIFTY-II.NFO,07/08/2024,09:36:40,24415.6,24415.25,125,24418,25,50,1258175
NIFTY-II.NFO,07/08/2024,09:36:42,24415.2,24416.45,25,24418,25,200,1258175
NIFTY-II.NFO,07/08/2024,09:36:44,24415.2,24414.8,100,24418,25,0,1258175
NIFTY-II.NFO,07/08/2024,09:36:45,24414.8,24415.3,50,24420,75,25,1258175
NIFTY-II.NFO,07/08/2024,09:36:47,24414.8,24417.45,125,24420,75,0,1258175
NIFTY-II.NFO,07/08/2024,09:36:49,24414.8,24417.85,250,24420,75,0,1258175
NIFTY-II.NFO,07/08/2024,09:36:50,24414.8,24418,250,24420,75,0,1258175
NIFTY-II.NFO,07/08/2024,09:36:52,24417.35,24416.25,25,24420,75,25,1258175
NIFTY-II.NFO,07/08/2024,09:36:54,24417.35,24414.05,150,24418.55,275,0,1258175
NIFTY-II.NFO,07/08/2024,09:36:55,24413,24412.25,150,24415.95,200,25,1258175
NIFTY-II.NFO,07/08/2024,09:36:57,24413,24410.05,150,24414.2,325,0,1258175
NIFTY-II.NFO,07/08/2024,09:36:59,24413,24409.05,25,24413.75,50,0,1258175
NIFTY-II.NFO,07/08/2024,09:37:00,24413,24409.05,25,24412,200,0,1258175
NIFTY-II.NFO,07/08/2024,09:37:02,24413,24406.45,250,24411.6,125,0,1258175
NIFTY-II.NFO,07/08/2024,09:37:04,24413,24407.85,25,24411.7,50,0,1258175
NIFTY-II.NFO,07/08/2024,09:37:05,24413,24407.85,25,24412.05,50,0,1258175
NIFTY-II.NFO,07/08/2024,09:37:07,24413,24409.8,200,24414.8,75,75,1258425
NIFTY-II.NFO,07/08/2024,09:37:09,24413,24411.5,250,24417.1,275,0,1258425
NIFTY-II.NFO,07/08/2024,09:37:10,24411.55,24411.85,150,24415.8,200,50,1258425
NIFTY-II.NFO,07/08/2024,09:37:12,24411.55,24412,50,24412.8,200,0,1258425
NIFTY-II.NFO,07/08/2024,09:37:14,24411.55,24412,50,24413.6,200,0,1258425
NIFTY-II.NFO,07/08/2024,09:37:15,24411.55,24413,25,24413.85,200,0,1258425
NIFTY-II.NFO,07/08/2024,09:37:17,24413,24412,50,24415.65,200,25,1258425
NIFTY-II.NFO,07/08/2024,09:37:18,24412.7,24412,50,24416.75,275,50,1258425
NIFTY-II.NFO,07/08/2024,09:37:20,24414.75,24413,100,24416.05,200,50,1258425
NIFTY-II.NFO,07/08/2024,09:37:22,24414.75,24413,100,24417.3,200,0,1258425
NIFTY-II.NFO,07/08/2024,09:37:25,24414.75,24413.45,50,24417.35,25,0,1258425
NIFTY-II.NFO,07/08/2024,09:37:27,24414.75,24413.05,125,24417.35,25,0,1258425
NIFTY-II.NFO,07/08/2024,09:37:28,24414.75,24415.05,125,24417.35,25,0,1258425
NIFTY-II.NFO,07/08/2024,09:37:30,24414.75,24415,125,24417.35,25,0,1258425
NIFTY-II.NFO,07/08/2024,09:37:32,24417.35,24415.7,125,24418.4,25,25,1258425
NIFTY-II.NFO,07/08/2024,09:37:33,24417.35,24415.45,50,24418.4,25,0,1258425
NIFTY-II.NFO,07/08/2024,09:37:35,24418.4,24417.55,125,24420,400,25,1258425
NIFTY-II.NFO,07/08/2024,09:37:37,24425,24421.5,325,24425,450,500,1258425
NIFTY-II.NFO,07/08/2024,09:37:38,24425,24421,325,24425,450,0,1258425
NIFTY-II.NFO,07/08/2024,09:37:40,24420.1,24420.95,50,24425,125,75,1258425
NIFTY-II.NFO,07/08/2024,09:37:42,24428.75,24425.8,125,24429.45,125,150,1258425
NIFTY-II.NFO,07/08/2024,09:37:44,24428.75,24424.65,25,24429.4,200,0,1258425
NIFTY-II.NFO,07/08/2024,09:37:45,24428.75,24423.5,50,24428.75,200,0,1258425
NIFTY-II.NFO,07/08/2024,09:37:47,24428.75,24424.45,100,24429.4,200,0,1258425
NIFTY-II.NFO,07/08/2024,09:37:49,24428.75,24424.5,50,24429.4,200,0,1258425
NIFTY-II.NFO,07/08/2024,09:37:50,24428.75,24426,25,24429.45,125,0,1258425
NIFTY-II.NFO,07/08/2024,09:37:52,24427.5,24426.65,100,24429.45,50,425,1258425
NIFTY-II.NFO,07/08/2024,09:37:54,24429.45,24425.85,25,24429.7,25,50,1258425
NIFTY-II.NFO,07/08/2024,09:37:55,24425,24424.25,25,24429.45,200,25,1258425
NIFTY-II.NFO,07/08/2024,09:37:57,24429.05,24423.2,125,24428.4,200,25,1258425
NIFTY-II.NFO,07/08/2024,09:37:59,24429.05,24422.05,50,24427.65,275,0,1258425
NIFTY-II.NFO,07/08/2024,09:38:00,24429.05,24423.4,50,24428.5,275,0,1258425
NIFTY-II.NFO,07/08/2024,09:38:02,24429.05,24423.75,50,24429.5,200,0,1258425
NIFTY-II.NFO,07/08/2024,09:38:04,24429.05,24426.35,100,24429.95,200,0,1258425
NIFTY-II.NFO,07/08/2024,09:38:05,24429.05,24425,100,24429,200,25,1258425
NIFTY-II.NFO,07/08/2024,09:38:07,24429,24425,100,24428.9,200,25,1258425
NIFTY-II.NFO,07/08/2024,09:38:09,24422.9,24423.25,100,24427.6,275,300,1258425
NIFTY-II.NFO,07/08/2024,09:38:10,24428.8,24423.7,50,24429,275,75,1258425
NIFTY-II.NFO,07/08/2024,09:38:12,24428.75,24424.4,50,24429,200,75,1258425
NIFTY-II.NFO,07/08/2024,09:38:14,24428.9,24423.3,50,24428.85,275,50,1258425
NIFTY-II.NFO,07/08/2024,09:38:15,24428.9,24423.25,100,24428.35,200,0,1258425
NIFTY-II.NFO,07/08/2024,09:38:17,24428.9,24420,75,24422.95,25,0,1258425
NIFTY-II.NFO,07/08/2024,09:38:18,24420,24420,50,24421.95,200,25,1258425
NIFTY-II.NFO,07/08/2024,09:38:20,24420,24420,50,24422.05,275,0,1258425
NIFTY-II.NFO,07/08/2024,09:38:22,24420,24415.35,100,24419.8,200,50,1258425
NIFTY-II.NFO,07/08/2024,09:38:23,24419.95,24416.8,275,24422.4,250,50,1258425
NIFTY-II.NFO,07/08/2024,09:38:25,24419.95,24417.1,275,24422.6,250,0,1258425
NIFTY-II.NFO,07/08/2024,09:38:27,24417.3,24417.35,200,24422.3,125,25,1258425
NIFTY-II.NFO,07/08/2024,09:38:28,24417.3,24417.55,200,24422.35,125,0,1258425
NIFTY-II.NFO,07/08/2024,09:38:30,24417.3,24416.8,200,24421.7,125,0,1258425
NIFTY-II.NFO,07/08/2024,09:38:32,24423.45,24417.95,200,24423.3,200,50,1258425
NIFTY-II.NFO,07/08/2024,09:38:33,24423.45,24417.7,25,24421.75,200,0,1258425
NIFTY-II.NFO,07/08/2024,09:38:35,24423.45,24417,25,24420.75,200,0,1258425
NIFTY-II.NFO,07/08/2024,09:38:37,24423.45,24416.35,275,24422.1,275,0,1258425
NIFTY-II.NFO,07/08/2024,09:38:38,24421.85,24417.4,275,24422,50,25,1258425
NIFTY-II.NFO,07/08/2024,09:38:40,24422,24419.95,200,24425,25,50,1258425
NIFTY-II.NFO,07/08/2024,09:38:42,24427.1,24420.3,200,24427.55,250,75,1258425
NIFTY-II.NFO,07/08/2024,09:38:43,24423.45,24421.9,275,24427.3,250,50,1258425
NIFTY-II.NFO,07/08/2024,09:38:45,24423.45,24424.35,75,24429,175,0,1258425
NIFTY-II.NFO,07/08/2024,09:38:47,24429.05,24424.5,200,24429,150,125,1258425
NIFTY-II.NFO,07/08/2024,09:38:48,24429.05,24422.95,50,24427.95,100,225,1258425
NIFTY-II.NFO,07/08/2024,09:38:50,24429.05,24423.35,50,24429,50,0,1258425
NIFTY-II.NFO,07/08/2024,09:38:52,24423.45,24423.8,50,24428.95,100,50,1258425
NIFTY-II.NFO,07/08/2024,09:38:53,24423.45,24424.25,50,24429.05,25,0,1258425
NIFTY-II.NFO,07/08/2024,09:38:55,24424.85,24425.45,275,24429.05,25,25,1258425
NIFTY-II.NFO,07/08/2024,09:38:57,24424.85,24425.5,50,24429.05,25,0,1258425
NIFTY-II.NFO,07/08/2024,09:38:58,24424.85,24425.9,275,24429.05,25,0,1258425
NIFTY-II.NFO,07/08/2024,09:39:00,24429.05,24425.75,350,24430,1250,25,1258425
NIFTY-II.NFO,07/08/2024,09:39:02,24429.05,24426.4,325,24430,1250,0,1258425
NIFTY-II.NFO,07/08/2024,09:39:03,24430,24426.8,125,24429.65,25,25,1258425
NIFTY-II.NFO,07/08/2024,09:39:05,24430,24429.05,100,24429.65,25,0,1258425
NIFTY-II.NFO,07/08/2024,09:39:10,24429.05,24422.5,325,24428.6,50,100,1258425
NIFTY-II.NFO,07/08/2024,09:39:12,24429.05,24428.95,25,24429.65,25,0,1258425
NIFTY-II.NFO,07/08/2024,09:39:13,24429.05,24428.95,25,24429.6,25,0,1258425
NIFTY-II.NFO,07/08/2024,09:39:15,24429.6,24428.95,25,24429.65,25,25,1258425
NIFTY-II.NFO,07/08/2024,09:39:17,24430,24423.2,50,24428.75,50,100,1258425
NIFTY-II.NFO,07/08/2024,09:39:18,24427.95,24423.25,50,24427.95,100,25,1258425
NIFTY-II.NFO,07/08/2024,09:39:20,24427.95,24423.25,200,24428.85,75,25,1258425
NIFTY-II.NFO,07/08/2024,09:39:22,24427.95,24428.85,25,24429,25,0,1258425
NIFTY-II.NFO,07/08/2024,09:39:23,24429,24428.85,25,24430,1200,25,1258425
NIFTY-II.NFO,07/08/2024,09:39:25,24430,24428.85,25,24430,1150,50,1258425
NIFTY-II.NFO,07/08/2024,09:39:27,24430,24428.85,25,24430,1150,0,1258425
NIFTY-II.NFO,07/08/2024,09:39:28,24430,24428.85,25,24430,1400,0,1258425
NIFTY-II.NFO,07/08/2024,09:39:30,24428.85,24422.95,50,24428.5,125,25,1258425
NIFTY-II.NFO,07/08/2024,09:39:32,24428.85,24422.6,200,24428,125,0,1258425
NIFTY-II.NFO,07/08/2024,09:39:33,24428.85,24424.3,200,24429.8,125,0,1258425
NIFTY-II.NFO,07/08/2024,09:39:35,24429.8,24424.1,200,24429.9,125,50,1258425
NIFTY-II.NFO,07/08/2024,09:39:37,24429.8,24425,125,24430,1150,0,1258425
NIFTY-II.NFO,07/08/2024,09:39:38,24424.65,24424.5,275,24430,1150,50,1258425
NIFTY-II.NFO,07/08/2024,09:39:40,24424.65,24428.85,25,24430,1150,0,1258425
NIFTY-II.NFO,07/08/2024,09:39:42,24428.85,24424.2,200,24429.75,50,25,1258425
NIFTY-II.NFO,07/08/2024,09:39:43,24421.5,24421.5,200,24427.2,125,100,1258425
NIFTY-II.NFO,07/08/2024,09:39:45,24422.3,24422.3,200,24426.7,50,50,1258425
NIFTY-II.NFO,07/08/2024,09:39:47,24421.2,24421.2,200,24426.15,50,50,1258425
NIFTY-II.NFO,07/08/2024,09:39:48,24420.3,24420.05,175,24424.5,50,25,1258425
NIFTY-II.NFO,07/08/2024,09:39:50,24420,24418.95,150,24423.55,50,50,1258425
NIFTY-II.NFO,07/08/2024,09:39:52,24418.95,24419.6,100,24423.55,175,50,1258425
NIFTY-II.NFO,07/08/2024,09:39:53,24418.9,24416.8,75,24421,50,50,1258425
NIFTY-II.NFO,07/08/2024,09:39:55,24418.9,24416.55,75,24421.55,125,0,1258425
NIFTY-II.NFO,07/08/2024,09:39:57,24416.55,24415.05,50,24420.35,150,50,1258425
NIFTY-II.NFO,07/08/2024,09:39:58,24415.6,24415.6,100,24420.3,50,25,1258425
NIFTY-II.NFO,07/08/2024,09:40:00,24418.95,24417.15,25,24422.4,75,25,1259725
NIFTY-II.NFO,07/08/2024,09:40:02,24418.95,24417.2,100,24423.2,275,0,1259725
NIFTY-II.NFO,07/08/2024,09:40:04,24417.15,24417.5,125,24422.85,50,500,1259725
NIFTY-II.NFO,07/08/2024,09:40:05,24417.15,24419.65,100,24424.95,125,0,1259725
NIFTY-II.NFO,07/08/2024,09:40:07,24417.15,24419.7,125,24425,50,0,1259725
NIFTY-II.NFO,07/08/2024,09:40:09,24426.9,24422.05,125,24427.55,275,75,1259725
NIFTY-II.NFO,07/08/2024,09:40:10,24422.05,24422,200,24426.7,275,25,1259725
NIFTY-II.NFO,07/08/2024,09:40:12,24422.05,24422.05,100,24427.6,275,50,1259725
NIFTY-II.NFO,07/08/2024,09:40:14,24422.05,24422.05,100,24427.35,275,0,1259725
NIFTY-II.NFO,07/08/2024,09:40:15,24428.1,24423.2,100,24428.65,200,50,1259725
NIFTY-II.NFO,07/08/2024,09:40:17,24424.55,24423.8,25,24428.85,200,25,1259725
NIFTY-II.NFO,07/08/2024,09:40:19,24428.85,24422.9,125,24428.3,275,25,1259725
NIFTY-II.NFO,07/08/2024,09:40:20,24428.85,24423.9,50,24428.95,275,0,1259725
NIFTY-II.NFO,07/08/2024,09:40:22,24428.85,24424.05,50,24428.95,275,0,1259725
NIFTY-II.NFO,07/08/2024,09:40:24,24428.85,24424.25,50,24428.95,275,0,1259725
NIFTY-II.NFO,07/08/2024,09:40:25,24424.5,24423.45,50,24428.75,200,25,1259725
NIFTY-II.NFO,07/08/2024,09:40:27,24424.5,24424.7,50,24429,25,0,1259725
NIFTY-II.NFO,07/08/2024,09:40:29,24424.5,24425.2,125,24429,25,0,1259725
NIFTY-II.NFO,07/08/2024,09:40:30,24430,24427.4,100,24430,1075,175,1259725
NIFTY-II.NFO,07/08/2024,09:40:32,24430,24431.2,100,24433,25,1075,1259725
NIFTY-II.NFO,07/08/2024,09:40:34,24435,24433.1,150,24435,25,275,1259725
NIFTY-II.NFO,07/08/2024,09:40:35,24435,24431.35,150,24433.3,25,0,1259725
NIFTY-II.NFO,07/08/2024,09:40:37,24431.35,24430.4,75,24434.85,275,100,1259725
NIFTY-II.NFO,07/08/2024,09:40:39,24430.4,24430.4,100,24434.85,275,25,1259725
NIFTY-II.NFO,07/08/2024,09:40:40,24427.75,24427.45,25,24430.4,25,50,1259725
NIFTY-II.NFO,07/08/2024,09:40:42,24427.75,24428.05,150,24430.4,25,0,1259725
NIFTY-II.NFO,07/08/2024,09:40:44,24428.05,24427.6,150,24430.4,25,25,1259725
NIFTY-II.NFO,07/08/2024,09:40:45,24428.05,24430,150,24430.4,25,0,1259725
NIFTY-II.NFO,07/08/2024,09:40:47,24430,24430,100,24430.4,25,50,1259725
NIFTY-II.NFO,07/08/2024,09:40:49,24430,24430,50,24430.4,25,50,1259725
NIFTY-II.NFO,07/08/2024,09:40:50,24430,24428.2,100,24430.4,25,50,1259725
NIFTY-II.NFO,07/08/2024,09:40:52,24428.2,24428.85,100,24430.4,25,25,1259725
NIFTY-II.NFO,07/08/2024,09:40:54,24433.4,24430.5,25,24434.95,200,50,1259725
NIFTY-II.NFO,07/08/2024,09:40:55,24428.85,24429.8,100,24432.95,275,25,1259725
NIFTY-II.NFO,07/08/2024,09:40:57,24429.8,24429.55,150,24433.2,275,25,1259725
NIFTY-II.NFO,07/08/2024,09:40:59,24434.15,24431.15,150,24434.45,275,25,1259725
NIFTY-II.NFO,07/08/2024,09:41:00,24434.15,24429.95,25,24434.95,275,0,1259725
NIFTY-II.NFO,07/08/2024,09:41:02,24430,24429.9,125,24433.85,275,100,1259725
NIFTY-II.NFO,07/08/2024,09:41:04,24430,24429.8,25,24429.9,25,0,1259725
NIFTY-II.NFO,07/08/2024,09:41:05,24429.15,24429.15,75,24430.75,250,75,1259725
NIFTY-II.NFO,07/08/2024,09:41:07,24430,24426.55,100,24430.3,200,25,1259725
NIFTY-II.NFO,07/08/2024,09:41:09,24427.8,24427.75,125,24430.25,200,25,1259725
NIFTY-II.NFO,07/08/2024,09:41:10,24426.9,24425.5,100,24428.6,200,50,1259725
NIFTY-II.NFO,07/08/2024,09:41:12,24425.5,24425.5,100,24428.85,200,50,1259725
NIFTY-II.NFO,07/08/2024,09:41:13,24425.5,24425.5,125,24428.2,200,0,1259725
NIFTY-II.NFO,07/08/2024,09:41:15,24424.95,24424.85,125,24425.45,200,125,1259725
NIFTY-II.NFO,07/08/2024,09:41:17,24422,24423.55,125,24425.5,200,100,1259725
NIFTY-II.NFO,07/08/2024,09:41:18,24422,24422,125,24424.45,200,50,1259725
NIFTY-II.NFO,07/08/2024,09:41:20,24422,24422,100,24423.65,200,175,1259725
NIFTY-II.NFO,07/08/2024,09:41:22,24422,24422.25,150,24425.45,200,50,1259725
NIFTY-II.NFO,07/08/2024,09:41:23,24422.15,24422,50,24425.45,50,75,1259725
NIFTY-II.NFO,07/08/2024,09:41:25,24422.15,24422.15,175,24426.25,50,0,1259725
NIFTY-II.NFO,07/08/2024,09:41:27,24422.15,24422.15,250,24427.1,50,0,1259725
NIFTY-II.NFO,07/08/2024,09:41:28,24422,24422,75,24423.35,200,75,1259725
NIFTY-II.NFO,07/08/2024,09:41:30,24422,24422,200,24423.7,50,50,1259725
NIFTY-II.NFO,07/08/2024,09:41:32,24422,24421.1,150,24423.25,50,50,1259725
NIFTY-II.NFO,07/08/2024,09:41:33,24422,24421.15,150,24421.4,50,0,1259725
NIFTY-II.NFO,07/08/2024,09:41:35,24421.1,24420.75,150,24422,25,75,1259725
NIFTY-II.NFO,07/08/2024,09:41:37,24420.25,24420.2,175,24422,25,75,1259725
NIFTY-II.NFO,07/08/2024,09:41:38,24420.2,24420,50,24422,25,25,1259725
NIFTY-II.NFO,07/08/2024,09:41:40,24420.2,24420.15,375,24422,25,0,1259725
NIFTY-II.NFO,07/08/2024,09:41:43,24425,24422.8,150,24427.95,125,125,1259725
NIFTY-II.NFO,07/08/2024,09:41:45,24425,24422.5,150,24427.2,50,0,1259725
NIFTY-II.NFO,07/08/2024,09:41:47,24422.5,24422.5,125,24426.4,50,25,1259725
NIFTY-II.NFO,07/08/2024,09:41:48,24422.5,24423.3,100,24425.7,50,550,1259725
NIFTY-II.NFO,07/08/2024,09:41:50,24422.6,24422.45,100,24425.5,125,50,1259725
NIFTY-II.NFO,07/08/2024,09:41:52,24421,24422.4,150,24425.45,50,50,1259725
NIFTY-II.NFO,07/08/2024,09:41:53,24421,24425.1,150,24427.05,50,0,1259725
NIFTY-II.NFO,07/08/2024,09:41:55,24421,24423.35,150,24426.15,125,0,1259725
NIFTY-II.NFO,07/08/2024,09:41:57,24421,24423.4,150,24426.55,50,0,1259725
NIFTY-II.NFO,07/08/2024,09:41:58,24421,24423.5,150,24425.25,50,0,1259725
NIFTY-II.NFO,07/08/2024,09:42:00,24422.8,24422.8,125,24425,25,25,1259725
NIFTY-II.NFO,07/08/2024,09:42:02,24425,24422.8,150,24427.45,50,25,1259725
NIFTY-II.NFO,07/08/2024,09:42:03,24425,24422.8,150,24427.7,200,0,1259725
NIFTY-II.NFO,07/08/2024,09:42:05,24427.95,24422.95,50,24427.85,275,100,1259725
NIFTY-II.NFO,07/08/2024,09:42:07,24427.95,24422.8,125,24426.4,275,0,1259725
NIFTY-II.NFO,07/08/2024,09:42:08,24427.95,24422.8,150,24424.8,200,0,1259725
NIFTY-II.NFO,07/08/2024,09:42:10,24427.95,24422.8,150,24424.7,200,0,1259725
NIFTY-II.NFO,07/08/2024,09:42:12,24427.95,24422.8,150,24424.85,200,0,1259725
NIFTY-II.NFO,07/08/2024,09:42:14,24427.95,24421.15,150,24423.75,200,0,1259725
NIFTY-II.NFO,07/08/2024,09:42:15,24421.25,24421,600,24423.4,200,25,1259725
NIFTY-II.NFO,07/08/2024,09:42:17,24421.25,24421.25,150,24425,225,0,1259725
NIFTY-II.NFO,07/08/2024,09:42:19,24426.25,24421.35,50,24426.5,200,25,1259725
NIFTY-II.NFO,07/08/2024,09:42:20,24426.25,24421.25,175,24424.45,200,0,1259725
NIFTY-II.NFO,07/08/2024,09:42:22,24426.25,24421.25,175,24424.95,200,0,1259725
NIFTY-II.NFO,07/08/2024,09:42:23,24424.25,24421.25,175,24422.7,200,25,1259725
NIFTY-II.NFO,07/08/2024,09:42:25,24425.8,24421.25,175,24425.25,200,25,1259725
NIFTY-II.NFO,07/08/2024,09:42:27,24425.8,24421.25,175,24423.85,200,0,1259725
NIFTY-II.NFO,07/08/2024,09:42:28,24425.8,24421.25,175,24424.75,200,0,1259725
NIFTY-II.NFO,07/08/2024,09:42:30,24425.8,24421.25,25,24422.5,25,0,1259725
NIFTY-II.NFO,07/08/2024,09:42:32,24420,24418.45,150,24420.45,325,700,1259725
NIFTY-II.NFO,07/08/2024,09:42:33,24420,24419.35,150,24421.7,200,0,1259725
NIFTY-II.NFO,07/08/2024,09:42:35,24421.3,24419.25,150,24421.4,100,500,1259725
NIFTY-II.NFO,07/08/2024,09:42:37,24419.2,24415,125,24415.7,100,50,1259725
NIFTY-II.NFO,07/08/2024,09:42:38,24419.2,24415.25,150,24416.9,100,0,1259725
NIFTY-II.NFO,07/08/2024,09:42:40,24414,24414.1,150,24415.95,100,150,1259725
NIFTY-II.NFO,07/08/2024,09:42:41,24414,24413.7,150,24416.35,100,0,1259725
NIFTY-II.NFO,07/08/2024,09:42:43,24414,24415.9,150,24417.3,100,0,1259725
NIFTY-II.NFO,07/08/2024,09:42:45,24414,24413.95,150,24415.6,200,0,1259725
NIFTY-II.NFO,07/08/2024,09:42:46,24414,24414,150,24415.15,100,0,1259725
NIFTY-II.NFO,07/08/2024,09:42:48,24413.5,24413.65,150,24415.5,50,100,1259725
NIFTY-II.NFO,07/08/2024,09:42:50,24413.5,24413.65,150,24414,25,0,1259725
NIFTY-II.NFO,07/08/2024,09:42:51,24413.65,24411,150,24412.95,200,100,1259725
NIFTY-II.NFO,07/08/2024,09:42:53,24413.65,24408.25,150,24409.55,125,0,1259725
NIFTY-II.NFO,07/08/2024,09:42:55,24413.65,24409.1,150,24410.8,200,0,1259725
NIFTY-II.NFO,07/08/2024,09:42:56,24410.15,24410.1,150,24412.7,200,25,1259725
NIFTY-II.NFO,07/08/2024,09:42:58,24410.15,24410.1,150,24414,25,0,1259725
NIFTY-II.NFO,07/08/2024,09:42:59,24410.15,24410.1,150,24413.6,200,0,1259725
NIFTY-II.NFO,07/08/2024,09:43:01,24410.15,24410.1,150,24410.15,25,0,1259725
NIFTY-II.NFO,07/08/2024,09:43:06,24410.15,24408.45,150,24410.15,25,0,1259725
NIFTY-II.NFO,07/08/2024,09:43:08,24410.15,24410.15,25,24411.65,200,225,1261000
NIFTY-II.NFO,07/08/2024,09:43:09,24410.15,24410.15,25,24413.85,200,0,1261000
NIFTY-II.NFO,07/08/2024,09:43:11,24410.15,24411.75,150,24414,25,0,1261000
NIFTY-II.NFO,07/08/2024,09:43:12,24410.15,24412.9,150,24414,25,0,1261000
NIFTY-II.NFO,07/08/2024,09:43:14,24413.6,24412.7,125,24414,25,25,1261000
NIFTY-II.NFO,07/08/2024,09:43:16,24414,24413.5,150,24415,25,25,1261000
NIFTY-II.NFO,07/08/2024,09:43:17,24410.15,24411.45,150,24413.4,50,25,1261000
NIFTY-II.NFO,07/08/2024,09:43:19,24411.5,24411.5,100,24415,25,50,1261000
NIFTY-II.NFO,07/08/2024,09:43:21,24411.5,24411.55,200,24415,25,0,1261000
NIFTY-II.NFO,07/08/2024,09:43:22,24411.5,24411.55,275,24415,25,0,1261000
NIFTY-II.NFO,07/08/2024,09:43:24,24411.5,24411.95,200,24415,25,0,1261000
NIFTY-II.NFO,07/08/2024,09:43:26,24411.5,24412.55,275,24415,50,0,1261000
NIFTY-II.NFO,07/08/2024,09:43:27,24415,24412.15,275,24415,25,25,1261000
NIFTY-II.NFO,07/08/2024,09:43:29,24415,24411.65,275,24415,25,0,1261000
NIFTY-II.NFO,07/08/2024,09:43:31,24415,24411.15,200,24415,25,0,1261000
NIFTY-II.NFO,07/08/2024,09:43:32,24415,24413.7,275,24415,25,0,1261000
NIFTY-II.NFO,07/08/2024,09:43:34,24412.5,24413.5,200,24415,25,25,1261000
NIFTY-II.NFO,07/08/2024,09:43:36,24415,24415.55,200,24420,275,25,1261000
NIFTY-II.NFO,07/08/2024,09:43:37,24415,24416.35,275,24420,275,0,1261000
NIFTY-II.NFO,07/08/2024,09:43:39,24415,24418.25,275,24420,325,0,1261000
NIFTY-II.NFO,07/08/2024,09:43:41,24415,24415.95,200,24420,325,0,1261000
NIFTY-II.NFO,07/08/2024,09:43:42,24415,24415.6,200,24420,325,0,1261000
NIFTY-II.NFO,07/08/2024,09:43:44,24415,24411.55,275,24417.75,100,0,1261000
NIFTY-II.NFO,07/08/2024,09:43:46,24415,24410.9,150,24414.35,100,75,1261000
NIFTY-II.NFO,07/08/2024,09:43:47,24415,24410.55,150,24413.1,50,0,1261000
NIFTY-II.NFO,07/08/2024,09:43:49,24410,24404.5,200,24410.4,50,425,1261000
NIFTY-II.NFO,07/08/2024,09:43:51,24410,24402.75,200,24407.85,125,0,1261000
NIFTY-II.NFO,07/08/2024,09:43:52,24410,24406.65,150,24407.8,25,0,1261000
NIFTY-II.NFO,07/08/2024,09:43:54,24407.8,24406.7,25,24410.5,50,25,1261000
NIFTY-II.NFO,07/08/2024,09:43:56,24406.75,24406.4,25,24406.75,25,25,1261000
NIFTY-II.NFO,07/08/2024,09:43:57,24406.2,24405.7,25,24407.2,50,50,1261000
NIFTY-II.NFO,07/08/2024,09:43:59,24406.2,24404.95,25,24407.4,50,0,1261000
NIFTY-II.NFO,07/08/2024,09:44:01,24406.2,24406.1,25,24408.65,50,0,1261000
NIFTY-II.NFO,07/08/2024,09:44:02,24406.2,24406.1,25,24410.4,50,0,1261000
NIFTY-II.NFO,07/08/2024,09:44:04,24406.2,24406.1,25,24409.95,50,0,1261000
NIFTY-II.NFO,07/08/2024,09:44:06,24406.2,24405.6,25,24408.85,50,0,1261000
NIFTY-II.NFO,07/08/2024,09:44:07,24406,24405.2,25,24406,25,75,1261000
NIFTY-II.NFO,07/08/2024,09:44:09,24409.95,24405.9,100,24410,50,50,1261000
NIFTY-II.NFO,07/08/2024,09:44:11,24409.95,24406.15,200,24409.25,50,0,1261000
NIFTY-II.NFO,07/08/2024,09:44:12,24406.35,24406.2,275,24409.25,50,25,1261000
NIFTY-II.NFO,07/08/2024,09:44:14,24407.35,24407.35,200,24409.25,25,150,1261000
NIFTY-II.NFO,07/08/2024,09:44:16,24414.5,24408.15,275,24413.25,125,100,1261000
NIFTY-II.NFO,07/08/2024,09:44:17,24414.5,24409.2,200,24413.8,125,0,1261000
NIFTY-II.NFO,07/08/2024,09:44:19,24409.5,24407.5,200,24413.2,50,25,1261000
NIFTY-II.NFO,07/08/2024,09:44:21,24412.9,24409.25,200,24414.2,150,50,1261000
NIFTY-II.NFO,07/08/2024,09:44:22,24413.6,24411.65,150,24413.6,125,25,1261000
NIFTY-II.NFO,07/08/2024,09:44:24,24413.6,24411.7,150,24413.05,50,0,1261000
NIFTY-II.NFO,07/08/2024,09:44:26,24413.6,24412.9,25,24413,25,0,1261000
NIFTY-II.NFO,07/08/2024,09:44:27,24410.95,24410.2,150,24412.5,125,125,1261000
NIFTY-II.NFO,07/08/2024,09:44:29,24410.95,24409.3,150,24410,125,0,1261000
NIFTY-II.NFO,07/08/2024,09:44:31,24410.95,24407.15,150,24408,50,0,1261000
NIFTY-II.NFO,07/08/2024,09:44:32,24410.95,24407.2,150,24407.6,75,0,1261000
NIFTY-II.NFO,07/08/2024,09:44:34,24407.35,24406.9,150,24407.9,175,25,1261000
NIFTY-II.NFO,07/08/2024,09:44:36,24407.95,24407.25,150,24410.2,25,25,1261000
NIFTY-II.NFO,07/08/2024,09:44:37,24407.95,24406.2,150,24408.05,75,0,1261000
NIFTY-II.NFO,07/08/2024,09:44:39,24407.95,24406.95,150,24408.2,50,0,1261000
NIFTY-II.NFO,07/08/2024,09:44:41,24401.6,24401.05,75,24406.1,125,1800,1261000
NIFTY-II.NFO,07/08/2024,09:44:42,24407.75,24407,150,24407.75,25,25,1261000
NIFTY-II.NFO,07/08/2024,09:44:44,24407.75,24406.9,150,24407.6,50,0,1261000
NIFTY-II.NFO,07/08/2024,09:44:46,24407.75,24406.1,25,24407.2,50,0,1261000
NIFTY-II.NFO,07/08/2024,09:44:47,24407,24406.9,150,24408.95,200,100,1261000
NIFTY-II.NFO,07/08/2024,09:44:49,24407,24406.9,150,24409.85,200,0,1261000
NIFTY-II.NFO,07/08/2024,09:44:51,24407,24407.4,50,24410,25,0,1261000
NIFTY-II.NFO,07/08/2024,09:44:52,24407,24408.1,50,24410,25,0,1261000
NIFTY-II.NFO,07/08/2024,09:44:54,24407,24407.05,75,24410,25,0,1261000
NIFTY-II.NFO,07/08/2024,09:44:56,24407,24406.9,150,24410,25,0,1261000
NIFTY-II.NFO,07/08/2024,09:44:57,24406.9,24406.85,150,24407,50,25,1261000
NIFTY-II.NFO,07/08/2024,09:44:59,24406.9,24406.1,25,24406.25,50,0,1261000
NIFTY-II.NFO,07/08/2024,09:45:01,24407,24407,50,24410,25,50,1261000
NIFTY-II.NFO,07/08/2024,09:45:02,24407,24406.85,150,24410,25,0,1261000
NIFTY-II.NFO,07/08/2024,09:45:04,24411,24408.1,50,24411,100,75,1261000
NIFTY-II.NFO,07/08/2024,09:45:06,24411,24409.2,75,24413.65,75,100,1261000
NIFTY-II.NFO,07/08/2024,09:45:07,24407.85,24410.5,50,24416.7,200,150,1261000
NIFTY-II.NFO,07/08/2024,09:45:09,24407.85,24409.65,50,24415.3,75,0,1261000
NIFTY-II.NFO,07/08/2024,09:45:11,24412.4,24415.75,150,24418.05,250,25,1261000
NIFTY-II.NFO,07/08/2024,09:45:12,24415.25,24415.25,125,24417.95,200,75,1261000
NIFTY-II.NFO,07/08/2024,09:45:14,24414.3,24414.3,50,24416.95,200,25,1261000
NIFTY-II.NFO,07/08/2024,09:45:16,24414.3,24414.3,150,24416.95,200,0,1261000
NIFTY-II.NFO,07/08/2024,09:45:17,24414.3,24414.3,125,24416.95,200,25,1261000
NIFTY-II.NFO,07/08/2024,09:45:19,24414.3,24414.3,125,24416.95,275,0,1261000
NIFTY-II.NFO,07/08/2024,09:45:21,24414.3,24414.3,150,24415.5,200,0,1261000
NIFTY-II.NFO,07/08/2024,09:45:22,24414.3,24414.3,150,24416.15,200,0,1261000
NIFTY-II.NFO,07/08/2024,09:45:24,24414.3,24414.3,150,24417,150,0,1261000
NIFTY-II.NFO,07/08/2024,09:45:26,24414.3,24414.3,150,24416.95,200,0,1261000
NIFTY-II.NFO,07/08/2024,09:45:29,24414.3,24414.3,150,24417,150,0,1261000
NIFTY-II.NFO,07/08/2024,09:45:32,24418,24416.2,50,24420,150,175,1261000
NIFTY-II.NFO,07/08/2024,09:45:34,24418,24416.75,50,24420,150,0,1261000
NIFTY-II.NFO,07/08/2024,09:45:36,24418,24415.8,50,24420,150,0,1261000
NIFTY-II.NFO,07/08/2024,09:45:37,24422.95,24421.45,50,24425,25,325,1261000
NIFTY-II.NFO,07/08/2024,09:45:39,24421.95,24421.9,50,24426,25,175,1261000
NIFTY-II.NFO,07/08/2024,09:45:41,24419.95,24418.9,50,24424.5,125,25,1261000
NIFTY-II.NFO,07/08/2024,09:45:42,24419.95,24418.9,50,24425.95,125,0,1261000
NIFTY-II.NFO,07/08/2024,09:45:44,24418.85,24418.4,50,24425.1,125,200,1261000
NIFTY-II.NFO,07/08/2024,09:45:46,24424,24418.65,50,24424.95,25,50,1261000
NIFTY-II.NFO,07/08/2024,09:45:47,24420.7,24420.7,125,24424.95,25,25,1261000
NIFTY-II.NFO,07/08/2024,09:45:49,24420.8,24420.6,50,24424.95,25,50,1261000
NIFTY-II.NFO,07/08/2024,09:45:51,24420.8,24418.75,50,24424.45,200,0,1261000
NIFTY-II.NFO,07/08/2024,09:45:52,24424.9,24420.8,25,24424.95,225,25,1261000
NIFTY-II.NFO,07/08/2024,09:45:54,24424.95,24420.85,50,24425,250,25,1261000
NIFTY-II.NFO,07/08/2024,09:45:56,24419.8,24419.05,25,24424.1,200,100,1261000
NIFTY-II.NFO,07/08/2024,09:45:57,24419.8,24420.2,50,24425,250,0,1261000
NIFTY-II.NFO,07/08/2024,09:45:59,24419.8,24419.3,25,24424.9,200,0,1261000
NIFTY-II.NFO,07/08/2024,09:46:01,24419.8,24419.3,50,24424.55,275,0,1261000
NIFTY-II.NFO,07/08/2024,09:46:02,24419.8,24417.95,50,24423.25,275,0,1261000
NIFTY-II.NFO,07/08/2024,09:46:04,24419.8,24418.35,50,24424.7,275,0,1261000
NIFTY-II.NFO,07/08/2024,09:46:06,24419.8,24418.35,50,24423.4,275,0,1261000
NIFTY-II.NFO,07/08/2024,09:46:07,24419.8,24415.4,50,24420.7,275,0,1261000
NIFTY-II.NFO,07/08/2024,09:46:09,24419.8,24415.65,50,24421.65,275,0,1261000
NIFTY-II.NFO,07/08/2024,09:46:11,24419.8,24416.5,50,24421.65,200,0,1261000
NIFTY-II.NFO,07/08/2024,09:46:12,24419.8,24415.95,50,24421.85,275,0,1261000
NIFTY-II.NFO,07/08/2024,09:46:14,24419.8,24414.3,50,24419.35,275,0,1261000
NIFTY-II.NFO,07/08/2024,09:46:16,24419.8,24414.3,150,24418.3,75,0,1261000
NIFTY-II.NFO,07/08/2024,09:46:17,24419.8,24419.1,150,24419.25,200,0,1261000
NIFTY-II.NFO,07/08/2024,09:46:19,24418.85,24413.65,50,24416.85,275,175,1261325
NIFTY-II.NFO,07/08/2024,09:46:21,24418.85,24415,50,24416.25,200,0,1261325
NIFTY-II.NFO,07/08/2024,09:46:22,24415,24414.65,150,24414.9,200,200,1261325
NIFTY-II.NFO,07/08/2024,09:46:24,24410,24411.25,150,24414.85,200,25,1261325
NIFTY-II.NFO,07/08/2024,09:46:26,24410,24414.7,150,24416.45,200,0,1261325
NIFTY-II.NFO,07/08/2024,09:46:27,24416.45,24415.2,150,24418.3,200,50,1261325
NIFTY-II.NFO,07/08/2024,09:46:29,24416.45,24413.9,150,24416.2,200,0,1261325
NIFTY-II.NFO,07/08/2024,09:46:31,24415.9,24415.15,150,24415.9,200,50,1261325
NIFTY-II.NFO,07/08/2024,09:46:32,24415.15,24412,25,24414.8,200,150,1261325
NIFTY-II.NFO,07/08/2024,09:46:34,24415.15,24412,25,24413.9,200,0,1261325
NIFTY-II.NFO,07/08/2024,09:46:36,24412,24407,25,24411.45,275,75,1261325
NIFTY-II.NFO,07/08/2024,09:46:37,24411.8,24407,25,24409.55,150,75,1261325
NIFTY-II.NFO,07/08/2024,09:46:39,24411.8,24407,25,24409.75,150,0,1261325
NIFTY-II.NFO,07/08/2024,09:46:41,24411.8,24407,25,24410.65,225,0,1261325
NIFTY-II.NFO,07/08/2024,09:46:42,24411.8,24407,25,24410.7,225,0,1261325
NIFTY-II.NFO,07/08/2024,09:46:44,24407,24405.2,200,24410.5,50,25,1261325
NIFTY-II.NFO,07/08/2024,09:46:46,24403.3,24403.3,200,24408.1,50,25,1261325
NIFTY-II.NFO,07/08/2024,09:46:47,24403.3,24403.25,200,24407.65,50,25,1261325
NIFTY-II.NFO,07/08/2024,09:46:49,24403.3,24402.6,200,24407.05,50,0,1261325
NIFTY-II.NFO,07/08/2024,09:46:51,24402.55,24403.3,25,24406.5,125,50,1261325
NIFTY-II.NFO,07/08/2024,09:46:52,24402.55,24403.6,75,24407.3,50,0,1261325
NIFTY-II.NFO,07/08/2024,09:46:54,24403.35,24403.35,125,24407.5,50,25,1261325
NIFTY-II.NFO,07/08/2024,09:46:56,24403.35,24403.3,25,24406.8,50,0,1261325
NIFTY-II.NFO,07/08/2024,09:46:59,24403.3,24403.35,500,24407.4,275,25,1261325
NIFTY-II.NFO,07/08/2024,09:47:01,24403.3,24403.35,525,24407.3,50,0,1261325
NIFTY-II.NFO,07/08/2024,09:47:02,24403.4,24403.4,100,24408.25,200,25,1261325
NIFTY-II.NFO,07/08/2024,09:47:04,24406,24406,75,24411.15,200,25,1261325
NIFTY-II.NFO,07/08/2024,09:47:06,24406.75,24407.75,150,24411.8,25,25,1261325
NIFTY-II.NFO,07/08/2024,09:47:07,24406.75,24407.35,75,24411.8,25,0,1261325
NIFTY-II.NFO,07/08/2024,09:47:09,24406.75,24408,150,24411.8,25,0,1261325
NIFTY-II.NFO,07/08/2024,09:47:11,24406.75,24407.3,150,24411.45,200,0,1261325
NIFTY-II.NFO,07/08/2024,09:47:12,24406.75,24407.15,150,24411.75,200,0,1261325
NIFTY-II.NFO,07/08/2024,09:47:14,24406.75,24408.1,150,24411.8,25,0,1261325
NIFTY-II.NFO,07/08/2024,09:47:16,24407.75,24408.75,50,24411.8,25,250,1261325
NIFTY-II.NFO,07/08/2024,09:47:17,24407.75,24409.6,25,24411.8,25,0,1261325
NIFTY-II.NFO,07/08/2024,09:47:19,24407.75,24409.7,25,24411.8,25,0,1261325
NIFTY-II.NFO,07/08/2024,09:47:21,24407.85,24409.15,50,24411.8,25,100,1261325
NIFTY-II.NFO,07/08/2024,09:47:22,24413.85,24410.4,50,24416.05,200,75,1261325
NIFTY-II.NFO,07/08/2024,09:47:24,24413.85,24412.05,25,24415.95,275,0,1261325
NIFTY-II.NFO,07/08/2024,09:47:26,24413.85,24412.05,25,24416.75,275,0,1261325
NIFTY-II.NFO,07/08/2024,09:47:27,24413.85,24414.05,25,24418.75,200,0,1261325
NIFTY-II.NFO,07/08/2024,09:47:29,24413.85,24415.05,25,24419.2,200,0,1261325
NIFTY-II.NFO,07/08/2024,09:47:31,24413.85,24415.05,25,24418.7,275,0,1261325
NIFTY-II.NFO,07/08/2024,09:47:32,24413.85,24412.65,75,24417.45,275,0,1261325
NIFTY-II.NFO,07/08/2024,09:47:34,24413.85,24412.1,50,24416.95,275,0,1261325
NIFTY-II.NFO,07/08/2024,09:47:36,24413.85,24412.1,50,24416.95,200,0,1261325
NIFTY-II.NFO,07/08/2024,09:47:37,24416.7,24411.65,50,24416.7,275,25,1261325
NIFTY-II.NFO,07/08/2024,09:47:39,24413.85,24415,475,24418.65,275,25,1261325
NIFTY-II.NFO,07/08/2024,09:47:41,24413.85,24415.05,25,24418.95,275,0,1261325
NIFTY-II.NFO,07/08/2024,09:47:42,24413.85,24415,475,24418.2,200,0,1261325
NIFTY-II.NFO,07/08/2024,09:47:44,24413.85,24415,475,24418.95,275,0,1261325
NIFTY-II.NFO,07/08/2024,09:47:46,24413.85,24415,475,24418.2,200,0,1261325
NIFTY-II.NFO,07/08/2024,09:47:47,24413.85,24415.05,25,24418.45,275,0,1261325
NIFTY-II.NFO,07/08/2024,09:47:49,24413.85,24415,475,24418.2,275,0,1261325
NIFTY-II.NFO,07/08/2024,09:47:51,24415,24415,450,24416.35,275,25,1261325
NIFTY-II.NFO,07/08/2024,09:47:52,24415,24410,25,24412.7,125,450,1261325
NIFTY-II.NFO,07/08/2024,09:47:54,24415,24410,25,24411.7,50,0,1261325
NIFTY-II.NFO,07/08/2024,09:47:56,24415,24410,25,24411.45,125,0,1261325
NIFTY-II.NFO,07/08/2024,09:47:57,24410,24405,75,24407.7,50,25,1261325
NIFTY-II.NFO,07/08/2024,09:47:59,24407.85,24405,75,24407.75,150,25,1261325
NIFTY-II.NFO,07/08/2024,09:48:01,24407.85,24405,75,24407.95,25,0,1261325
NIFTY-II.NFO,07/08/2024,09:48:02,24407.85,24405.05,25,24408.7,25,0,1261325
NIFTY-II.NFO,07/08/2024,09:48:04,24407.85,24405,75,24408.7,25,0,1261325
NIFTY-II.NFO,07/08/2024,09:48:06,24407.85,24405,75,24406.1,25,0,1261325
NIFTY-II.NFO,07/08/2024,09:48:07,24405,24403.35,25,24405,25,75,1261325
NIFTY-II.NFO,07/08/2024,09:48:09,24407.25,24403.4,200,24407.85,50,275,1261325
NIFTY-II.NFO,07/08/2024,09:48:11,24407.25,24403.4,200,24407,125,0,1261325
NIFTY-II.NFO,07/08/2024,09:48:12,24407.25,24403.4,200,24407.7,125,0,1261325
NIFTY-II.NFO,07/08/2024,09:48:14,24407.25,24403.4,200,24408.15,100,0,1261325
NIFTY-II.NFO,07/08/2024,09:48:16,24407.25,24403.4,200,24407.75,500,0,1261325
NIFTY-II.NFO,07/08/2024,09:48:17,24407.25,24404.1,200,24408.5,550,0,1261325
NIFTY-II.NFO,07/08/2024,09:48:19,24407.25,24403.35,25,24407.75,100,25,1261325
NIFTY-II.NFO,07/08/2024,09:48:21,24403,24402.1,200,24406.95,75,50,1261325
NIFTY-II.NFO,07/08/2024,09:48:23,24403,24401.65,200,24406.55,125,0,1261325
NIFTY-II.NFO,07/08/2024,09:48:24,24403,24401.4,200,24406.25,125,0,1261325
NIFTY-II.NFO,07/08/2024,09:48:26,24406.1,24402.05,25,24406.05,125,50,1261325
NIFTY-II.NFO,07/08/2024,09:48:28,24405.9,24401.05,225,24406.1,100,25,1261325
NIFTY-II.NFO,07/08/2024,09:48:29,24405.9,24401,175,24402.3,100,0,1261325
NIFTY-II.NFO,07/08/2024,09:48:31,24405.9,24401,175,24404,25,0,1261325
NIFTY-II.NFO,07/08/2024,09:48:33,24405.9,24401.05,25,24405.4,100,0,1261325
NIFTY-II.NFO,07/08/2024,09:48:34,24405.9,24403.2,200,24405.7,25,0,1261325
NIFTY-II.NFO,07/08/2024,09:48:36,24405.9,24401.5,200,24405.7,25,0,1261325
NIFTY-II.NFO,07/08/2024,09:48:39,24403.05,24402.1,200,24407.05,50,100,1261325
NIFTY-II.NFO,07/08/2024,09:48:41,24401.05,24401.05,200,24406.05,75,50,1261325
NIFTY-II.NFO,07/08/2024,09:48:43,24401.05,24401.2,200,24406.35,100,0,1261325
NIFTY-II.NFO,07/08/2024,09:48:44,24401.05,24401,175,24404.7,175,0,1261325
NIFTY-II.NFO,07/08/2024,09:48:46,24405.55,24402.05,25,24406.5,400,250,1261325
NIFTY-II.NFO,07/08/2024,09:48:48,24405.55,24401.5,50,24406.5,400,0,1261325
NIFTY-II.NFO,07/08/2024,09:48:49,24405.55,24401.65,50,24406.5,400,0,1261325
NIFTY-II.NFO,07/08/2024,09:48:51,24405.55,24404.15,50,24409.95,125,0,1261325
NIFTY-II.NFO,07/08/2024,09:48:53,24405.55,24403.25,50,24405.55,25,0,1261325
NIFTY-II.NFO,07/08/2024,09:48:54,24405.55,24403.95,50,24405.55,25,0,1261325
NIFTY-II.NFO,07/08/2024,09:48:56,24405.55,24404.2,50,24405.55,25,0,1261325
NIFTY-II.NFO,07/08/2024,09:48:58,24405.05,24403.5,50,24408,350,50,1261325
NIFTY-II.NFO,07/08/2024,09:48:59,24405.05,24401.05,25,24405.75,350,0,1261325
NIFTY-II.NFO,07/08/2024,09:49:01,24405.05,24402.2,50,24405.55,25,0,1261325
NIFTY-II.NFO,07/08/2024,09:49:03,24405.05,24401.9,50,24405.55,25,0,1261325
NIFTY-II.NFO,07/08/2024,09:49:04,24405.05,24401.65,50,24405.55,25,0,1261325
NIFTY-II.NFO,07/08/2024,09:49:06,24405.05,24401.5,200,24405.55,25,0,1261325
NIFTY-II.NFO,07/08/2024,09:49:08,24405.05,24402.4,200,24405.55,25,0,1261325
NIFTY-II.NFO,07/08/2024,09:49:09,24402.75,24402.5,200,24405.55,25,25,1261350
NIFTY-II.NFO,07/08/2024,09:49:11,24405.55,24403.7,50,24408,275,25,1261350
NIFTY-II.NFO,07/08/2024,09:49:13,24403.7,24401.05,25,24405.5,275,25,1261350
NIFTY-II.NFO,07/08/2024,09:49:14,24401,24400.25,50,24402.85,75,200,1261350
NIFTY-II.NFO,07/08/2024,09:49:16,24401,24400.25,50,24401.05,150,0,1261350
NIFTY-II.NFO,07/08/2024,09:49:18,24392.2,24392.6,50,24397.75,475,1250,1261350
NIFTY-II.NFO,07/08/2024,09:49:19,24400,24395.1,50,24400,475,25,1261350
NIFTY-II.NFO,07/08/2024,09:49:21,24400,24394.05,25,24399.05,125,0,1261350
NIFTY-II.NFO,07/08/2024,09:49:23,24400,24392.75,200,24398.45,125,0,1261350
NIFTY-II.NFO,07/08/2024,09:49:26,24398,24394.05,25,24398.5,450,100,1261350
NIFTY-II.NFO,07/08/2024,09:49:28,24398,24392.65,50,24398.25,450,0,1261350
NIFTY-II.NFO,07/08/2024,09:49:29,24398,24392,250,24397,450,0,1261350
NIFTY-II.NFO,07/08/2024,09:49:31,24398,24392.2,50,24397.5,75,0,1261350
NIFTY-II.NFO,07/08/2024,09:49:33,24392.45,24392,225,24396.05,25,50,1261350
NIFTY-II.NFO,07/08/2024,09:49:34,24392.45,24393.1,200,24398.45,25,0,1261350
NIFTY-II.NFO,07/08/2024,09:49:36,24398.45,24393.5,150,24398.45,200,325,1261350
NIFTY-II.NFO,07/08/2024,09:49:38,24393,24393.4,125,24398.45,200,25,1261350
NIFTY-II.NFO,07/08/2024,09:49:39,24393,24392.5,125,24397.45,275,0,1261350
NIFTY-II.NFO,07/08/2024,09:49:41,24393,24393,50,24395.45,275,0,1261350
NIFTY-II.NFO,07/08/2024,09:49:43,24393,24393,50,24396.2,275,0,1261350
NIFTY-II.NFO,07/08/2024,09:49:44,24392.45,24392,225,24396.1,275,75,1261350
NIFTY-II.NFO,07/08/2024,09:49:46,24392.45,24392.05,25,24397,650,0,1261350
NIFTY-II.NFO,07/08/2024,09:49:48,24392.45,24393.1,125,24397.45,200,25,1261350
NIFTY-II.NFO,07/08/2024,09:49:49,24392.45,24392.05,125,24397.2,275,0,1261350
NIFTY-II.NFO,07/08/2024,09:49:51,24392.45,24392,225,24395.95,275,0,1261350
NIFTY-II.NFO,07/08/2024,09:49:54,24395.95,24392,225,24396.5,625,25,1261350
NIFTY-II.NFO,07/08/2024,09:49:56,24395.45,24392,225,24395.45,200,25,1261350
NIFTY-II.NFO,07/08/2024,09:49:58,24392,24392,200,24393.3,50,25,1261350
NIFTY-II.NFO,07/08/2024,09:49:59,24385,24385,25,24387.45,200,450,1261350
NIFTY-II.NFO,07/08/2024,09:49:59,24385,24385,25,24387.45,200,0,1261350
NIFTY-II.NFO,07/08/2024,09:50:01,24388,24385.4,250,24388,750,50,1261350
NIFTY-II.NFO,07/08/2024,09:50:03,24388,24389.1,175,24394.05,200,750,1261350
NIFTY-II.NFO,07/08/2024,09:50:04,24388.2,24387.15,200,24390,100,50,1261350
NIFTY-II.NFO,07/08/2024,09:50:06,24390,24392,75,24394.45,200,125,1261350
NIFTY-II.NFO,07/08/2024,09:50:08,24395.45,24392,50,24395.45,200,50,1261350
NIFTY-II.NFO,07/08/2024,09:50:09,24395.95,24392.15,125,24396.2,175,75,1261350
NIFTY-II.NFO,07/08/2024,09:50:11,24392.15,24392,125,24395.95,175,25,1261350
NIFTY-II.NFO,07/08/2024,09:50:13,24392.15,24392,50,24395.95,175,0,1261350
NIFTY-II.NFO,07/08/2024,09:50:14,24392.15,24392,50,24395.45,175,0,1261350
NIFTY-II.NFO,07/08/2024,09:50:16,24392.15,24392,50,24396.2,175,0,1261350
NIFTY-II.NFO,07/08/2024,09:50:18,24396.2,24392.4,125,24396.7,150,25,1261350
NIFTY-II.NFO,07/08/2024,09:50:19,24393,24394.15,125,24397.75,450,25,1261350
NIFTY-II.NFO,07/08/2024,09:50:21,24393.1,24393.25,275,24397.7,150,50,1261350
NIFTY-II.NFO,07/08/2024,09:50:23,24393.25,24392.15,25,24395.1,200,100,1261350
NIFTY-II.NFO,07/08/2024,09:50:24,24391.55,24391.55,50,24395.95,150,150,1261350
NIFTY-II.NFO,07/08/2024,09:50:26,24391.25,24391.6,125,24396.45,150,50,1261350
NIFTY-II.NFO,07/08/2024,09:50:28,24391.9,24391.25,50,24396.3,225,75,1261350
NIFTY-II.NFO,07/08/2024,09:50:29,24391.9,24390.25,200,24395.5,225,0,1261350
NIFTY-II.NFO,07/08/2024,09:50:31,24391.9,24389.2,200,24394.1,225,0,1261350
NIFTY-II.NFO,07/08/2024,09:50:33,24391.9,24390,25,24394.85,225,0,1261350
NIFTY-II.NFO,07/08/2024,09:50:34,24391.9,24390.9,50,24395.7,150,0,1261350
NIFTY-II.NFO,07/08/2024,09:50:36,24395.7,24390,50,24393.8,175,50,1261350
NIFTY-II.NFO,07/08/2024,09:50:38,24395.7,24390.2,25,24394.95,175,0,1261350
NIFTY-II.NFO,07/08/2024,09:50:39,24390.2,24390,50,24393.3,225,25,1261350
NIFTY-II.NFO,07/08/2024,09:50:41,24390.2,24390,50,24392.15,25,0,1261350
NIFTY-II.NFO,07/08/2024,09:50:43,24390.2,24390,50,24391.8,100,0,1261350
NIFTY-II.NFO,07/08/2024,09:50:44,24390.2,24390,50,24392.15,25,0,1261350
NIFTY-II.NFO,07/08/2024,09:50:46,24390,24386.15,275,24391.85,175,50,1261350
NIFTY-II.NFO,07/08/2024,09:50:48,24390,24385.95,200,24391.35,100,0,1261350
NIFTY-II.NFO,07/08/2024,09:50:49,24386.95,24386.9,200,24391.75,125,25,1261350
NIFTY-II.NFO,07/08/2024,09:50:51,24386.95,24386.55,200,24391.4,50,0,1261350
NIFTY-II.NFO,07/08/2024,09:50:53,24386.95,24386.5,200,24391.95,175,0,1261350
NIFTY-II.NFO,07/08/2024,09:50:54,24392,24388.2,200,24392.1,75,100,1261350
NIFTY-II.NFO,07/08/2024,09:50:56,24387.8,24387.65,200,24392.15,25,25,1261350
NIFTY-II.NFO,07/08/2024,09:50:58,24387.8,24387.25,200,24392,25,0,1261350
NIFTY-II.NFO,07/08/2024,09:50:59,24387.8,24387.3,275,24392,25,0,1261350
NIFTY-II.NFO,07/08/2024,09:51:01,24387.8,24388.05,25,24391.85,50,0,1261350
NIFTY-II.NFO,07/08/2024,09:51:03,24387.8,24388.25,200,24392,25,0,1261350
NIFTY-II.NFO,07/08/2024,09:51:04,24389.2,24389.25,275,24392,25,50,1261350
