Ticker,Date,Time,LTP,BuyPrice,BuyQty,SellPrice,SellQty,LTQ,OpenInterest
BANKNIFTY-II.NFO,14/01/2025,09:15:00,48750,48731.8,120,48855.05,120,30,754350
BANKNIFTY-II.NFO,14/01/2025,09:15:00,48750,48731.8,120,48855.05,120,0,754350
BANKNIFTY-II.NFO,14/01/2025,09:15:00,48750,48731.8,120,48855.05,120,0,754350
BANKNIFTY-II.NFO,14/01/2025,09:15:00,48750,48731.8,120,48855.05,120,0,754350
BANKNIFTY-II.NFO,14/01/2025,09:15:01,48765.45,48765.75,30,48795,60,90,754350
BANKNIFTY-II.NFO,14/01/2025,09:15:01,48765.45,48765.75,30,48795,60,0,754350
BANKNIFTY-II.NFO,14/01/2025,09:15:03,48855.5,48814.85,120,48871.15,240,690,754350
BANKNIFTY-II.NFO,14/01/2025,09:15:03,48855.5,48814.85,120,48871.15,240,0,754350
BANKNIFTY-II.NFO,14/01/2025,09:15:05,48875.5,48833.1,120,48880.9,60,30,754350
BANKNIFTY-II.NFO,14/01/2025,09:15:05,48875.5,48833.1,120,48880.9,60,0,754350
BANKNIFTY-II.NFO,14/01/2025,09:15:06,48840.9,48860.85,120,48887.95,60,60,754350
BANKNIFTY-II.NFO,14/01/2025,09:15:06,48881.85,48860.85,120,48887.95,60,0,754350
BANKNIFTY-II.NFO,14/01/2025,09:15:08,48887.95,48863.35,120,48888,30,60,754350
BANKNIFTY-II.NFO,14/01/2025,09:15:08,48887.95,48863.35,120,48888,30,0,754350
BANKNIFTY-II.NFO,14/01/2025,09:15:09,48887.95,48865.85,120,48888,30,0,754350
BANKNIFTY-II.NFO,14/01/2025,09:15:11,48888,48865.3,120,48887.95,30,30,754350
BANKNIFTY-II.NFO,14/01/2025,09:15:11,48888,48865.3,120,48887.95,30,0,754350
BANKNIFTY-II.NFO,14/01/2025,09:15:13,48887.95,48887.35,120,48929.1,60,180,754350
BANKNIFTY-II.NFO,14/01/2025,09:15:13,48900,48887.35,120,48929.1,60,0,754350
BANKNIFTY-II.NFO,14/01/2025,09:15:14,48899.25,48901.75,90,48936.15,120,180,754350
BANKNIFTY-II.NFO,14/01/2025,09:15:16,48905.4,48901.85,30,48940.35,120,90,754350
BANKNIFTY-II.NFO,14/01/2025,09:15:16,48929.1,48901.85,30,48940.35,120,0,754350
BANKNIFTY-II.NFO,14/01/2025,09:15:18,48899.2,48895.15,30,48930.35,120,90,754350
BANKNIFTY-II.NFO,14/01/2025,09:15:19,48919.95,48886.9,30,48919.95,120,30,754350
BANKNIFTY-II.NFO,14/01/2025,09:15:21,48919.95,48897,30,48920,30,0,754350
BANKNIFTY-II.NFO,14/01/2025,09:15:22,48894.4,48894.35,210,48911.8,30,60,754350
BANKNIFTY-II.NFO,14/01/2025,09:15:24,48919.95,48885.7,30,48919.95,180,120,754350
BANKNIFTY-II.NFO,14/01/2025,09:15:26,48899.2,48880,150,48914.8,120,210,754350
BANKNIFTY-II.NFO,14/01/2025,09:15:27,48880.1,48886.9,60,48917.95,120,30,754350
BANKNIFTY-II.NFO,14/01/2025,09:15:29,48886.9,48885.35,60,48919.15,120,90,754350
BANKNIFTY-II.NFO,14/01/2025,09:15:31,48886.9,48889.6,60,48919.9,120,0,754350
BANKNIFTY-II.NFO,14/01/2025,09:15:32,48886.9,48891,150,48919.9,120,0,754350
BANKNIFTY-II.NFO,14/01/2025,09:15:34,48895.95,48896.1,150,48919.9,120,630,754350
BANKNIFTY-II.NFO,14/01/2025,09:15:35,48900.35,48899,150,48919.9,120,90,754350
BANKNIFTY-II.NFO,14/01/2025,09:15:37,48915,48910.5,30,48919.95,30,90,754350
BANKNIFTY-II.NFO,14/01/2025,09:15:39,48919.9,48910.7,30,48919.95,30,60,754350
BANKNIFTY-II.NFO,14/01/2025,09:15:40,48919.9,48905.5,90,48919.9,120,150,754350
BANKNIFTY-II.NFO,14/01/2025,09:15:42,48905.35,48905.65,120,48924,30,570,754350
BANKNIFTY-II.NFO,14/01/2025,09:15:44,48919.9,48915.65,30,48924,30,30,754350
BANKNIFTY-II.NFO,14/01/2025,09:15:45,48919.9,48915.9,30,48920,60,0,754350
BANKNIFTY-II.NFO,14/01/2025,09:15:47,48916.3,48916.4,30,48920,30,120,753420
BANKNIFTY-II.NFO,14/01/2025,09:15:48,48916.7,48917.9,30,48920,30,60,753420
BANKNIFTY-II.NFO,14/01/2025,09:15:50,48918.4,48920.35,120,48924,30,60,753420
BANKNIFTY-II.NFO,14/01/2025,09:15:52,48920.4,48921.4,120,48924,30,30,753420
BANKNIFTY-II.NFO,14/01/2025,09:15:53,48922,48923.05,150,48924,30,30,753420
BANKNIFTY-II.NFO,14/01/2025,09:15:55,48920.05,48902.45,120,48926.25,90,210,753420
BANKNIFTY-II.NFO,14/01/2025,09:15:57,48920.05,48912.05,120,48929.85,120,0,753420
BANKNIFTY-II.NFO,14/01/2025,09:15:58,48920.05,48912.35,120,48929.9,60,0,753420
BANKNIFTY-II.NFO,14/01/2025,09:16:00,48929.9,48926.5,120,48948,30,30,753420
BANKNIFTY-II.NFO,14/01/2025,09:16:00,48929.9,48926.5,120,48948,30,0,753420
BANKNIFTY-II.NFO,14/01/2025,09:16:01,48932.1,48932.1,120,48960.6,120,60,753420
BANKNIFTY-II.NFO,14/01/2025,09:16:01,48948,48932.1,120,48960.6,120,0,753420
BANKNIFTY-II.NFO,14/01/2025,09:16:03,48962,48935.85,120,48962,120,60,753420
BANKNIFTY-II.NFO,14/01/2025,09:16:03,48962,48935.85,120,48962,120,0,753420
BANKNIFTY-II.NFO,14/01/2025,09:16:05,48962,48949.5,120,48977.3,120,0,753420
BANKNIFTY-II.NFO,14/01/2025,09:16:06,48984.5,48957.7,120,48991.65,30,360,753420
BANKNIFTY-II.NFO,14/01/2025,09:16:06,48984.5,48957.7,120,48991.65,30,0,753420
BANKNIFTY-II.NFO,14/01/2025,09:16:08,48968.45,48972.1,120,48989.95,30,90,753420
BANKNIFTY-II.NFO,14/01/2025,09:16:08,48989.95,48972.1,120,48989.95,30,0,753420
BANKNIFTY-II.NFO,14/01/2025,09:16:09,48999.8,48977.7,120,48999.8,90,150,753420
BANKNIFTY-II.NFO,14/01/2025,09:16:09,48999.8,48977.7,120,48999.8,90,0,753420
BANKNIFTY-II.NFO,14/01/2025,09:16:11,49000,48999.7,120,49024.95,90,780,753420
BANKNIFTY-II.NFO,14/01/2025,09:16:11,49000,48999.7,120,49024.95,90,0,753420
BANKNIFTY-II.NFO,14/01/2025,09:16:13,48999.8,48996.5,60,49022.35,120,240,753420
BANKNIFTY-II.NFO,14/01/2025,09:16:14,48999.8,48990.9,60,49019.8,120,0,753420
BANKNIFTY-II.NFO,14/01/2025,09:16:16,49015,48981.05,60,49009.1,120,30,753420
BANKNIFTY-II.NFO,14/01/2025,09:16:16,49015,48981.05,60,49009.1,120,0,753420
BANKNIFTY-II.NFO,14/01/2025,09:16:18,48981.05,48976.45,90,49000.6,150,60,753420
BANKNIFTY-II.NFO,14/01/2025,09:16:19,48981.05,48982.25,60,48999.25,120,0,753420
BANKNIFTY-II.NFO,14/01/2025,09:16:21,48981.05,48975.75,60,48985,60,0,753420
BANKNIFTY-II.NFO,14/01/2025,09:16:22,48981.05,48974.05,60,48985,60,0,753420
BANKNIFTY-II.NFO,14/01/2025,09:16:24,48968.45,48966.35,60,48984.95,120,630,753420
BANKNIFTY-II.NFO,14/01/2025,09:16:26,48963.9,48964.1,90,48980,60,120,753420
BANKNIFTY-II.NFO,14/01/2025,09:16:27,48980,48971.6,90,48980,30,60,753420
BANKNIFTY-II.NFO,14/01/2025,09:16:29,48980,48978.35,90,48998.45,120,120,753420
BANKNIFTY-II.NFO,14/01/2025,09:16:30,48980,48973.15,90,48996.55,120,0,753420
BANKNIFTY-II.NFO,14/01/2025,09:16:32,48981.05,48970.6,90,48990.55,120,30,753420
BANKNIFTY-II.NFO,14/01/2025,09:16:34,48980,48979.05,120,48998.55,30,1380,753420
BANKNIFTY-II.NFO,14/01/2025,09:16:35,48980,48976.65,120,48996.85,30,0,753420
BANKNIFTY-II.NFO,14/01/2025,09:16:37,48976.65,48972.05,150,48993.6,60,60,753420
BANKNIFTY-II.NFO,14/01/2025,09:16:38,48980,48963.75,120,48988.65,60,30,753420
BANKNIFTY-II.NFO,14/01/2025,09:16:40,48980,48961.85,150,48979.95,60,0,753420
BANKNIFTY-II.NFO,14/01/2025,09:16:42,48980,48953.25,120,48978.65,60,0,753420
BANKNIFTY-II.NFO,14/01/2025,09:16:43,48953.9,48954.3,120,48977.85,120,60,753420
BANKNIFTY-II.NFO,14/01/2025,09:16:45,48953.9,48963.35,120,48980,90,0,753420
BANKNIFTY-II.NFO,14/01/2025,09:16:47,48964.7,48967.1,90,48980,90,60,753420
BANKNIFTY-II.NFO,14/01/2025,09:16:48,48964.7,48963,60,48980,90,0,753420
BANKNIFTY-II.NFO,14/01/2025,09:16:50,48964.7,48962.5,60,48979.95,120,0,753420
BANKNIFTY-II.NFO,14/01/2025,09:16:51,48964.7,48962.55,60,48980,90,30,753420
BANKNIFTY-II.NFO,14/01/2025,09:16:53,48964.7,48957.3,30,48979.95,120,60,753420
BANKNIFTY-II.NFO,14/01/2025,09:16:55,48959.65,48959.6,30,48979.95,120,30,753420
BANKNIFTY-II.NFO,14/01/2025,09:16:56,48959.65,48961.8,180,48979.95,120,0,753420
BANKNIFTY-II.NFO,14/01/2025,09:16:59,48959.65,48964.2,180,48980,90,0,753420
BANKNIFTY-II.NFO,14/01/2025,09:17:01,48959.65,48966.4,30,48980,90,0,753420
BANKNIFTY-II.NFO,14/01/2025,09:17:03,48966.4,48946.65,60,48973.2,120,30,753420
BANKNIFTY-II.NFO,14/01/2025,09:17:04,48966.4,48942,150,48970.9,120,0,753420
BANKNIFTY-II.NFO,14/01/2025,09:17:06,48966.8,48950.15,30,48974.9,120,120,753420
BANKNIFTY-II.NFO,14/01/2025,09:17:08,48966.8,48951.95,60,48976.3,120,0,753420
BANKNIFTY-II.NFO,14/01/2025,09:17:09,48951.6,48948.25,30,48971.2,120,90,753420
BANKNIFTY-II.NFO,14/01/2025,09:17:11,48949.35,48946.15,30,48971.85,120,30,753420
BANKNIFTY-II.NFO,14/01/2025,09:17:13,48945.85,48945.85,30,48969.95,120,90,753420
BANKNIFTY-II.NFO,14/01/2025,09:17:14,48945.85,48947.15,30,48959.65,30,0,753420
BANKNIFTY-II.NFO,14/01/2025,09:17:16,48945.85,48939.4,30,48959.6,120,0,753420
BANKNIFTY-II.NFO,14/01/2025,09:17:18,48939.85,48941,180,48946.45,30,60,753420
BANKNIFTY-II.NFO,14/01/2025,09:17:19,48938.7,48935.3,150,48941,30,150,753420
BANKNIFTY-II.NFO,14/01/2025,09:17:21,48933.8,48935.8,180,48946.45,30,450,753420
BANKNIFTY-II.NFO,14/01/2025,09:17:23,48933.8,48933.85,30,48939.85,30,0,753420
BANKNIFTY-II.NFO,14/01/2025,09:17:24,48933.85,48918.1,180,48937.45,120,30,753420
BANKNIFTY-II.NFO,14/01/2025,09:17:26,48933.85,48916.15,180,48936.75,180,0,753420
BANKNIFTY-II.NFO,14/01/2025,09:17:28,48933.85,48914.3,60,48934.45,120,0,753420
BANKNIFTY-II.NFO,14/01/2025,09:17:29,48933.85,48919.75,180,48939.4,120,0,753420
BANKNIFTY-II.NFO,14/01/2025,09:17:31,48933.85,48926.3,180,48939.85,30,0,753420
BANKNIFTY-II.NFO,14/01/2025,09:17:32,48933.85,48927.95,60,48939.85,30,0,753420
BANKNIFTY-II.NFO,14/01/2025,09:17:34,48933.85,48934.6,180,48939.85,30,0,753420
BANKNIFTY-II.NFO,14/01/2025,09:17:36,48940,48941.2,150,48943.8,30,90,753420
BANKNIFTY-II.NFO,14/01/2025,09:17:37,48940,48941.6,60,48943.8,30,0,753420
BANKNIFTY-II.NFO,14/01/2025,09:17:39,48947.6,48946.15,30,48959.6,120,90,753420
BANKNIFTY-II.NFO,14/01/2025,09:17:41,48947.6,48958.45,180,48959.65,30,0,753420
BANKNIFTY-II.NFO,14/01/2025,09:17:42,48958.65,48958.3,210,48959.65,30,30,753420
BANKNIFTY-II.NFO,14/01/2025,09:17:44,48979.55,48959.25,30,48977.35,150,60,753420
BANKNIFTY-II.NFO,14/01/2025,09:17:46,48979.55,48953.35,30,48971.25,150,0,753420
BANKNIFTY-II.NFO,14/01/2025,09:17:47,48979.55,48957.75,30,48970.95,30,0,753420
BANKNIFTY-II.NFO,14/01/2025,09:17:49,48979.55,48954.45,30,48970.9,150,0,753420
BANKNIFTY-II.NFO,14/01/2025,09:17:51,48979.55,48947.05,60,48963.5,30,0,753420
BANKNIFTY-II.NFO,14/01/2025,09:17:52,48979.55,48945.4,30,48961.9,120,0,753420
BANKNIFTY-II.NFO,14/01/2025,09:17:54,48979.55,48947.6,60,48965,120,0,753420
BANKNIFTY-II.NFO,14/01/2025,09:17:56,48979.55,48945.25,60,48962.55,120,0,753420
BANKNIFTY-II.NFO,14/01/2025,09:17:57,48979.55,48959.1,30,48970.95,30,0,753420
BANKNIFTY-II.NFO,14/01/2025,09:17:59,48979.55,48960.85,30,48970.95,30,0,753420
BANKNIFTY-II.NFO,14/01/2025,09:18:00,48979.55,48961.8,30,48970.95,30,0,753420
BANKNIFTY-II.NFO,14/01/2025,09:18:02,48979.55,48959.6,60,48970.95,30,0,753420
BANKNIFTY-II.NFO,14/01/2025,09:18:04,48979.55,48955.8,60,48970.9,120,0,753420
BANKNIFTY-II.NFO,14/01/2025,09:18:05,48979.55,48958.85,60,48970.95,30,0,753420
BANKNIFTY-II.NFO,14/01/2025,09:18:07,48959.75,48961.9,180,48970.95,30,30,753420
BANKNIFTY-II.NFO,14/01/2025,09:18:08,48970.95,48965.2,150,48970.95,30,30,753420
BANKNIFTY-II.NFO,14/01/2025,09:18:10,48970.95,48962.85,150,48970.95,30,0,753420
BANKNIFTY-II.NFO,14/01/2025,09:18:12,48970.95,48964.5,180,48970.95,30,0,753420
BANKNIFTY-II.NFO,14/01/2025,09:18:13,48974.05,48958.35,180,48975.95,120,60,753420
BANKNIFTY-II.NFO,14/01/2025,09:18:15,48974.05,48958.25,30,48970,30,0,753420
BANKNIFTY-II.NFO,14/01/2025,09:18:17,48957.2,48948.55,60,48965.65,150,30,753420
BANKNIFTY-II.NFO,14/01/2025,09:18:18,48957.2,48957.8,150,48970,30,0,753420
BANKNIFTY-II.NFO,14/01/2025,09:18:20,48957.2,48958.4,150,48970,30,0,753420
BANKNIFTY-II.NFO,14/01/2025,09:18:22,48957.2,48967.7,150,48970,30,0,753420
BANKNIFTY-II.NFO,14/01/2025,09:18:23,48971.4,48970.85,150,48976,30,90,753420
BANKNIFTY-II.NFO,14/01/2025,09:18:25,48971.4,48962.9,30,48975.75,120,0,753420
BANKNIFTY-II.NFO,14/01/2025,09:18:26,48962.3,48965.75,150,48975.3,60,60,753420
BANKNIFTY-II.NFO,14/01/2025,09:18:28,48962.3,48968.85,180,48976,30,0,753420
BANKNIFTY-II.NFO,14/01/2025,09:18:29,48962.3,48969.1,30,48976,30,0,753420
BANKNIFTY-II.NFO,14/01/2025,09:18:31,48971.05,48970.9,150,48971,60,30,753420
BANKNIFTY-II.NFO,14/01/2025,09:18:33,48971.05,48969.1,30,48971,60,0,753420
BANKNIFTY-II.NFO,14/01/2025,09:18:34,48976,48969,30,48979.55,30,90,753420
BANKNIFTY-II.NFO,14/01/2025,09:18:36,48976,48969,30,48979.55,30,0,753420
BANKNIFTY-II.NFO,14/01/2025,09:18:38,48969,48968.15,60,48979.55,30,30,753420
BANKNIFTY-II.NFO,14/01/2025,09:18:39,48968.5,48965.2,60,48979.5,120,30,753420
BANKNIFTY-II.NFO,14/01/2025,09:18:41,48965.95,48966.65,150,48976,30,60,753420
BANKNIFTY-II.NFO,14/01/2025,09:18:42,48965.95,48966.75,30,48976,30,0,753420
BANKNIFTY-II.NFO,14/01/2025,09:18:44,48965.95,48969.15,60,48976,30,0,753420
BANKNIFTY-II.NFO,14/01/2025,09:18:46,48965.95,48973.55,90,48976,30,0,753420
BANKNIFTY-II.NFO,14/01/2025,09:18:48,48976,48978.15,60,48980,90,30,750330
BANKNIFTY-II.NFO,14/01/2025,09:18:49,48980,48977.5,30,48985,60,90,750330
BANKNIFTY-II.NFO,14/01/2025,09:18:51,48980,48979.95,90,48985,60,0,750330
BANKNIFTY-II.NFO,14/01/2025,09:18:53,48985,48982.1,120,48985,30,30,750330
BANKNIFTY-II.NFO,14/01/2025,09:18:54,48980,48981.95,60,48985,30,90,750330
BANKNIFTY-II.NFO,14/01/2025,09:18:56,48985,48986,90,48999.95,120,60,750330
BANKNIFTY-II.NFO,14/01/2025,09:18:58,48985.6,48986.15,30,48999.95,120,90,750330
BANKNIFTY-II.NFO,14/01/2025,09:18:59,48985.6,48985.85,30,48999.95,120,0,750330
BANKNIFTY-II.NFO,14/01/2025,09:19:01,49000,48987.7,90,49000,540,30,750330
BANKNIFTY-II.NFO,14/01/2025,09:19:03,48990.9,48990.15,60,49000,540,60,750330
BANKNIFTY-II.NFO,14/01/2025,09:19:04,48986.3,48986.3,90,48999.95,120,30,750330
BANKNIFTY-II.NFO,14/01/2025,09:19:06,49000,48989.45,90,49000,510,30,750330
BANKNIFTY-II.NFO,14/01/2025,09:19:08,48988.45,48986.95,60,49000,480,60,750330
BANKNIFTY-II.NFO,14/01/2025,09:19:09,48993.1,48984.75,60,49000,480,390,750330
BANKNIFTY-II.NFO,14/01/2025,09:19:11,48993.1,48985.45,90,49000,510,0,750330
BANKNIFTY-II.NFO,14/01/2025,09:19:13,48993.1,48988.45,90,49000,510,0,750330
BANKNIFTY-II.NFO,14/01/2025,09:19:14,48993.1,48987.9,90,49000,510,0,750330
BANKNIFTY-II.NFO,14/01/2025,09:19:16,48993.1,48988.1,90,49000,510,0,750330
BANKNIFTY-II.NFO,14/01/2025,09:19:18,48993,48982.95,60,48999.95,60,300,750330
BANKNIFTY-II.NFO,14/01/2025,09:19:19,48999,48980.85,90,48999.3,60,120,750330
BANKNIFTY-II.NFO,14/01/2025,09:19:21,48999,48986.2,60,49000,480,0,750330
BANKNIFTY-II.NFO,14/01/2025,09:19:23,48999,48986.9,60,49000,480,0,750330
BANKNIFTY-II.NFO,14/01/2025,09:19:24,48999,48983.75,120,49000,480,0,750330
BANKNIFTY-II.NFO,14/01/2025,09:19:26,48999.95,48979.8,90,48999.95,60,30,750330
BANKNIFTY-II.NFO,14/01/2025,09:19:28,49000,48981.7,90,48999.95,60,270,750330
BANKNIFTY-II.NFO,14/01/2025,09:19:29,49000,48985.55,120,49000,270,30,750330
BANKNIFTY-II.NFO,14/01/2025,09:19:31,49000,48992.8,120,49000,240,0,750330
BANKNIFTY-II.NFO,14/01/2025,09:19:33,49000,48994.45,30,49000,210,30,750330
BANKNIFTY-II.NFO,14/01/2025,09:19:34,49013,48996.05,90,49013.35,30,240,750330
BANKNIFTY-II.NFO,14/01/2025,09:19:36,49013,48996.5,150,49017.2,60,0,750330
BANKNIFTY-II.NFO,14/01/2025,09:19:38,48998.4,48998.4,150,49016.2,30,30,750330
BANKNIFTY-II.NFO,14/01/2025,09:19:39,48998.4,48999.4,60,49016.2,30,0,750330
BANKNIFTY-II.NFO,14/01/2025,09:19:41,48998.4,49001.35,150,49018.2,90,0,750330
BANKNIFTY-II.NFO,14/01/2025,09:19:43,48998.4,49002.9,150,49019.95,60,0,750330
BANKNIFTY-II.NFO,14/01/2025,09:19:44,48998.4,49007.45,120,49020,30,0,750330
BANKNIFTY-II.NFO,14/01/2025,09:19:46,49020.35,49006.5,150,49025,30,240,750330
BANKNIFTY-II.NFO,14/01/2025,09:19:46,49020.35,49006.5,150,49025,30,0,750330
BANKNIFTY-II.NFO,14/01/2025,09:19:48,49011.6,49012.6,60,49025,60,30,750330
BANKNIFTY-II.NFO,14/01/2025,09:19:49,49006.65,49005.25,60,49024.95,60,150,750330
BANKNIFTY-II.NFO,14/01/2025,09:19:51,49006.65,49005.25,150,49024.95,60,0,750330
BANKNIFTY-II.NFO,14/01/2025,09:19:53,49006.65,49002.1,120,49024.95,60,0,750330
BANKNIFTY-II.NFO,14/01/2025,09:19:54,49023.65,49000.45,120,49020.85,60,300,750330
BANKNIFTY-II.NFO,14/01/2025,09:19:54,49023.65,49000.45,120,49020.85,60,0,750330
BANKNIFTY-II.NFO,14/01/2025,09:19:56,48998.4,48992.8,120,49015.9,60,90,750330
BANKNIFTY-II.NFO,14/01/2025,09:19:58,48998.4,48994.75,120,49015.9,60,0,750330
BANKNIFTY-II.NFO,14/01/2025,09:19:59,49004.2,49001.5,150,49022.8,60,30,750330
BANKNIFTY-II.NFO,14/01/2025,09:20:01,48999.45,48995.55,120,49018.75,90,60,750330
BANKNIFTY-II.NFO,14/01/2025,09:20:03,49027.45,49008.45,150,49027.75,60,300,750330
BANKNIFTY-II.NFO,14/01/2025,09:20:03,49027.45,49008.45,150,49027.75,60,0,750330
BANKNIFTY-II.NFO,14/01/2025,09:20:04,49007.85,49000.7,120,49027.5,60,150,750330
BANKNIFTY-II.NFO,14/01/2025,09:20:06,48991.55,48989.7,120,49007.1,90,300,750330
BANKNIFTY-II.NFO,14/01/2025,09:20:08,49003.4,48992.65,150,49009.7,30,60,750330
BANKNIFTY-II.NFO,14/01/2025,09:20:09,48998.4,48996.65,150,49009.55,60,60,750330
BANKNIFTY-II.NFO,14/01/2025,09:20:11,48995.3,48985.05,150,49005.65,60,60,750330
BANKNIFTY-II.NFO,14/01/2025,09:20:13,48995.3,48995.6,150,49010.6,60,0,750330
BANKNIFTY-II.NFO,14/01/2025,09:20:14,48995.3,49003.2,120,49021.85,60,0,750330
BANKNIFTY-II.NFO,14/01/2025,09:20:16,48985,48979.5,120,49005.45,30,510,750330
BANKNIFTY-II.NFO,14/01/2025,09:20:18,48985,48976.85,120,48995.55,60,0,750330
BANKNIFTY-II.NFO,14/01/2025,09:20:19,48985,48968.8,120,48990.65,60,0,750330
BANKNIFTY-II.NFO,14/01/2025,09:20:21,48985,48971.85,120,48986.55,60,0,750330
BANKNIFTY-II.NFO,14/01/2025,09:20:23,48985,48974.8,120,48991.3,90,0,750330
BANKNIFTY-II.NFO,14/01/2025,09:20:24,48985,48988.85,120,49007.35,30,0,750330
BANKNIFTY-II.NFO,14/01/2025,09:20:26,48995.1,48995.8,90,49012.25,90,150,750330
BANKNIFTY-II.NFO,14/01/2025,09:20:28,48995.1,49006.15,90,49011,30,0,750330
BANKNIFTY-II.NFO,14/01/2025,09:20:29,48995.1,49005.85,90,49011,30,0,750330
BANKNIFTY-II.NFO,14/01/2025,09:20:31,49011,49001.65,90,49024.95,120,30,750330
BANKNIFTY-II.NFO,14/01/2025,09:20:33,49011,49003.35,90,49021.15,150,0,750330
BANKNIFTY-II.NFO,14/01/2025,09:20:34,49011.05,49011.05,60,49026.55,90,30,750330
BANKNIFTY-II.NFO,14/01/2025,09:20:36,49022.25,49018.05,30,49028.5,30,30,750330
BANKNIFTY-II.NFO,14/01/2025,09:20:38,49022.25,49011.05,30,49026.65,210,0,750330
BANKNIFTY-II.NFO,14/01/2025,09:20:39,49028.4,49014.65,60,49028.5,30,30,750330
BANKNIFTY-II.NFO,14/01/2025,09:20:39,49028.4,49014.65,60,49028.5,30,0,750330
BANKNIFTY-II.NFO,14/01/2025,09:20:41,49028.4,49015,60,49028.5,30,0,750330
BANKNIFTY-II.NFO,14/01/2025,09:20:43,49028.4,49013.75,210,49028.5,30,0,750330
BANKNIFTY-II.NFO,14/01/2025,09:20:44,49028.4,49017.1,60,49028.5,30,0,750330
BANKNIFTY-II.NFO,14/01/2025,09:20:46,49018.9,49020.5,30,49028.5,30,30,750330
BANKNIFTY-II.NFO,14/01/2025,09:20:48,49017.05,49011,360,49028.15,120,60,750330
BANKNIFTY-II.NFO,14/01/2025,09:20:49,49001.25,49002,300,49023.65,150,450,750330
BANKNIFTY-II.NFO,14/01/2025,09:20:51,49001.25,49008.2,150,49024.8,180,0,750330
BANKNIFTY-II.NFO,14/01/2025,09:20:53,49001.25,49009.2,150,49025.5,120,0,750330
BANKNIFTY-II.NFO,14/01/2025,09:20:54,49001.25,49012.05,150,49028.5,60,0,750330
BANKNIFTY-II.NFO,14/01/2025,09:20:56,49001.25,49013.65,30,49028.5,60,0,750330
BANKNIFTY-II.NFO,14/01/2025,09:20:58,49001.25,49020.05,150,49028.5,30,0,750330
BANKNIFTY-II.NFO,14/01/2025,09:20:59,49001.25,49021.95,300,49028.5,30,0,750330
BANKNIFTY-II.NFO,14/01/2025,09:21:01,49030,49035.2,300,49049,60,180,750330
BANKNIFTY-II.NFO,14/01/2025,09:21:01,49030,49035.2,300,49049,60,0,750330
BANKNIFTY-II.NFO,14/01/2025,09:21:03,49040.5,49036.75,30,49049,60,120,750330
BANKNIFTY-II.NFO,14/01/2025,09:21:03,49049,49036.75,30,49049,60,0,750330
BANKNIFTY-II.NFO,14/01/2025,09:21:04,49037.35,49034.75,30,49049,60,60,750330
BANKNIFTY-II.NFO,14/01/2025,09:21:06,49037.35,49042.35,30,49049,60,0,750330
BANKNIFTY-II.NFO,14/01/2025,09:21:07,49045.65,49041.05,150,49049,60,60,750330
BANKNIFTY-II.NFO,14/01/2025,09:21:09,49043.65,49040.85,150,49049,60,60,750330
BANKNIFTY-II.NFO,14/01/2025,09:21:11,49034.7,49033.75,150,49049,60,420,750330
BANKNIFTY-II.NFO,14/01/2025,09:21:12,49034.7,49024.2,150,49040.95,150,0,750330
BANKNIFTY-II.NFO,14/01/2025,09:21:14,49034.7,49030.65,150,49048.2,120,0,750330
BANKNIFTY-II.NFO,14/01/2025,09:21:16,49034.7,49032.6,150,49048.95,150,0,750330
BANKNIFTY-II.NFO,14/01/2025,09:21:17,49034.7,49035.05,150,49049,60,0,750330
BANKNIFTY-II.NFO,14/01/2025,09:21:19,49049,49035.6,150,49050,150,150,750330
BANKNIFTY-II.NFO,14/01/2025,09:21:21,49049,49039.8,150,49050,150,0,750330
BANKNIFTY-II.NFO,14/01/2025,09:21:22,49049,49034.3,150,49049.95,150,0,750330
BANKNIFTY-II.NFO,14/01/2025,09:21:24,49049,49038.45,150,49050,180,0,750330
BANKNIFTY-II.NFO,14/01/2025,09:21:26,49049,49034.2,150,49039,30,0,750330
BANKNIFTY-II.NFO,14/01/2025,09:21:27,49049,49032.75,150,49039,30,0,750330
BANKNIFTY-II.NFO,14/01/2025,09:21:29,49027.15,49025.5,150,49039,30,30,750330
BANKNIFTY-II.NFO,14/01/2025,09:21:31,49036.65,49034.25,150,49039,30,90,750330
BANKNIFTY-II.NFO,14/01/2025,09:21:32,49036.65,49025.2,150,49038.95,150,0,750330
BANKNIFTY-II.NFO,14/01/2025,09:21:34,49036.65,49037.85,420,49039,30,0,750330
BANKNIFTY-II.NFO,14/01/2025,09:21:36,49039,49043.2,120,49050,180,30,750330
BANKNIFTY-II.NFO,14/01/2025,09:21:37,49039,49034.55,150,49048.45,150,0,750330
BANKNIFTY-II.NFO,14/01/2025,09:21:39,49039,49034.35,150,49048.85,120,0,750330
BANKNIFTY-II.NFO,14/01/2025,09:21:41,49039,49040.65,150,49050,180,0,750330
BANKNIFTY-II.NFO,14/01/2025,09:21:42,49050,49039.8,150,49050,150,60,750330
BANKNIFTY-II.NFO,14/01/2025,09:21:42,49050,49039.8,150,49050,150,0,750330
BANKNIFTY-II.NFO,14/01/2025,09:21:44,49050,49039.8,150,49050,150,0,750330
BANKNIFTY-II.NFO,14/01/2025,09:21:46,49050,49040,120,49050,150,0,750330
BANKNIFTY-II.NFO,14/01/2025,09:21:47,49040,49048.65,90,49050,30,390,748200
BANKNIFTY-II.NFO,14/01/2025,09:21:49,49047,49048.7,150,49062.5,30,60,748200
BANKNIFTY-II.NFO,14/01/2025,09:21:51,49047,49048.75,150,49063.8,120,0,748200
BANKNIFTY-II.NFO,14/01/2025,09:21:52,49047,49046.65,150,49060.4,150,0,748200
BANKNIFTY-II.NFO,14/01/2025,09:21:54,49046.65,49053.65,90,49066.25,120,30,748200
BANKNIFTY-II.NFO,14/01/2025,09:21:55,49046.65,49051.7,90,49065.45,150,0,748200
BANKNIFTY-II.NFO,14/01/2025,09:21:57,49046.65,49053.55,150,49068.4,150,0,748200
BANKNIFTY-II.NFO,14/01/2025,09:21:59,49046.65,49055.65,150,49069.2,120,0,748200
BANKNIFTY-II.NFO,14/01/2025,09:22:00,49038.6,49038.6,30,49060.2,120,90,748200
BANKNIFTY-II.NFO,14/01/2025,09:22:00,49061.1,49038.6,30,49060.2,120,0,748200
BANKNIFTY-II.NFO,14/01/2025,09:22:02,49038.6,49049.25,150,49067.1,150,0,748200
BANKNIFTY-II.NFO,14/01/2025,09:22:04,49051.35,49056.35,30,49069.95,120,30,748200
BANKNIFTY-II.NFO,14/01/2025,09:22:05,49069.55,49049.25,60,49066.25,120,30,748200
BANKNIFTY-II.NFO,14/01/2025,09:22:05,49069.55,49049.25,60,49066.25,120,0,748200
BANKNIFTY-II.NFO,14/01/2025,09:22:07,49069.55,49060.9,60,49070,60,0,748200
BANKNIFTY-II.NFO,14/01/2025,09:22:09,49070,49057.75,60,49070,30,30,748200
BANKNIFTY-II.NFO,14/01/2025,09:22:09,49070,49057.75,60,49070,30,0,748200
BANKNIFTY-II.NFO,14/01/2025,09:22:10,49070,49059.9,60,49076.25,120,30,748200
BANKNIFTY-II.NFO,14/01/2025,09:22:12,49070,49042.55,60,49063.65,120,0,748200
BANKNIFTY-II.NFO,14/01/2025,09:22:13,49070,49038,60,49056.3,120,0,748200
BANKNIFTY-II.NFO,14/01/2025,09:22:15,49037.05,49033.25,90,49045.95,150,90,748200
BANKNIFTY-II.NFO,14/01/2025,09:22:17,49045.95,49032.4,120,49045.95,60,150,748200
BANKNIFTY-II.NFO,14/01/2025,09:22:18,49046,49045.3,120,49050,30,60,748200
BANKNIFTY-II.NFO,14/01/2025,09:22:20,49045.3,49038.25,120,49049.95,30,60,748200
BANKNIFTY-II.NFO,14/01/2025,09:22:22,49038.7,49040.8,90,49049.95,30,30,748200
BANKNIFTY-II.NFO,14/01/2025,09:22:23,49047.05,49045.7,60,49049.95,30,30,748200
BANKNIFTY-II.NFO,14/01/2025,09:22:25,49047.05,49040.9,90,49050,30,0,748200
BANKNIFTY-II.NFO,14/01/2025,09:22:27,49047.05,49043.6,150,49050,30,0,748200
BANKNIFTY-II.NFO,14/01/2025,09:22:28,49050,49038.35,60,49051.9,120,30,748200
BANKNIFTY-II.NFO,14/01/2025,09:22:30,49050,49038.15,60,49051.45,120,0,748200
BANKNIFTY-II.NFO,14/01/2025,09:22:32,49050,49035.05,60,49048.6,120,0,748200
BANKNIFTY-II.NFO,14/01/2025,09:22:33,49035,49036.25,150,49049.85,60,120,748200
BANKNIFTY-II.NFO,14/01/2025,09:22:35,49036.1,49036.2,120,49049.4,60,30,748200
BANKNIFTY-II.NFO,14/01/2025,09:22:37,49036.1,49042.45,120,49049.95,30,0,748200
BANKNIFTY-II.NFO,14/01/2025,09:22:38,49036.1,49041.25,90,49049.9,30,0,748200
BANKNIFTY-II.NFO,14/01/2025,09:22:40,49036.1,49024.85,150,49043.3,120,30,748200
BANKNIFTY-II.NFO,14/01/2025,09:22:42,49019,49012.85,120,49033.4,120,30,748200
BANKNIFTY-II.NFO,14/01/2025,09:22:43,49019,49009.05,150,49029.8,150,0,748200
BANKNIFTY-II.NFO,14/01/2025,09:22:45,49019,49008,30,49022.2,150,0,748200
BANKNIFTY-II.NFO,14/01/2025,09:22:47,49008,49006.75,150,49021.4,120,30,748200
BANKNIFTY-II.NFO,14/01/2025,09:22:48,49008,49012.9,120,49022.1,30,0,748200
BANKNIFTY-II.NFO,14/01/2025,09:22:50,49022.05,49011.8,120,49022.1,30,60,748200
BANKNIFTY-II.NFO,14/01/2025,09:22:52,49022.05,49020.6,150,49022.1,30,30,748200
BANKNIFTY-II.NFO,14/01/2025,09:22:53,49022.1,49018.65,210,49022.15,30,30,748200
BANKNIFTY-II.NFO,14/01/2025,09:22:55,49022.1,49016.8,90,49022.15,30,0,748200
BANKNIFTY-II.NFO,14/01/2025,09:22:57,49022.1,49017.3,210,49022.15,30,0,748200
BANKNIFTY-II.NFO,14/01/2025,09:22:58,49024.85,49012.55,150,49022,30,30,748200
BANKNIFTY-II.NFO,14/01/2025,09:23:00,49022,49012,120,49023.85,60,30,748200
BANKNIFTY-II.NFO,14/01/2025,09:23:02,49015.3,49016.05,30,49026.65,30,90,748200
BANKNIFTY-II.NFO,14/01/2025,09:23:03,49015.3,49018.85,120,49026.55,30,0,748200
BANKNIFTY-II.NFO,14/01/2025,09:23:05,49015.3,49018.2,120,49026.55,30,0,748200
BANKNIFTY-II.NFO,14/01/2025,09:23:07,49020.05,49020.6,90,49026.55,30,30,748200
BANKNIFTY-II.NFO,14/01/2025,09:23:08,49028.05,49030.05,30,49042.45,150,150,748200
BANKNIFTY-II.NFO,14/01/2025,09:23:10,49030.05,49030.05,30,49039.8,30,30,748200
BANKNIFTY-II.NFO,14/01/2025,09:23:11,49032.05,49030.05,90,49039.8,30,30,748200
BANKNIFTY-II.NFO,14/01/2025,09:23:13,49032.05,49028.15,30,49039.8,30,0,748200
BANKNIFTY-II.NFO,14/01/2025,09:23:15,49026.05,49024.05,30,49035.7,60,270,748200
BANKNIFTY-II.NFO,14/01/2025,09:23:16,49026.05,49030.85,120,49037.2,30,0,748200
BANKNIFTY-II.NFO,14/01/2025,09:23:18,49026.05,49038.55,30,49039.8,30,0,748200
BANKNIFTY-II.NFO,14/01/2025,09:23:20,49041.7,49038.05,30,49050.05,60,60,748200
BANKNIFTY-II.NFO,14/01/2025,09:23:21,49041.7,49043.8,90,49050.25,30,0,748200
BANKNIFTY-II.NFO,14/01/2025,09:23:23,49041.7,49044.5,90,49050.25,30,0,748200
BANKNIFTY-II.NFO,14/01/2025,09:23:25,49041.7,49041.1,90,49050.25,30,0,748200
BANKNIFTY-II.NFO,14/01/2025,09:23:26,49050.25,49046.2,120,49059.95,120,30,748200
BANKNIFTY-II.NFO,14/01/2025,09:23:28,49050.25,49046.05,30,49057.55,120,0,748200
BANKNIFTY-II.NFO,14/01/2025,09:23:30,49050,49042.1,120,49055.4,120,30,748200
BANKNIFTY-II.NFO,14/01/2025,09:23:31,49050,49046.05,30,49058.55,120,0,748200
BANKNIFTY-II.NFO,14/01/2025,09:23:33,49050,49042.05,30,49057.85,150,0,748200
BANKNIFTY-II.NFO,14/01/2025,09:23:35,49044.05,49044.05,30,49055.55,60,30,748200
BANKNIFTY-II.NFO,14/01/2025,09:23:36,49046.05,49042.05,30,49056.65,150,60,748200
BANKNIFTY-II.NFO,14/01/2025,09:23:38,49046.05,49040.05,30,49050.05,120,0,748200
BANKNIFTY-II.NFO,14/01/2025,09:23:40,49045.35,49028.4,120,49042.4,60,60,748200
BANKNIFTY-II.NFO,14/01/2025,09:23:41,49045.35,49030.7,120,49044.85,90,0,748200
BANKNIFTY-II.NFO,14/01/2025,09:23:43,49045.35,49023.85,120,49041.85,90,0,748200
BANKNIFTY-II.NFO,14/01/2025,09:23:45,49045.35,49032.1,120,49043.4,60,0,748200
BANKNIFTY-II.NFO,14/01/2025,09:23:46,49034.05,49034.1,120,49047.05,90,30,748200
BANKNIFTY-II.NFO,14/01/2025,09:23:48,49034.05,49040.05,120,49050,30,0,748200
BANKNIFTY-II.NFO,14/01/2025,09:23:50,49034.05,49038.3,120,49050,30,0,748200
BANKNIFTY-II.NFO,14/01/2025,09:23:51,49034.05,49042.9,120,49050,30,0,748200
BANKNIFTY-II.NFO,14/01/2025,09:23:53,49034.05,49045.95,120,49050,30,0,748200
BANKNIFTY-II.NFO,14/01/2025,09:23:54,49034.05,49045.15,120,49050,30,0,748200
BANKNIFTY-II.NFO,14/01/2025,09:23:56,49034.05,49039.15,30,49049.45,60,0,748200
BANKNIFTY-II.NFO,14/01/2025,09:23:58,49049.05,49039.65,30,49050,30,150,748200
BANKNIFTY-II.NFO,14/01/2025,09:23:59,49054.55,49044.1,120,49056,150,90,748200
BANKNIFTY-II.NFO,14/01/2025,09:24:01,49054.55,49044.9,120,49056,150,0,748200
BANKNIFTY-II.NFO,14/01/2025,09:24:03,49044.05,49038.05,30,49049,30,30,748200
BANKNIFTY-II.NFO,14/01/2025,09:24:04,49044.05,49034.1,120,49047.8,60,0,748200
BANKNIFTY-II.NFO,14/01/2025,09:24:06,49044.05,49037.35,120,49051.7,60,0,748200
BANKNIFTY-II.NFO,14/01/2025,09:24:08,49044.05,49040.1,120,49053.15,30,0,748200
BANKNIFTY-II.NFO,14/01/2025,09:24:09,49054,49042.1,150,49055.95,60,30,748200
BANKNIFTY-II.NFO,14/01/2025,09:24:11,49044.5,49042.05,120,49054.65,60,30,748200
BANKNIFTY-II.NFO,14/01/2025,09:24:12,49054.65,49037.35,150,49054.5,90,30,748200
BANKNIFTY-II.NFO,14/01/2025,09:24:14,49050.45,49040.6,120,49050.45,30,30,748200
BANKNIFTY-II.NFO,14/01/2025,09:24:16,49050.45,49044.05,30,49054.35,60,0,748200
BANKNIFTY-II.NFO,14/01/2025,09:24:17,49055.95,49045.15,30,49055.95,60,60,748200
BANKNIFTY-II.NFO,14/01/2025,09:24:19,49055.95,49047,30,49055,30,0,748200
BANKNIFTY-II.NFO,14/01/2025,09:24:21,49055.95,49050.05,150,49055,60,0,748200
BANKNIFTY-II.NFO,14/01/2025,09:24:22,49050.9,49050.25,150,49055,60,30,748200
BANKNIFTY-II.NFO,14/01/2025,09:24:24,49050.9,49050.35,30,49055,60,0,748200
BANKNIFTY-II.NFO,14/01/2025,09:24:25,49055,49049.7,30,49055,30,30,748200
BANKNIFTY-II.NFO,14/01/2025,09:24:27,49055,49050.9,30,49055,30,0,748200
BANKNIFTY-II.NFO,14/01/2025,09:24:29,49051.6,49051.25,30,49055,30,30,748200
BANKNIFTY-II.NFO,14/01/2025,09:24:30,49051.45,49046.7,30,49050.5,30,30,748200
BANKNIFTY-II.NFO,14/01/2025,09:24:32,49045.95,49041.8,30,49050.05,60,60,748200
BANKNIFTY-II.NFO,14/01/2025,09:24:34,49040.35,49040.25,30,49048.15,60,60,748200
BANKNIFTY-II.NFO,14/01/2025,09:24:35,49041.85,49040.1,30,49049.75,60,30,748200
BANKNIFTY-II.NFO,14/01/2025,09:24:37,49041.5,49040.95,60,49050.5,30,30,748200
BANKNIFTY-II.NFO,14/01/2025,09:24:39,49041.5,49040.65,30,49050.45,90,0,748200
BANKNIFTY-II.NFO,14/01/2025,09:24:40,49040.65,49039,30,49040.6,30,30,748200
BANKNIFTY-II.NFO,14/01/2025,09:24:42,49040.65,49038.9,30,49040.6,30,0,748200
BANKNIFTY-II.NFO,14/01/2025,09:24:43,49040.6,49037.85,30,49046.55,60,60,748200
BANKNIFTY-II.NFO,14/01/2025,09:24:45,49040.6,49036.8,30,49048.85,90,0,748200
BANKNIFTY-II.NFO,14/01/2025,09:24:47,49040.6,49038.7,30,49045.95,30,0,748200
BANKNIFTY-II.NFO,14/01/2025,09:24:48,49038.7,49034.5,30,49044.75,90,30,746970
BANKNIFTY-II.NFO,14/01/2025,09:24:50,49032.05,49030.45,30,49042.55,60,60,746970
BANKNIFTY-II.NFO,14/01/2025,09:24:51,49032.05,49037.7,120,49045.9,60,0,746970
BANKNIFTY-II.NFO,14/01/2025,09:24:53,49032.05,49034.35,30,49045.7,90,0,746970
BANKNIFTY-II.NFO,14/01/2025,09:24:55,49032.05,49038.45,120,49050,30,0,746970
BANKNIFTY-II.NFO,14/01/2025,09:24:56,49032.05,49041.5,120,49050,30,0,746970
BANKNIFTY-II.NFO,14/01/2025,09:24:58,49032.05,49040.35,60,49050,30,0,746970
BANKNIFTY-II.NFO,14/01/2025,09:25:00,49032.05,49037.1,150,49049.75,90,0,746970
BANKNIFTY-II.NFO,14/01/2025,09:25:01,49032.05,49036.05,30,49049.1,90,0,746970
BANKNIFTY-II.NFO,14/01/2025,09:25:03,49030.05,49028.05,30,49044.5,90,120,746970
BANKNIFTY-II.NFO,14/01/2025,09:25:05,49030.05,49020.05,30,49034.7,90,0,746970
BANKNIFTY-II.NFO,14/01/2025,09:25:06,49030.05,49018.9,120,49030.55,60,0,746970
BANKNIFTY-II.NFO,14/01/2025,09:25:08,49030.05,49022.1,120,49037.6,60,0,746970
BANKNIFTY-II.NFO,14/01/2025,09:25:09,49037.65,49023.15,120,49037.7,90,30,746970
BANKNIFTY-II.NFO,14/01/2025,09:25:11,49037.65,49020.7,120,49034.6,90,0,746970
BANKNIFTY-II.NFO,14/01/2025,09:25:13,49037.65,49026.95,120,49038.1,60,0,746970
BANKNIFTY-II.NFO,14/01/2025,09:25:14,49037.65,49037.1,120,49049.9,90,0,746970
BANKNIFTY-II.NFO,14/01/2025,09:25:16,49037.65,49030.2,120,49042.75,90,0,746970
BANKNIFTY-II.NFO,14/01/2025,09:25:18,49037.65,49036.1,120,49049.25,60,0,746970
BANKNIFTY-II.NFO,14/01/2025,09:25:19,49037.65,49036.05,30,49048.9,90,30,746970
BANKNIFTY-II.NFO,14/01/2025,09:25:21,49037.65,49036.05,30,49048.1,60,0,746970
BANKNIFTY-II.NFO,14/01/2025,09:25:23,49034.05,49030.25,150,49046.7,90,60,746970
BANKNIFTY-II.NFO,14/01/2025,09:25:24,49028.05,49026.05,30,49045.3,90,60,746970
BANKNIFTY-II.NFO,14/01/2025,09:25:26,49022.05,49021.2,90,49037.6,150,180,746970
BANKNIFTY-II.NFO,14/01/2025,09:25:28,49022.05,49021.2,30,49034,150,0,746970
BANKNIFTY-II.NFO,14/01/2025,09:25:29,49022.05,49018.25,60,49031.65,150,0,746970
BANKNIFTY-II.NFO,14/01/2025,09:25:31,49022.05,49014.25,60,49027.8,210,0,746970
BANKNIFTY-II.NFO,14/01/2025,09:25:33,49029.15,49014.95,60,49028.6,120,30,746970
BANKNIFTY-II.NFO,14/01/2025,09:25:34,49029.15,49016.9,60,49030,30,0,746970
BANKNIFTY-II.NFO,14/01/2025,09:25:36,49028,49013.8,120,49028.15,90,210,746970
BANKNIFTY-II.NFO,14/01/2025,09:25:38,49028,49009.85,120,49014.25,30,0,746970
BANKNIFTY-II.NFO,14/01/2025,09:25:39,49028,49007.25,120,49014.25,30,0,746970
BANKNIFTY-II.NFO,14/01/2025,09:25:41,49028,49009.4,120,49013.8,30,0,746970
BANKNIFTY-II.NFO,14/01/2025,09:25:43,49011.05,49005.8,120,49013.8,30,30,746970
BANKNIFTY-II.NFO,14/01/2025,09:25:44,49011.05,49005.25,120,49007,30,0,746970
BANKNIFTY-II.NFO,14/01/2025,09:25:46,49011.05,49004.25,120,49007,30,0,746970
BANKNIFTY-II.NFO,14/01/2025,09:25:48,49014.95,49017.45,210,49033.9,90,120,746970
BANKNIFTY-II.NFO,14/01/2025,09:25:49,49014.7,49010.85,120,49025.25,60,30,746970
BANKNIFTY-II.NFO,14/01/2025,09:25:51,49014.7,49009.65,120,49022.15,90,0,746970
BANKNIFTY-II.NFO,14/01/2025,09:25:53,49014.7,49001.45,120,49016.45,90,0,746970
BANKNIFTY-II.NFO,14/01/2025,09:25:54,49014.7,49005.5,120,49015,30,0,746970
BANKNIFTY-II.NFO,14/01/2025,09:25:56,49014.7,49004,120,49015,30,0,746970
BANKNIFTY-II.NFO,14/01/2025,09:25:58,49014.7,49000.05,120,49014.5,90,0,746970
BANKNIFTY-II.NFO,14/01/2025,09:25:59,49000.05,49000.05,90,49005,30,60,746970
BANKNIFTY-II.NFO,14/01/2025,09:26:01,49000.05,49000.05,90,49005,30,0,746970
BANKNIFTY-II.NFO,14/01/2025,09:26:03,49003.5,49003.2,60,49005,30,180,746970
BANKNIFTY-II.NFO,14/01/2025,09:26:04,49003.5,49002.55,60,49005,30,0,746970
BANKNIFTY-II.NFO,14/01/2025,09:26:06,49002.25,49003.5,60,49005,30,60,746970
BANKNIFTY-II.NFO,14/01/2025,09:26:08,49002.25,49003.15,60,49005,30,0,746970
BANKNIFTY-II.NFO,14/01/2025,09:26:09,49005.75,49009.4,150,49015,30,90,746970
BANKNIFTY-II.NFO,14/01/2025,09:26:11,49005.75,49011,150,49015,30,0,746970
BANKNIFTY-II.NFO,14/01/2025,09:26:13,49015,49015,150,49024,30,30,746970
BANKNIFTY-II.NFO,14/01/2025,09:26:14,49015,49023.9,150,49024,30,0,746970
BANKNIFTY-II.NFO,14/01/2025,09:26:16,49029,49033.25,150,49035.5,30,300,746970
BANKNIFTY-II.NFO,14/01/2025,09:26:17,49029,49029.35,150,49035.5,30,0,746970
BANKNIFTY-II.NFO,14/01/2025,09:26:19,49029,49020.95,150,49032.65,60,0,746970
BANKNIFTY-II.NFO,14/01/2025,09:26:21,49030.1,49026.05,150,49035.5,30,30,746970
BANKNIFTY-II.NFO,14/01/2025,09:26:22,49027.2,49021.15,120,49032.65,90,30,746970
BANKNIFTY-II.NFO,14/01/2025,09:26:24,49023.15,49020.95,120,49034.15,120,240,746970
BANKNIFTY-II.NFO,14/01/2025,09:26:26,49021.35,49027.4,120,49035.5,30,30,746970
BANKNIFTY-II.NFO,14/01/2025,09:26:27,49021.35,49027.4,120,49030,300,0,746970
BANKNIFTY-II.NFO,14/01/2025,09:26:29,49035,49031.6,150,49035.5,30,330,746970
BANKNIFTY-II.NFO,14/01/2025,09:26:31,49035,49031.4,120,49035.5,30,0,746970
BANKNIFTY-II.NFO,14/01/2025,09:26:32,49031.3,49031.5,90,49035.5,30,90,746970
BANKNIFTY-II.NFO,14/01/2025,09:26:34,49031.3,49034.9,90,49035.5,30,0,746970
BANKNIFTY-II.NFO,14/01/2025,09:26:36,49033.35,49030.2,150,49035.5,30,30,746970
BANKNIFTY-II.NFO,14/01/2025,09:26:37,49033.35,49032.4,90,49035.5,30,0,746970
BANKNIFTY-II.NFO,14/01/2025,09:26:39,49033.35,49029.5,90,49035.5,30,0,746970
BANKNIFTY-II.NFO,14/01/2025,09:26:41,49033.35,49032,90,49035.5,30,0,746970
BANKNIFTY-II.NFO,14/01/2025,09:26:42,49035.5,49035.5,210,49049.05,150,30,746970
BANKNIFTY-II.NFO,14/01/2025,09:26:44,49035.1,49035.1,90,49044.8,60,240,746970
BANKNIFTY-II.NFO,14/01/2025,09:26:46,49035.1,49033.35,30,49048.05,120,0,746970
BANKNIFTY-II.NFO,14/01/2025,09:26:47,49035.1,49037.1,90,49048.85,150,0,746970
BANKNIFTY-II.NFO,14/01/2025,09:26:49,49035.1,49035.4,90,49047.65,150,0,746970
BANKNIFTY-II.NFO,14/01/2025,09:26:51,49035.1,49036.8,90,49048.45,120,0,746970
BANKNIFTY-II.NFO,14/01/2025,09:26:52,49035.5,49033.35,30,49047,150,180,746970
BANKNIFTY-II.NFO,14/01/2025,09:26:54,49035.5,49033.7,90,49045.4,30,0,746970
BANKNIFTY-II.NFO,14/01/2025,09:26:56,49035.5,49033.45,150,49044.15,90,0,746970
BANKNIFTY-II.NFO,14/01/2025,09:26:57,49033.7,49035.8,60,49047.7,60,30,746970
BANKNIFTY-II.NFO,14/01/2025,09:26:59,49033.7,49035.35,30,49048.45,150,0,746970
BANKNIFTY-II.NFO,14/01/2025,09:27:01,49046.8,49036.25,60,49048.55,60,180,746970
BANKNIFTY-II.NFO,14/01/2025,09:27:02,49046.8,49040.8,60,49050,60,0,746970
BANKNIFTY-II.NFO,14/01/2025,09:27:04,49046.8,49039.8,150,49050,60,0,746970
BANKNIFTY-II.NFO,14/01/2025,09:27:06,49046.8,49043.95,150,49050,60,0,746970
BANKNIFTY-II.NFO,14/01/2025,09:27:07,49049.75,49049.65,90,49055,240,90,746970
BANKNIFTY-II.NFO,14/01/2025,09:27:09,49060,49056.15,120,49069.75,30,450,746970
BANKNIFTY-II.NFO,14/01/2025,09:27:11,49054.05,49050.1,150,49067.3,60,60,746970
BANKNIFTY-II.NFO,14/01/2025,09:27:12,49066.75,49048.1,150,49066.8,90,330,746970
BANKNIFTY-II.NFO,14/01/2025,09:27:14,49066.75,49054.45,120,49069.05,60,0,746970
BANKNIFTY-II.NFO,14/01/2025,09:27:15,49056,49053,60,49069.75,60,30,746970
BANKNIFTY-II.NFO,14/01/2025,09:27:17,49053,49051,120,49069.7,60,60,746970
BANKNIFTY-II.NFO,14/01/2025,09:27:19,49050.05,49048.1,150,49069.7,90,30,746970
BANKNIFTY-II.NFO,14/01/2025,09:27:20,49050.05,49049.1,120,49069.7,90,0,746970
BANKNIFTY-II.NFO,14/01/2025,09:27:22,49050,49051.95,120,49069,90,30,746970
BANKNIFTY-II.NFO,14/01/2025,09:27:24,49050,49048.1,150,49066.9,60,0,746970
BANKNIFTY-II.NFO,14/01/2025,09:27:25,49050.3,49044.3,120,49059.3,90,60,746970
BANKNIFTY-II.NFO,14/01/2025,09:27:27,49050.3,49050.2,120,49064.4,90,0,746970
BANKNIFTY-II.NFO,14/01/2025,09:27:28,49050.3,49054.35,120,49066,30,0,746970
BANKNIFTY-II.NFO,14/01/2025,09:27:30,49066,49059.95,120,49069.75,30,30,746970
BANKNIFTY-II.NFO,14/01/2025,09:27:32,49066,49058.55,120,49069.75,30,0,746970
BANKNIFTY-II.NFO,14/01/2025,09:27:33,49066,49058.35,60,49069.75,30,0,746970
BANKNIFTY-II.NFO,14/01/2025,09:27:35,49066,49062.25,120,49069.75,30,0,746970
BANKNIFTY-II.NFO,14/01/2025,09:27:37,49075,49071.8,120,49081.05,30,120,746970
BANKNIFTY-II.NFO,14/01/2025,09:27:37,49075,49071.8,120,49081.05,30,0,746970
BANKNIFTY-II.NFO,14/01/2025,09:27:38,49062.55,49061.4,60,49077.8,90,180,746970
BANKNIFTY-II.NFO,14/01/2025,09:27:40,49071.5,49058.2,120,49076.1,30,30,746970
BANKNIFTY-II.NFO,14/01/2025,09:27:42,49071.5,49058.15,60,49071.85,60,0,746970
BANKNIFTY-II.NFO,14/01/2025,09:27:43,49050,49048.85,150,49062.7,60,90,746970
BANKNIFTY-II.NFO,14/01/2025,09:27:45,49070.95,49056.35,120,49070.9,90,210,746970
BANKNIFTY-II.NFO,14/01/2025,09:27:47,49058.5,49058.4,120,49071.8,60,30,746160
BANKNIFTY-II.NFO,14/01/2025,09:27:48,49049.35,49046.6,120,49062.2,60,150,746160
BANKNIFTY-II.NFO,14/01/2025,09:27:50,49049.35,49048,120,49061.3,60,0,746160
BANKNIFTY-II.NFO,14/01/2025,09:27:52,49048,49050.05,120,49063.35,60,60,746160
BANKNIFTY-II.NFO,14/01/2025,09:27:53,49048,49047.95,120,49050.05,30,0,746160
BANKNIFTY-II.NFO,14/01/2025,09:27:55,49050.05,49055.55,30,49067.6,60,30,746160
BANKNIFTY-II.NFO,14/01/2025,09:27:57,49050,49045.35,120,49058.05,90,30,746160
BANKNIFTY-II.NFO,14/01/2025,09:27:58,49050,49041.5,120,49054.65,60,0,746160
BANKNIFTY-II.NFO,14/01/2025,09:28:00,49059.1,49047.6,30,49055,30,30,746160
BANKNIFTY-II.NFO,14/01/2025,09:28:02,49059.1,49042.65,120,49055,30,0,746160
BANKNIFTY-II.NFO,14/01/2025,09:28:03,49059.1,49038.9,30,49051.4,90,0,746160
BANKNIFTY-II.NFO,14/01/2025,09:28:05,49038.95,49032.1,120,49046.95,150,30,746160
BANKNIFTY-II.NFO,14/01/2025,09:28:07,49038.95,49030.35,120,49044.95,120,0,746160
BANKNIFTY-II.NFO,14/01/2025,09:28:08,49045.1,49031,60,49045.2,60,300,746160
BANKNIFTY-II.NFO,14/01/2025,09:28:10,49045.1,49030.8,120,49043.95,30,0,746160
BANKNIFTY-II.NFO,14/01/2025,09:28:12,49045.1,49030.45,120,49043.9,60,0,746160
BANKNIFTY-II.NFO,14/01/2025,09:28:13,49030.4,49030.2,60,49043.9,60,30,746160
BANKNIFTY-II.NFO,14/01/2025,09:28:15,49028.2,49033.5,120,49046.45,60,240,746160
BANKNIFTY-II.NFO,14/01/2025,09:28:16,49043.95,49036.9,120,49045.95,30,30,746160
BANKNIFTY-II.NFO,14/01/2025,09:28:18,49047.95,49038.55,120,49047.95,30,30,746160
BANKNIFTY-II.NFO,14/01/2025,09:28:20,49047.95,49031.05,120,49043.7,60,0,746160
BANKNIFTY-II.NFO,14/01/2025,09:28:21,49047.95,49028,120,49039.95,30,0,746160
BANKNIFTY-II.NFO,14/01/2025,09:28:23,49047.95,49027.95,30,49039.5,90,0,746160
BANKNIFTY-II.NFO,14/01/2025,09:28:25,49047.95,49018.4,30,49029.9,60,0,746160
BANKNIFTY-II.NFO,14/01/2025,09:28:26,49047.95,49021.3,120,49029.95,30,0,746160
BANKNIFTY-II.NFO,14/01/2025,09:28:28,49013.3,49008.15,120,49026.05,90,330,746160
BANKNIFTY-II.NFO,14/01/2025,09:28:29,49013.3,49009.8,120,49024.2,90,0,746160
BANKNIFTY-II.NFO,14/01/2025,09:28:31,49013.3,49013.3,30,49025.2,90,0,746160
BANKNIFTY-II.NFO,14/01/2025,09:28:33,49013.3,49018.45,150,49033.55,90,0,746160
BANKNIFTY-II.NFO,14/01/2025,09:28:34,49013.3,49031.15,120,49045.6,90,0,746160
BANKNIFTY-II.NFO,14/01/2025,09:28:36,49013.3,49027.95,30,49039.9,90,0,746160
BANKNIFTY-II.NFO,14/01/2025,09:28:38,49027.95,49027.35,120,49041.9,90,30,746160
BANKNIFTY-II.NFO,14/01/2025,09:28:39,49027.95,49037.55,120,49046,30,0,746160
BANKNIFTY-II.NFO,14/01/2025,09:28:41,49047.9,49047.65,90,49047.9,270,210,746160
BANKNIFTY-II.NFO,14/01/2025,09:28:43,49047.9,49039.2,120,49047.9,120,150,746160
BANKNIFTY-II.NFO,14/01/2025,09:28:44,49037.15,49045.35,90,49047.9,120,30,746160
BANKNIFTY-II.NFO,14/01/2025,09:28:46,49037.15,49042.1,120,49047.9,120,0,746160
BANKNIFTY-II.NFO,14/01/2025,09:28:47,49050,49051.2,30,49056,30,240,746160
BANKNIFTY-II.NFO,14/01/2025,09:28:49,49044.1,49044.1,30,49056.15,120,60,746160
BANKNIFTY-II.NFO,14/01/2025,09:28:51,49048.25,49050.6,30,49061.6,60,240,746160
BANKNIFTY-II.NFO,14/01/2025,09:28:52,49048.25,49050.9,30,49056,210,0,746160
BANKNIFTY-II.NFO,14/01/2025,09:28:54,49048.25,49045.6,30,49055.1,60,0,746160
BANKNIFTY-II.NFO,14/01/2025,09:28:56,49043.1,49036.45,120,49051.8,150,30,746160
BANKNIFTY-II.NFO,14/01/2025,09:28:57,49043.1,49040.75,90,49055.5,30,0,746160
BANKNIFTY-II.NFO,14/01/2025,09:28:59,49043.1,49044.75,90,49056,210,0,746160
BANKNIFTY-II.NFO,14/01/2025,09:29:00,49043.1,49042.45,90,49055.65,60,0,746160
BANKNIFTY-II.NFO,14/01/2025,09:29:02,49056,49045.2,90,49059.85,120,210,746160
BANKNIFTY-II.NFO,14/01/2025,09:29:04,49056,49047.15,90,49062.05,120,0,746160
BANKNIFTY-II.NFO,14/01/2025,09:29:05,49056,49051.2,150,49055,30,0,746160
BANKNIFTY-II.NFO,14/01/2025,09:29:07,49056,49048.8,90,49055,30,0,746160
BANKNIFTY-II.NFO,14/01/2025,09:29:09,49056,49048.95,90,49055,30,0,746160
BANKNIFTY-II.NFO,14/01/2025,09:29:10,49056,49047.7,90,49054.95,30,0,746160
BANKNIFTY-II.NFO,14/01/2025,09:29:12,49055,49055.1,90,49069.95,120,60,746160
BANKNIFTY-II.NFO,14/01/2025,09:29:14,49054.1,49046.1,60,49059.65,150,30,746160
BANKNIFTY-II.NFO,14/01/2025,09:29:15,49050,49044.9,60,49056.65,60,30,746160
BANKNIFTY-II.NFO,14/01/2025,09:29:17,49050,49044.1,60,49057,60,0,746160
BANKNIFTY-II.NFO,14/01/2025,09:29:18,49055.3,49041.6,120,49056.75,90,210,746160
BANKNIFTY-II.NFO,14/01/2025,09:29:20,49055.3,49043.05,120,49057.9,120,0,746160
BANKNIFTY-II.NFO,14/01/2025,09:29:22,49055.3,49036.85,120,49053.15,90,0,746160
BANKNIFTY-II.NFO,14/01/2025,09:29:23,49055.3,49032.1,120,49047.4,60,0,746160
BANKNIFTY-II.NFO,14/01/2025,09:29:25,49055.3,49029.5,120,49043.75,90,0,746160
BANKNIFTY-II.NFO,14/01/2025,09:29:27,49055.3,49038.35,150,49049,60,0,746160
BANKNIFTY-II.NFO,14/01/2025,09:29:28,49055.3,49038.25,150,49050.65,60,0,746160
BANKNIFTY-II.NFO,14/01/2025,09:29:30,49055.3,49037.55,150,49048.95,60,0,746160
BANKNIFTY-II.NFO,14/01/2025,09:29:32,49055.3,49037.6,120,49051.95,60,0,746160
BANKNIFTY-II.NFO,14/01/2025,09:29:33,49041.65,49042.35,150,49045,90,30,746160
BANKNIFTY-II.NFO,14/01/2025,09:29:35,49053.75,49048.75,150,49059.95,60,240,746160
BANKNIFTY-II.NFO,14/01/2025,09:29:37,49050.65,49044.05,30,49057.3,60,240,746160
BANKNIFTY-II.NFO,14/01/2025,09:29:38,49050.65,49048.35,120,49061.45,60,0,746160
BANKNIFTY-II.NFO,14/01/2025,09:29:40,49050.65,49051.2,120,49063.85,60,0,746160
BANKNIFTY-II.NFO,14/01/2025,09:29:42,49050.65,49051.15,150,49063.55,60,0,746160
BANKNIFTY-II.NFO,14/01/2025,09:29:43,49050.65,49048.05,180,49060.05,60,0,746160
BANKNIFTY-II.NFO,14/01/2025,09:29:45,49047.65,49047.85,30,49060.2,60,270,746160
BANKNIFTY-II.NFO,14/01/2025,09:29:46,49047.65,49046.6,180,49057.8,60,0,746160
BANKNIFTY-II.NFO,14/01/2025,09:29:48,49047.65,49048.95,90,49060,30,0,746160
BANKNIFTY-II.NFO,14/01/2025,09:29:50,49051,49057.4,150,49060,30,30,746160
BANKNIFTY-II.NFO,14/01/2025,09:29:51,49063.8,49050.4,30,49063.45,120,90,746160
BANKNIFTY-II.NFO,14/01/2025,09:29:53,49063.8,49051.1,150,49063.5,60,0,746160
BANKNIFTY-II.NFO,14/01/2025,09:29:55,49063.8,49058.1,30,49070,90,0,746160
BANKNIFTY-II.NFO,14/01/2025,09:29:56,49063.8,49061.95,60,49070,90,0,746160
BANKNIFTY-II.NFO,14/01/2025,09:29:58,49063.8,49054.65,30,49067.9,60,0,746160
BANKNIFTY-II.NFO,14/01/2025,09:30:00,49063.8,49054.95,30,49066.15,120,0,746160
BANKNIFTY-II.NFO,14/01/2025,09:30:01,49063.8,49059.95,60,49070,540,0,746160
BANKNIFTY-II.NFO,14/01/2025,09:30:03,49071,49066.65,60,49070,30,570,746160
BANKNIFTY-II.NFO,14/01/2025,09:30:05,49071,49065.6,180,49070,240,0,746160
BANKNIFTY-II.NFO,14/01/2025,09:30:07,49075,49066.7,150,49075,450,300,746160
BANKNIFTY-II.NFO,14/01/2025,09:30:08,49075,49067.8,90,49075,450,0,746160
BANKNIFTY-II.NFO,14/01/2025,09:30:10,49069.4,49064.2,30,49075,450,30,746160
BANKNIFTY-II.NFO,14/01/2025,09:30:12,49069.4,49063.85,30,49075,450,0,746160
BANKNIFTY-II.NFO,14/01/2025,09:30:13,49075,49065.1,150,49075,420,30,746160
BANKNIFTY-II.NFO,14/01/2025,09:30:15,49075,49066.85,150,49075,210,210,746160
BANKNIFTY-II.NFO,14/01/2025,09:30:16,49075,49069.45,30,49075,210,0,746160
BANKNIFTY-II.NFO,14/01/2025,09:30:18,49075,49064.6,30,49075,60,180,746160
BANKNIFTY-II.NFO,14/01/2025,09:30:20,49075,49063.9,30,49075,60,0,746160
BANKNIFTY-II.NFO,14/01/2025,09:30:21,49063.8,49060.3,30,49069.85,120,90,746160
BANKNIFTY-II.NFO,14/01/2025,09:30:23,49063.8,49058.85,30,49070,120,0,746160
BANKNIFTY-II.NFO,14/01/2025,09:30:25,49063.8,49058.5,30,49070.95,60,0,746160
BANKNIFTY-II.NFO,14/01/2025,09:30:26,49070,49061.45,30,49073.7,60,210,746160
BANKNIFTY-II.NFO,14/01/2025,09:30:28,49070,49064.15,30,49075,60,0,746160
BANKNIFTY-II.NFO,14/01/2025,09:30:30,49070,49069.95,150,49075,60,0,746160
BANKNIFTY-II.NFO,14/01/2025,09:30:31,49075,49072,150,49075,30,30,746160
BANKNIFTY-II.NFO,14/01/2025,09:30:33,49072,49062.45,30,49080.05,120,60,746160
BANKNIFTY-II.NFO,14/01/2025,09:30:35,49072,49063.6,30,49075.9,60,0,746160
BANKNIFTY-II.NFO,14/01/2025,09:30:36,49064.45,49065.65,60,49079.85,120,240,746160
BANKNIFTY-II.NFO,14/01/2025,09:30:36,49077.95,49065.65,60,49079.85,120,0,746160
BANKNIFTY-II.NFO,14/01/2025,09:30:38,49064.45,49070.6,150,49081.05,30,0,746160
BANKNIFTY-II.NFO,14/01/2025,09:30:40,49064.45,49069.6,30,49081.05,30,0,746160
BANKNIFTY-II.NFO,14/01/2025,09:30:41,49064.45,49069.5,30,49081.05,30,0,746160
BANKNIFTY-II.NFO,14/01/2025,09:30:43,49064.45,49064.95,30,49078.25,60,0,746160
BANKNIFTY-II.NFO,14/01/2025,09:30:45,49064.45,49071.2,30,49080,30,0,746160
BANKNIFTY-II.NFO,14/01/2025,09:30:47,49081.05,49080.05,180,49090,30,90,746160
BANKNIFTY-II.NFO,14/01/2025,09:30:47,49081.05,49080.05,180,49090,30,0,746160
BANKNIFTY-II.NFO,14/01/2025,09:30:48,49081.05,49077.9,330,49090,30,0,746160
BANKNIFTY-II.NFO,14/01/2025,09:30:50,49087.9,49076.05,150,49089.95,120,210,744870
BANKNIFTY-II.NFO,14/01/2025,09:30:50,49087.9,49076.05,150,49089.95,120,0,744870
BANKNIFTY-II.NFO,14/01/2025,09:30:51,49087.9,49080.65,30,49090,30,0,744870
BANKNIFTY-II.NFO,14/01/2025,09:30:53,49087.9,49078.45,30,49090,30,0,744870
BANKNIFTY-II.NFO,14/01/2025,09:30:55,49087.9,49078.6,60,49089.95,30,0,744870
BANKNIFTY-II.NFO,14/01/2025,09:30:56,49087.9,49079.4,150,49089.95,30,0,744870
BANKNIFTY-II.NFO,14/01/2025,09:30:58,49087.9,49078.45,150,49089.9,30,0,744870
BANKNIFTY-II.NFO,14/01/2025,09:31:00,49080.2,49082.25,90,49090,30,240,744870
BANKNIFTY-II.NFO,14/01/2025,09:31:00,49089.95,49082.25,90,49090,30,0,744870
BANKNIFTY-II.NFO,14/01/2025,09:31:01,49081.6,49082.45,30,49090,30,60,744870
BANKNIFTY-II.NFO,14/01/2025,09:31:03,49081.35,49082.5,60,49090,30,30,744870
BANKNIFTY-II.NFO,14/01/2025,09:31:05,49095,49090.5,30,49098,150,90,744870
BANKNIFTY-II.NFO,14/01/2025,09:31:05,49095,49090.5,30,49098,150,0,744870
BANKNIFTY-II.NFO,14/01/2025,09:31:06,49093.6,49089.75,60,49098,120,60,744870
BANKNIFTY-II.NFO,14/01/2025,09:31:06,49098,49089.75,60,49098,120,0,744870
BANKNIFTY-II.NFO,14/01/2025,09:31:08,49079.45,49080.35,30,49088.4,60,150,744870
BANKNIFTY-II.NFO,14/01/2025,09:31:09,49079.45,49077,30,49089.25,60,0,744870
BANKNIFTY-II.NFO,14/01/2025,09:31:11,49079.45,49072.65,30,49085.9,60,0,744870
BANKNIFTY-II.NFO,14/01/2025,09:31:13,49079.45,49082.1,30,49085,60,0,744870
BANKNIFTY-II.NFO,14/01/2025,09:31:14,49085,49083.85,180,49096.9,120,60,744870
BANKNIFTY-II.NFO,14/01/2025,09:31:16,49085,49082.1,30,49095.8,60,0,744870
BANKNIFTY-II.NFO,14/01/2025,09:31:18,49085,49083.9,60,49097.1,60,0,744870
BANKNIFTY-II.NFO,14/01/2025,09:31:19,49085,49081.5,30,49097.4,120,0,744870
BANKNIFTY-II.NFO,14/01/2025,09:31:21,49095,49083.8,270,49096.85,60,210,744870
BANKNIFTY-II.NFO,14/01/2025,09:31:23,49095,49082.75,150,49096.75,90,0,744870
BANKNIFTY-II.NFO,14/01/2025,09:31:24,49083.2,49083.5,150,49096.7,30,30,744870
BANKNIFTY-II.NFO,14/01/2025,09:31:26,49083.2,49086.05,120,49098,120,0,744870
BANKNIFTY-II.NFO,14/01/2025,09:31:28,49083.2,49083.45,120,49096.7,60,0,744870
BANKNIFTY-II.NFO,14/01/2025,09:31:29,49083.2,49073.95,30,49085.75,120,0,744870
BANKNIFTY-II.NFO,14/01/2025,09:31:31,49067.5,49056.2,120,49071,120,30,744870
BANKNIFTY-II.NFO,14/01/2025,09:31:33,49071.9,49057.7,150,49070.4,120,60,744870
BANKNIFTY-II.NFO,14/01/2025,09:31:34,49071.9,49063.8,30,49065,60,0,744870
BANKNIFTY-II.NFO,14/01/2025,09:31:36,49080.05,49066.3,150,49079.45,60,90,744870
BANKNIFTY-II.NFO,14/01/2025,09:31:38,49080.05,49063.8,30,49075.9,120,0,744870
BANKNIFTY-II.NFO,14/01/2025,09:31:39,49080.05,49067.5,30,49079.45,120,0,744870
BANKNIFTY-II.NFO,14/01/2025,09:31:41,49080.05,49067.55,120,49080.75,120,0,744870
BANKNIFTY-II.NFO,14/01/2025,09:31:43,49080.05,49067.55,120,49080.65,60,0,744870
BANKNIFTY-II.NFO,14/01/2025,09:31:44,49080.05,49067.55,150,49081,120,0,744870
BANKNIFTY-II.NFO,14/01/2025,09:31:46,49080.05,49079.15,150,49093.8,120,30,744870
BANKNIFTY-II.NFO,14/01/2025,09:31:47,49080.05,49079,120,49094.15,120,0,744870
BANKNIFTY-II.NFO,14/01/2025,09:31:49,49092.6,49078.6,120,49093.2,90,30,744870
BANKNIFTY-II.NFO,14/01/2025,09:31:51,49092.6,49082.65,120,49095,30,0,744870
BANKNIFTY-II.NFO,14/01/2025,09:31:52,49082.85,49082.7,120,49095,30,30,744870
BANKNIFTY-II.NFO,14/01/2025,09:31:54,49082.85,49080.6,120,49093.65,60,0,744870
BANKNIFTY-II.NFO,14/01/2025,09:31:56,49080.6,49082.25,90,49095,30,30,744870
BANKNIFTY-II.NFO,14/01/2025,09:31:57,49082.15,49084.2,60,49097.95,60,240,744870
BANKNIFTY-II.NFO,14/01/2025,09:31:59,49083.8,49082.3,60,49097.85,60,30,744870
BANKNIFTY-II.NFO,14/01/2025,09:32:01,49083.8,49083.8,180,49097.5,120,0,744870
BANKNIFTY-II.NFO,14/01/2025,09:32:02,49085,49079.7,60,49094.7,120,30,744870
BANKNIFTY-II.NFO,14/01/2025,09:32:04,49085,49083.65,300,49097.65,120,0,744870
BANKNIFTY-II.NFO,14/01/2025,09:32:06,49080.3,49077.75,330,49092.5,120,60,744870
BANKNIFTY-II.NFO,14/01/2025,09:32:07,49092.2,49078.55,60,49093.8,120,150,744870
BANKNIFTY-II.NFO,14/01/2025,09:32:09,49092.2,49077.45,60,49091.15,120,0,744870
BANKNIFTY-II.NFO,14/01/2025,09:32:11,49092.2,49070.3,60,49083.8,60,0,744870
BANKNIFTY-II.NFO,14/01/2025,09:32:12,49092.2,49069.5,30,49081.35,60,0,744870
BANKNIFTY-II.NFO,14/01/2025,09:32:14,49092.2,49071.5,60,49085.6,120,0,744870
BANKNIFTY-II.NFO,14/01/2025,09:32:16,49071.5,49071.5,60,49085.95,30,30,744870
BANKNIFTY-II.NFO,14/01/2025,09:32:17,49071.5,49073.35,150,49086.5,120,0,744870
BANKNIFTY-II.NFO,14/01/2025,09:32:19,49071.5,49069.15,90,49084.7,120,0,744870
BANKNIFTY-II.NFO,14/01/2025,09:32:21,49071.5,49071.65,180,49085.9,120,0,744870
BANKNIFTY-II.NFO,14/01/2025,09:32:23,49071.5,49075.25,150,49089.85,180,0,744870
BANKNIFTY-II.NFO,14/01/2025,09:32:24,49071.5,49076.35,150,49089.9,60,0,744870
BANKNIFTY-II.NFO,14/01/2025,09:32:26,49071.5,49074.05,30,49087,120,0,744870
BANKNIFTY-II.NFO,14/01/2025,09:32:28,49071.5,49071.85,30,49084.1,120,0,744870
BANKNIFTY-II.NFO,14/01/2025,09:32:29,49072.25,49067.4,30,49079.65,60,30,744870
BANKNIFTY-II.NFO,14/01/2025,09:32:31,49061.6,49056.35,60,49070.9,120,120,744870
BANKNIFTY-II.NFO,14/01/2025,09:32:33,49056.05,49050.7,60,49062.85,60,90,744870
BANKNIFTY-II.NFO,14/01/2025,09:32:34,49054.85,49051.45,90,49064.1,120,30,744870
BANKNIFTY-II.NFO,14/01/2025,09:32:36,49052.85,49050,30,49058.3,60,30,744870
BANKNIFTY-II.NFO,14/01/2025,09:32:38,49059.1,49045.5,330,49059.55,60,60,744870
BANKNIFTY-II.NFO,14/01/2025,09:32:39,49059.1,49047.05,150,49062.35,60,0,744870
BANKNIFTY-II.NFO,14/01/2025,09:32:41,49059.1,49057.3,30,49071.05,120,0,744870
BANKNIFTY-II.NFO,14/01/2025,09:32:43,49059.1,49060.8,180,49074.65,60,0,744870
BANKNIFTY-II.NFO,14/01/2025,09:32:44,49064.85,49064.75,30,49077.7,60,150,744870
BANKNIFTY-II.NFO,14/01/2025,09:32:46,49064.85,49076.3,30,49089,60,0,744870
BANKNIFTY-II.NFO,14/01/2025,09:32:47,49064.85,49077.7,30,49092.3,120,0,744870
BANKNIFTY-II.NFO,14/01/2025,09:32:49,49083.8,49085.6,300,49098,120,30,744870
BANKNIFTY-II.NFO,14/01/2025,09:32:51,49083.8,49081.3,150,49095.7,60,0,744870
BANKNIFTY-II.NFO,14/01/2025,09:32:52,49083.8,49081.3,150,49094.5,90,0,744870
BANKNIFTY-II.NFO,14/01/2025,09:32:54,49083.8,49076.45,150,49091.85,120,0,744870
BANKNIFTY-II.NFO,14/01/2025,09:32:56,49083.8,49068.1,60,49083.65,150,0,744870
BANKNIFTY-II.NFO,14/01/2025,09:32:57,49083.7,49075.7,300,49090.75,120,30,744870
BANKNIFTY-II.NFO,14/01/2025,09:32:59,49083.7,49075.85,90,49090.65,90,0,744870
BANKNIFTY-II.NFO,14/01/2025,09:33:00,49072.65,49072.55,300,49087,90,30,744870
BANKNIFTY-II.NFO,14/01/2025,09:33:02,49072.65,49081.55,60,49095.95,30,0,744870
BANKNIFTY-II.NFO,14/01/2025,09:33:04,49072.65,49078.95,60,49093.85,60,0,744870
BANKNIFTY-II.NFO,14/01/2025,09:33:05,49094.9,49080.9,300,49094.4,150,30,744870
BANKNIFTY-II.NFO,14/01/2025,09:33:07,49083.8,49082.95,150,49095.8,60,60,744870
BANKNIFTY-II.NFO,14/01/2025,09:33:09,49085.05,49076.05,330,49090.2,60,30,744870
BANKNIFTY-II.NFO,14/01/2025,09:33:10,49085.05,49078.35,330,49092.1,60,0,744870
BANKNIFTY-II.NFO,14/01/2025,09:33:12,49080.4,49080.9,150,49093.15,60,30,744870
BANKNIFTY-II.NFO,14/01/2025,09:33:13,49079.15,49081.9,150,49095.35,90,330,744870
BANKNIFTY-II.NFO,14/01/2025,09:33:15,49079.15,49079.65,300,49092.7,90,0,744870
BANKNIFTY-II.NFO,14/01/2025,09:33:17,49079.15,49078.5,150,49091.85,60,0,744870
BANKNIFTY-II.NFO,14/01/2025,09:33:18,49079.15,49078.65,150,49091.65,90,0,744870
BANKNIFTY-II.NFO,14/01/2025,09:33:20,49079.15,49080.7,150,49093.95,60,0,744870
BANKNIFTY-II.NFO,14/01/2025,09:33:22,49070,49065.1,300,49077.95,60,120,744870
BANKNIFTY-II.NFO,14/01/2025,09:33:23,49079.15,49079.65,150,49093.45,90,30,744870
BANKNIFTY-II.NFO,14/01/2025,09:33:25,49079.7,49079.05,150,49092.95,90,60,744870
BANKNIFTY-II.NFO,14/01/2025,09:33:27,49079.7,49079.05,150,49092.7,60,0,744870
BANKNIFTY-II.NFO,14/01/2025,09:33:28,49079.7,49076.55,150,49088.9,60,0,744870
BANKNIFTY-II.NFO,14/01/2025,09:33:30,49076.65,49078.65,180,49092.65,60,60,744870
BANKNIFTY-II.NFO,14/01/2025,09:33:32,49076.65,49074.25,180,49088.2,60,0,744870
BANKNIFTY-II.NFO,14/01/2025,09:33:33,49076.65,49074.2,360,49088.65,120,0,744870
BANKNIFTY-II.NFO,14/01/2025,09:33:35,49076.65,49074.2,330,49087.2,120,0,744870
BANKNIFTY-II.NFO,14/01/2025,09:33:37,49076.65,49073.25,330,49086.75,60,0,744870
BANKNIFTY-II.NFO,14/01/2025,09:33:38,49076.65,49075.65,90,49087.4,30,0,744870
BANKNIFTY-II.NFO,14/01/2025,09:33:40,49084.25,49074.45,30,49087.2,60,30,744870
BANKNIFTY-II.NFO,14/01/2025,09:33:42,49084.25,49074.45,30,49086.65,60,0,744870
BANKNIFTY-II.NFO,14/01/2025,09:33:43,49084.25,49073.3,60,49085.45,30,0,744870
BANKNIFTY-II.NFO,14/01/2025,09:33:45,49084.25,49074.2,60,49085.45,30,0,744870
BANKNIFTY-II.NFO,14/01/2025,09:33:46,49084.25,49072.15,60,49084,30,0,744870
BANKNIFTY-II.NFO,14/01/2025,09:33:48,49084.25,49073.85,30,49083.95,30,0,744870
BANKNIFTY-II.NFO,14/01/2025,09:33:50,49072.1,49072.05,180,49083.9,30,30,743580
BANKNIFTY-II.NFO,14/01/2025,09:33:51,49072.1,49072.05,150,49083.85,30,0,743580
BANKNIFTY-II.NFO,14/01/2025,09:33:53,49072.1,49074.85,330,49083.9,30,0,743580
BANKNIFTY-II.NFO,14/01/2025,09:33:55,49072.1,49070.8,300,49082.7,60,0,743580
BANKNIFTY-II.NFO,14/01/2025,09:33:56,49064.8,49064.8,150,49077.6,60,60,743580
BANKNIFTY-II.NFO,14/01/2025,09:33:58,49076.3,49065,150,49077,60,120,743580
BANKNIFTY-II.NFO,14/01/2025,09:34:00,49076.3,49059.65,180,49075.8,150,0,743580
BANKNIFTY-II.NFO,14/01/2025,09:34:01,49076.3,49061.8,150,49072.95,30,0,743580
BANKNIFTY-II.NFO,14/01/2025,09:34:03,49064.8,49058.55,30,49071.4,60,30,743580
BANKNIFTY-II.NFO,14/01/2025,09:34:05,49058.65,49060,150,49071.5,30,30,743580
BANKNIFTY-II.NFO,14/01/2025,09:34:06,49058.65,49060.7,150,49070.7,30,0,743580
BANKNIFTY-II.NFO,14/01/2025,09:34:08,49058.7,49052.15,300,49065.8,150,30,743580
BANKNIFTY-II.NFO,14/01/2025,09:34:10,49058.7,49050,30,49063.3,120,0,743580
BANKNIFTY-II.NFO,14/01/2025,09:34:11,49058.7,49053.35,300,49064.75,60,0,743580
BANKNIFTY-II.NFO,14/01/2025,09:34:13,49058.7,49059.7,150,49064.7,30,0,743580
BANKNIFTY-II.NFO,14/01/2025,09:34:15,49056.8,49051.05,30,49063.6,60,90,743580
BANKNIFTY-II.NFO,14/01/2025,09:34:16,49054.5,49054.5,150,49064.7,30,30,743580
BANKNIFTY-II.NFO,14/01/2025,09:34:18,49055.85,49058.05,90,49064.65,30,150,743580
BANKNIFTY-II.NFO,14/01/2025,09:34:20,49055.85,49056.55,150,49064.65,30,0,743580
BANKNIFTY-II.NFO,14/01/2025,09:34:21,49056.85,49050.45,150,49063.2,60,60,743580
BANKNIFTY-II.NFO,14/01/2025,09:34:23,49056.85,49056.95,150,49064.65,30,0,743580
BANKNIFTY-II.NFO,14/01/2025,09:34:25,49064.6,49063.75,150,49064.65,30,30,743580
BANKNIFTY-II.NFO,14/01/2025,09:34:26,49064.8,49061.45,90,49075.05,120,90,743580
BANKNIFTY-II.NFO,14/01/2025,09:34:28,49061.45,49057.35,150,49069.25,60,30,743580
BANKNIFTY-II.NFO,14/01/2025,09:34:30,49061.45,49057.35,150,49069.45,60,0,743580
BANKNIFTY-II.NFO,14/01/2025,09:34:31,49061.45,49056.8,60,49067.65,60,0,743580
BANKNIFTY-II.NFO,14/01/2025,09:34:33,49069.4,49067.05,150,49080.2,150,30,743580
BANKNIFTY-II.NFO,14/01/2025,09:34:35,49067.05,49064.4,60,49077.65,90,30,743580
BANKNIFTY-II.NFO,14/01/2025,09:34:36,49067.05,49066.45,60,49078.15,30,0,743580
BANKNIFTY-II.NFO,14/01/2025,09:34:38,49073.45,49062.1,30,49076.65,150,120,743580
BANKNIFTY-II.NFO,14/01/2025,09:34:40,49073.45,49064.8,150,49079.25,180,0,743580
BANKNIFTY-II.NFO,14/01/2025,09:34:41,49073.45,49057.2,150,49071.65,210,0,743580
BANKNIFTY-II.NFO,14/01/2025,09:34:43,49074,49055.15,30,49068.75,180,240,743580
BANKNIFTY-II.NFO,14/01/2025,09:34:45,49074,49052.45,150,49066.8,150,0,743580
BANKNIFTY-II.NFO,14/01/2025,09:34:46,49074,49052.25,120,49065.9,180,0,743580
BANKNIFTY-II.NFO,14/01/2025,09:34:48,49074,49052.7,120,49066.15,150,0,743580
BANKNIFTY-II.NFO,14/01/2025,09:34:50,49050,49046.25,30,49057.6,150,30,743580
BANKNIFTY-II.NFO,14/01/2025,09:34:51,49042.9,49035.8,120,49050.25,180,150,743580
BANKNIFTY-II.NFO,14/01/2025,09:34:53,49042.9,49036.15,150,49051.4,210,0,743580
BANKNIFTY-II.NFO,14/01/2025,09:34:55,49054.35,49044.15,150,49059.75,150,120,743580
BANKNIFTY-II.NFO,14/01/2025,09:34:56,49054.35,49045.6,150,49061.1,150,0,743580
BANKNIFTY-II.NFO,14/01/2025,09:34:58,49043.95,49042.55,30,49057.45,120,60,743580
BANKNIFTY-II.NFO,14/01/2025,09:35:00,49043.95,49035.55,150,49050.5,90,0,743580
BANKNIFTY-II.NFO,14/01/2025,09:35:01,49043.95,49032.65,30,49045.45,90,0,743580
BANKNIFTY-II.NFO,14/01/2025,09:35:03,49018,49014.85,150,49029.95,90,180,743580
BANKNIFTY-II.NFO,14/01/2025,09:35:04,49017.1,49024.2,120,49039.8,90,30,743580
BANKNIFTY-II.NFO,14/01/2025,09:35:06,49017.1,49026.15,30,49039.95,30,0,743580
BANKNIFTY-II.NFO,14/01/2025,09:35:08,49024.15,49019.95,120,49035.3,60,60,743580
BANKNIFTY-II.NFO,14/01/2025,09:35:09,49013.35,49013.35,120,49029,60,30,743580
BANKNIFTY-II.NFO,14/01/2025,09:35:11,49030.25,49013.35,120,49029.6,120,150,743580
BANKNIFTY-II.NFO,14/01/2025,09:35:13,49030.25,49013.3,60,49029.6,150,0,743580
BANKNIFTY-II.NFO,14/01/2025,09:35:14,49008.95,49009.85,120,49025.1,60,90,743580
BANKNIFTY-II.NFO,14/01/2025,09:35:16,49008.95,49008.2,150,49023.55,60,0,743580
BANKNIFTY-II.NFO,14/01/2025,09:35:18,49008.95,49010,120,49023.8,60,0,743580
BANKNIFTY-II.NFO,14/01/2025,09:35:19,49008.95,49009,60,49023.65,120,450,743580
BANKNIFTY-II.NFO,14/01/2025,09:35:21,49009.2,49004.3,60,49020,120,30,743580
BANKNIFTY-II.NFO,14/01/2025,09:35:23,49003.15,49003.15,60,49013.2,90,30,743580
BANKNIFTY-II.NFO,14/01/2025,09:35:24,48999.5,48991.45,30,48999.9,30,150,743580
BANKNIFTY-II.NFO,14/01/2025,09:35:26,48985,48985,30,48996.85,120,60,743580
BANKNIFTY-II.NFO,14/01/2025,09:35:28,48985,48985,30,48996.65,60,0,743580
BANKNIFTY-II.NFO,14/01/2025,09:35:29,48985,48995.2,150,48999.9,30,0,743580
BANKNIFTY-II.NFO,14/01/2025,09:35:31,49017.95,49012.85,180,49026.75,60,180,743580
BANKNIFTY-II.NFO,14/01/2025,09:35:33,49017.95,49004.55,180,49021.55,210,0,743580
BANKNIFTY-II.NFO,14/01/2025,09:35:34,49017.95,49010.75,60,49028.9,210,0,743580
BANKNIFTY-II.NFO,14/01/2025,09:35:36,49017.95,49000.5,90,49015.5,60,0,743580
BANKNIFTY-II.NFO,14/01/2025,09:35:38,49017.95,49006.9,150,49021.5,150,0,743580
BANKNIFTY-II.NFO,14/01/2025,09:35:39,49007.25,49008.85,150,49026.75,150,60,743580
BANKNIFTY-II.NFO,14/01/2025,09:35:41,49030.7,49015.65,60,49030.6,120,150,743580
BANKNIFTY-II.NFO,14/01/2025,09:35:43,49030.7,49008.1,60,49023.75,210,0,743580
BANKNIFTY-II.NFO,14/01/2025,09:35:44,49030.7,49013.2,30,49026.85,60,0,743580
BANKNIFTY-II.NFO,14/01/2025,09:35:46,49030.7,49020.1,30,49033.3,60,0,743580
BANKNIFTY-II.NFO,14/01/2025,09:35:48,49030.7,49018.9,30,49033.3,120,0,743580
BANKNIFTY-II.NFO,14/01/2025,09:35:49,49030.7,49006.7,60,49021.05,60,0,743580
BANKNIFTY-II.NFO,14/01/2025,09:35:51,49030.7,49013.4,90,49027.6,60,0,743580
BANKNIFTY-II.NFO,14/01/2025,09:35:53,49030.7,49014.4,60,49027.45,60,0,743580
BANKNIFTY-II.NFO,14/01/2025,09:35:54,49030.7,49012.4,30,49026.45,90,0,743580
BANKNIFTY-II.NFO,14/01/2025,09:35:56,49030.7,49006.45,30,49020.35,60,0,743580
BANKNIFTY-II.NFO,14/01/2025,09:35:58,49030.7,49013.35,30,49026.7,60,0,743580
BANKNIFTY-II.NFO,14/01/2025,09:35:59,49013.45,49014.95,60,49027.5,60,180,743580
BANKNIFTY-II.NFO,14/01/2025,09:36:01,49015.45,49015.95,150,49028.75,90,90,743580
BANKNIFTY-II.NFO,14/01/2025,09:36:03,49015.45,49015.65,150,49027.3,60,0,743580
BANKNIFTY-II.NFO,14/01/2025,09:36:04,49015.95,49022.15,60,49030,30,30,743580
BANKNIFTY-II.NFO,14/01/2025,09:36:06,49022.65,49022.25,150,49022.6,30,270,743580
BANKNIFTY-II.NFO,14/01/2025,09:36:08,49018.15,49020.45,150,49030,30,30,743580
BANKNIFTY-II.NFO,14/01/2025,09:36:09,49018.15,49015.6,150,49028.75,90,0,743580
BANKNIFTY-II.NFO,14/01/2025,09:36:11,49018.15,49009.8,30,49015.6,30,0,743580
BANKNIFTY-II.NFO,14/01/2025,09:36:13,49009.8,49001.35,120,49015.35,60,30,743580
BANKNIFTY-II.NFO,14/01/2025,09:36:14,49015.6,49019.95,60,49021.45,30,30,743580
BANKNIFTY-II.NFO,14/01/2025,09:36:16,49030,49029.5,60,49035,90,60,743580
BANKNIFTY-II.NFO,14/01/2025,09:36:18,49030,49031.5,60,49035,90,0,743580
BANKNIFTY-II.NFO,14/01/2025,09:36:19,49035,49038.1,60,49040,30,120,743580
BANKNIFTY-II.NFO,14/01/2025,09:36:21,49035,49036.05,60,49040,30,0,743580
BANKNIFTY-II.NFO,14/01/2025,09:36:23,49035,49037.2,120,49040,30,0,743580
BANKNIFTY-II.NFO,14/01/2025,09:36:24,49040,49035.4,120,49048.05,90,120,743580
BANKNIFTY-II.NFO,14/01/2025,09:36:26,49040,49025.65,150,49040.2,60,0,743580
BANKNIFTY-II.NFO,14/01/2025,09:36:27,49040,49031.35,60,49042.2,30,0,743580
BANKNIFTY-II.NFO,14/01/2025,09:36:29,49040,49037.45,150,49050,30,0,743580
BANKNIFTY-II.NFO,14/01/2025,09:36:31,49040,49036.75,60,49049.55,60,0,743580
BANKNIFTY-II.NFO,14/01/2025,09:36:32,49040,49044.8,60,49049.9,30,0,743580
BANKNIFTY-II.NFO,14/01/2025,09:36:34,49054.35,49046.85,60,49058.8,150,90,743580
BANKNIFTY-II.NFO,14/01/2025,09:36:36,49054.35,49045.3,120,49057.15,60,0,743580
BANKNIFTY-II.NFO,14/01/2025,09:36:37,49054.35,49042.7,120,49055.7,60,0,743580
BANKNIFTY-II.NFO,14/01/2025,09:36:39,49054.35,49047.8,60,49057.45,30,0,743580
BANKNIFTY-II.NFO,14/01/2025,09:36:41,49054.35,49041.65,120,49055.05,120,0,743580
BANKNIFTY-II.NFO,14/01/2025,09:36:42,49054.35,49038.1,120,49050.35,60,0,743580
BANKNIFTY-II.NFO,14/01/2025,09:36:44,49045,49039.05,120,49045,300,180,743580
BANKNIFTY-II.NFO,14/01/2025,09:36:46,49032.2,49033.6,90,49043.15,30,30,743580
BANKNIFTY-II.NFO,14/01/2025,09:36:47,49032.2,49024.25,90,49036.1,60,0,743580
BANKNIFTY-II.NFO,14/01/2025,09:36:49,49038.6,49025.25,30,49035.35,60,60,742650
BANKNIFTY-II.NFO,14/01/2025,09:36:51,49038.6,49010.15,30,49018.8,60,0,742650
BANKNIFTY-II.NFO,14/01/2025,09:36:52,49038.6,49009.9,30,49017.4,60,0,742650
BANKNIFTY-II.NFO,14/01/2025,09:36:54,49006.65,49007.65,60,49018.7,60,30,742650
BANKNIFTY-II.NFO,14/01/2025,09:36:56,49006.65,49005.95,30,49016.9,60,0,742650
BANKNIFTY-II.NFO,14/01/2025,09:36:58,49006.65,49005.55,30,49015.95,60,0,742650
BANKNIFTY-II.NFO,14/01/2025,09:36:59,49006.65,49004.75,60,49016.75,60,0,742650
BANKNIFTY-II.NFO,14/01/2025,09:37:01,49006.65,49002.9,60,49013.35,30,0,742650
BANKNIFTY-II.NFO,14/01/2025,09:37:03,49006.65,49006.65,30,49013.25,120,0,742650
BANKNIFTY-II.NFO,14/01/2025,09:37:04,49006.65,49006.65,30,49013.3,30,0,742650
BANKNIFTY-II.NFO,14/01/2025,09:37:06,49006.65,49002.05,30,49006.65,30,30,742650
BANKNIFTY-II.NFO,14/01/2025,09:37:07,49001.8,49004.1,30,49006.6,30,60,742650
BANKNIFTY-II.NFO,14/01/2025,09:37:09,49001.8,49001.8,30,49006.55,30,0,742650
BANKNIFTY-II.NFO,14/01/2025,09:37:11,49001.8,49001.8,30,49006.4,60,0,742650
BANKNIFTY-II.NFO,14/01/2025,09:37:12,49006.45,49001.8,30,49006.55,30,30,742650
BANKNIFTY-II.NFO,14/01/2025,09:37:14,49006.55,49000,30,49006.3,120,30,742650
BANKNIFTY-II.NFO,14/01/2025,09:37:16,49006.55,49000,30,49001.8,90,0,742650
BANKNIFTY-II.NFO,14/01/2025,09:37:17,49001.8,49001.1,60,49006.65,30,90,742650
BANKNIFTY-II.NFO,14/01/2025,09:37:19,49006.65,49004.55,60,49010,30,60,742650
BANKNIFTY-II.NFO,14/01/2025,09:37:20,49006.65,49003.65,150,49010,30,0,742650
BANKNIFTY-II.NFO,14/01/2025,09:37:22,49010,49004.05,60,49017.2,90,30,742650
BANKNIFTY-II.NFO,14/01/2025,09:37:24,49010,49014.85,60,49024.8,30,0,742650
BANKNIFTY-II.NFO,14/01/2025,09:37:25,49010,49022.25,150,49032.2,30,0,742650
BANKNIFTY-II.NFO,14/01/2025,09:37:27,49015.75,49015.55,150,49029.45,60,90,742650
BANKNIFTY-II.NFO,14/01/2025,09:37:29,49015.55,49019.8,150,49033.8,120,30,742650
BANKNIFTY-II.NFO,14/01/2025,09:37:30,49015.55,49019.7,300,49033.5,150,0,742650
BANKNIFTY-II.NFO,14/01/2025,09:37:32,49015.6,49014.8,150,49028.35,60,90,742650
BANKNIFTY-II.NFO,14/01/2025,09:37:34,49015.6,49013,300,49027.75,60,0,742650
BANKNIFTY-II.NFO,14/01/2025,09:37:35,49017.25,49014.7,30,49027.1,60,30,742650
BANKNIFTY-II.NFO,14/01/2025,09:37:37,49017.25,49011.5,150,49025.55,90,0,742650
BANKNIFTY-II.NFO,14/01/2025,09:37:38,49017.25,49017.45,150,49029.85,60,0,742650
BANKNIFTY-II.NFO,14/01/2025,09:37:40,49017.9,49024.75,150,49029.95,30,30,742650
BANKNIFTY-II.NFO,14/01/2025,09:37:42,49017.9,49025.65,150,49029.95,30,0,742650
BANKNIFTY-II.NFO,14/01/2025,09:37:45,49030,49027.75,150,49030,600,180,742650
BANKNIFTY-II.NFO,14/01/2025,09:37:47,49030,49029.65,210,49035,60,600,742650
BANKNIFTY-II.NFO,14/01/2025,09:37:48,49030,49029.2,150,49034.95,30,0,742650
BANKNIFTY-II.NFO,14/01/2025,09:37:50,49030,49032.95,150,49034.95,30,0,742650
BANKNIFTY-II.NFO,14/01/2025,09:37:52,49032.95,49031.3,150,49034.95,30,30,742650
BANKNIFTY-II.NFO,14/01/2025,09:37:53,49032.95,49031.95,150,49034.95,30,0,742650
BANKNIFTY-II.NFO,14/01/2025,09:37:55,49033.05,49031.95,150,49035,60,30,742650
BANKNIFTY-II.NFO,14/01/2025,09:37:57,49035,49036.05,150,49049.65,120,60,742650
BANKNIFTY-II.NFO,14/01/2025,09:37:58,49035,49033.05,30,49042.2,120,0,742650
BANKNIFTY-II.NFO,14/01/2025,09:38:00,49035,49033.05,30,49041.85,120,0,742650
BANKNIFTY-II.NFO,14/01/2025,09:38:02,49035,49033.05,30,49040.65,120,0,742650
BANKNIFTY-II.NFO,14/01/2025,09:38:03,49035,49033.05,30,49042.85,120,0,742650
BANKNIFTY-II.NFO,14/01/2025,09:38:05,49035,49033.05,30,49041.4,120,0,742650
BANKNIFTY-II.NFO,14/01/2025,09:38:07,49033.05,49019.4,150,49032.35,60,30,742650
BANKNIFTY-II.NFO,14/01/2025,09:38:08,49033.05,49020.7,150,49033.15,150,0,742650
BANKNIFTY-II.NFO,14/01/2025,09:38:10,49033.05,49015.95,150,49030.1,150,0,742650
BANKNIFTY-II.NFO,14/01/2025,09:38:12,49033.05,49023.4,150,49034.8,120,0,742650
BANKNIFTY-II.NFO,14/01/2025,09:38:13,49033.05,49028.8,150,49041.55,150,0,742650
BANKNIFTY-II.NFO,14/01/2025,09:38:15,49033.05,49037.15,60,49043,30,0,742650
BANKNIFTY-II.NFO,14/01/2025,09:38:17,49037.15,49042.55,150,49043,30,30,742650
BANKNIFTY-II.NFO,14/01/2025,09:38:18,49037.15,49042.3,150,49043,30,0,742650
BANKNIFTY-II.NFO,14/01/2025,09:38:20,49043,49033.4,300,49045.35,120,30,742650
BANKNIFTY-II.NFO,14/01/2025,09:38:22,49043,49035.4,300,49048.15,120,0,742650
BANKNIFTY-II.NFO,14/01/2025,09:38:23,49043,49033.6,150,49046.7,60,0,742650
BANKNIFTY-II.NFO,14/01/2025,09:38:25,49043,49029.95,300,49043.4,150,0,742650
BANKNIFTY-II.NFO,14/01/2025,09:38:27,49043,49035.8,300,49048.25,60,0,742650
BANKNIFTY-II.NFO,14/01/2025,09:38:28,49043,49035.8,300,49048.1,60,0,742650
BANKNIFTY-II.NFO,14/01/2025,09:38:30,49043,49032.2,300,49045.35,150,0,742650
BANKNIFTY-II.NFO,14/01/2025,09:38:32,49043,49034.4,300,49046.6,60,0,742650
BANKNIFTY-II.NFO,14/01/2025,09:38:33,49043,49033.4,150,49047,150,0,742650
BANKNIFTY-II.NFO,14/01/2025,09:38:35,49043,49030.85,150,49043.5,90,0,742650
BANKNIFTY-II.NFO,14/01/2025,09:38:37,49043,49028.25,150,49039.8,90,0,742650
BANKNIFTY-II.NFO,14/01/2025,09:38:38,49043,49028.25,150,49040.65,90,0,742650
BANKNIFTY-II.NFO,14/01/2025,09:38:40,49043,49030.3,150,49041.8,90,0,742650
BANKNIFTY-II.NFO,14/01/2025,09:38:41,49043,49030.35,150,49042.9,60,0,742650
BANKNIFTY-II.NFO,14/01/2025,09:38:43,49043,49033.9,150,49043,60,0,742650
BANKNIFTY-II.NFO,14/01/2025,09:38:45,49043,49035.9,150,49043,60,0,742650
BANKNIFTY-II.NFO,14/01/2025,09:38:46,49043,49040.6,150,49043,60,0,742650
BANKNIFTY-II.NFO,14/01/2025,09:38:48,49043,49040.6,180,49043,60,0,742650
BANKNIFTY-II.NFO,14/01/2025,09:38:50,49044,49044.8,150,49050,30,90,742650
BANKNIFTY-II.NFO,14/01/2025,09:38:51,49050,49044.75,300,49051,60,30,742650
BANKNIFTY-II.NFO,14/01/2025,09:38:53,49050,49046.8,300,49051,60,0,742650
BANKNIFTY-II.NFO,14/01/2025,09:38:54,49050,49046.6,150,49051,60,0,742650
BANKNIFTY-II.NFO,14/01/2025,09:38:56,49044.5,49044.25,150,49051,60,30,742650
BANKNIFTY-II.NFO,14/01/2025,09:38:58,49044.5,49043.35,150,49051,60,0,742650
BANKNIFTY-II.NFO,14/01/2025,09:38:59,49044.5,49038.1,300,49051,60,0,742650
BANKNIFTY-II.NFO,14/01/2025,09:39:01,49044.5,49038.1,300,49051,90,0,742650
BANKNIFTY-II.NFO,14/01/2025,09:39:03,49044.5,49037.9,150,49051,60,0,742650
BANKNIFTY-II.NFO,14/01/2025,09:39:04,49044.5,49039.25,150,49051,60,0,742650
BANKNIFTY-II.NFO,14/01/2025,09:39:06,49044.5,49038.2,150,49050.8,60,0,742650
BANKNIFTY-II.NFO,14/01/2025,09:39:08,49044.5,49033.5,150,49046.5,60,0,742650
BANKNIFTY-II.NFO,14/01/2025,09:39:09,49044.5,49030.2,150,49044.7,150,0,742650
BANKNIFTY-II.NFO,14/01/2025,09:39:11,49044.5,49033.65,150,49046.85,60,0,742650
BANKNIFTY-II.NFO,14/01/2025,09:39:12,49044.5,49032.2,150,49045.75,60,0,742650
BANKNIFTY-II.NFO,14/01/2025,09:39:14,49044.5,49038.7,150,49051,60,0,742650
BANKNIFTY-II.NFO,14/01/2025,09:39:16,49044.5,49038.65,300,49051,60,0,742650
BANKNIFTY-II.NFO,14/01/2025,09:39:17,49044.5,49030,30,49042.75,60,0,742650
BANKNIFTY-II.NFO,14/01/2025,09:39:19,49044.5,49030.05,300,49042.25,60,0,742650
BANKNIFTY-II.NFO,14/01/2025,09:39:20,49044.5,49036.55,300,49049.15,60,0,742650
BANKNIFTY-II.NFO,14/01/2025,09:39:22,49044.5,49040.65,300,49051,60,0,742650
BANKNIFTY-II.NFO,14/01/2025,09:39:24,49044.5,49033.05,150,49046.7,120,0,742650
BANKNIFTY-II.NFO,14/01/2025,09:39:25,49044.5,49033.05,150,49040,30,0,742650
BANKNIFTY-II.NFO,14/01/2025,09:39:27,49044.5,49031.7,150,49040,30,0,742650
BANKNIFTY-II.NFO,14/01/2025,09:39:28,49044.5,49035.8,300,49040,30,0,742650
BANKNIFTY-II.NFO,14/01/2025,09:39:33,49044.5,49034.25,30,49040,30,0,742650
BANKNIFTY-II.NFO,14/01/2025,09:39:35,49044.5,49033.05,30,49040,30,0,742650
BANKNIFTY-II.NFO,14/01/2025,09:39:36,49044.5,49034,30,49040,30,0,742650
BANKNIFTY-II.NFO,14/01/2025,09:39:38,49044.5,49030.4,30,49040,30,0,742650
BANKNIFTY-II.NFO,14/01/2025,09:39:40,49044.5,49032.25,330,49040,30,0,742650
BANKNIFTY-II.NFO,14/01/2025,09:39:41,49044.5,49031.5,30,49040,30,0,742650
BANKNIFTY-II.NFO,14/01/2025,09:39:43,49044.5,49030.1,150,49040,30,0,742650
BANKNIFTY-II.NFO,14/01/2025,09:39:45,49044.5,49030.15,150,49044,180,0,742650
BANKNIFTY-II.NFO,14/01/2025,09:39:46,49044.5,49022.95,30,49035.2,60,0,742650
BANKNIFTY-II.NFO,14/01/2025,09:39:48,49036.1,49026.8,300,49040.85,60,30,742650
BANKNIFTY-II.NFO,14/01/2025,09:39:49,49036.1,49028.9,330,49043.65,120,0,742650
BANKNIFTY-II.NFO,14/01/2025,09:39:51,49036.1,49028.7,30,49041.35,120,0,742650
BANKNIFTY-II.NFO,14/01/2025,09:39:53,49029.45,49023.05,30,49034.7,60,30,742380
BANKNIFTY-II.NFO,14/01/2025,09:39:54,49029.45,49023.75,30,49033.95,60,0,742380
BANKNIFTY-II.NFO,14/01/2025,09:39:56,49029.45,49020.6,30,49031.6,60,0,742380
BANKNIFTY-II.NFO,14/01/2025,09:39:58,49029.45,49019.45,30,49031.5,60,0,742380
BANKNIFTY-II.NFO,14/01/2025,09:39:59,49029.45,49021.5,30,49035.2,60,0,742380
BANKNIFTY-II.NFO,14/01/2025,09:40:01,49028.25,49029.95,300,49041.35,60,60,742380
BANKNIFTY-II.NFO,14/01/2025,09:40:03,49028.25,49028.45,120,49041.9,60,0,742380
BANKNIFTY-II.NFO,14/01/2025,09:40:04,49028.25,49032.35,300,49046.05,150,0,742380
BANKNIFTY-II.NFO,14/01/2025,09:40:06,49028.25,49026.1,30,49035.5,60,0,742380
BANKNIFTY-II.NFO,14/01/2025,09:40:08,49028.25,49022.4,30,49034.85,60,0,742380
BANKNIFTY-II.NFO,14/01/2025,09:40:09,49019.15,49015.6,210,49025,60,30,742380
BANKNIFTY-II.NFO,14/01/2025,09:40:11,49025,49018.8,150,49025,30,30,742380
BANKNIFTY-II.NFO,14/01/2025,09:40:12,49015.6,49015.6,180,49025,30,30,742380
BANKNIFTY-II.NFO,14/01/2025,09:40:14,49015.6,49015.6,180,49025,30,0,742380
BANKNIFTY-II.NFO,14/01/2025,09:40:16,49015.6,49015.6,150,49025,30,30,742380
BANKNIFTY-II.NFO,14/01/2025,09:40:17,49015.6,49015.6,150,49025,30,0,742380
BANKNIFTY-II.NFO,14/01/2025,09:40:19,49015.6,49018.15,30,49025,30,0,742380
BANKNIFTY-II.NFO,14/01/2025,09:40:21,49015.6,49021.4,300,49025,30,0,742380
BANKNIFTY-II.NFO,14/01/2025,09:40:22,49018.85,49015.6,150,49023,60,30,742380
BANKNIFTY-II.NFO,14/01/2025,09:40:24,49015.6,49007.35,300,49019.6,60,150,742380
BANKNIFTY-II.NFO,14/01/2025,09:40:26,49015.6,49007.5,30,49021.7,60,0,742380
BANKNIFTY-II.NFO,14/01/2025,09:40:27,49015.6,49007.6,300,49020.45,60,0,742380
BANKNIFTY-II.NFO,14/01/2025,09:40:29,49010.65,49001.2,150,49013.95,30,60,742380
BANKNIFTY-II.NFO,14/01/2025,09:40:31,49010.65,49003.95,150,49015.6,30,0,742380
BANKNIFTY-II.NFO,14/01/2025,09:40:32,49008.45,49008.55,150,49015.6,30,30,742380
BANKNIFTY-II.NFO,14/01/2025,09:40:34,49013.85,49014,150,49015.6,30,30,742380
BANKNIFTY-II.NFO,14/01/2025,09:40:36,49015.6,49018.45,150,49031.55,90,30,742380
BANKNIFTY-II.NFO,14/01/2025,09:40:37,49015.6,49016.1,150,49027.95,30,0,742380
BANKNIFTY-II.NFO,14/01/2025,09:40:39,49015.6,49018.2,150,49032.05,120,0,742380
BANKNIFTY-II.NFO,14/01/2025,09:40:41,49018.4,49015.6,150,49029.35,60,60,742380
BANKNIFTY-II.NFO,14/01/2025,09:40:42,49018.4,49019.9,150,49032.6,60,0,742380
BANKNIFTY-II.NFO,14/01/2025,09:40:44,49019.9,49022.3,150,49036.75,120,30,742380
BANKNIFTY-II.NFO,14/01/2025,09:40:45,49019.9,49022,180,49036.05,60,0,742380
BANKNIFTY-II.NFO,14/01/2025,09:40:47,49019.9,49022,150,49034.05,60,0,742380
BANKNIFTY-II.NFO,14/01/2025,09:40:49,49019.9,49026.2,150,49039.5,60,0,742380
BANKNIFTY-II.NFO,14/01/2025,09:40:50,49019.9,49030.5,150,49041,30,0,742380
BANKNIFTY-II.NFO,14/01/2025,09:40:52,49019.9,49028.85,150,49041,30,0,742380
BANKNIFTY-II.NFO,14/01/2025,09:40:54,49019.9,49021.55,150,49034.6,60,0,742380
BANKNIFTY-II.NFO,14/01/2025,09:40:55,49019.9,49024.6,150,49036.7,60,0,742380
BANKNIFTY-II.NFO,14/01/2025,09:40:59,49019.9,49023.35,150,49035.05,60,0,742380
BANKNIFTY-II.NFO,14/01/2025,09:41:00,49019.9,49024.4,150,49033.95,30,0,742380
BANKNIFTY-II.NFO,14/01/2025,09:41:02,49019.9,49024.4,150,49035.75,60,0,742380
BANKNIFTY-II.NFO,14/01/2025,09:41:04,49019.9,49021.65,150,49031.95,30,0,742380
BANKNIFTY-II.NFO,14/01/2025,09:41:05,49019.9,49018.65,150,49029.95,90,0,742380
BANKNIFTY-II.NFO,14/01/2025,09:41:07,49018.65,49025,150,49035.95,30,30,742380
BANKNIFTY-II.NFO,14/01/2025,09:41:09,49025,49028.65,30,49039.95,30,60,742380
BANKNIFTY-II.NFO,14/01/2025,09:41:10,49025,49030.6,150,49041,30,0,742380
BANKNIFTY-II.NFO,14/01/2025,09:41:12,49025,49028.65,30,49038.75,120,0,742380
BANKNIFTY-II.NFO,14/01/2025,09:41:14,49025,49030.05,150,49040.95,60,0,742380
BANKNIFTY-II.NFO,14/01/2025,09:41:15,49028.9,49028.65,30,49037.5,60,30,742380
BANKNIFTY-II.NFO,14/01/2025,09:41:17,49028.9,49028.65,30,49035.8,60,0,742380
BANKNIFTY-II.NFO,14/01/2025,09:41:19,49028.9,49028.65,30,49038.5,60,0,742380
BANKNIFTY-II.NFO,14/01/2025,09:41:20,49028.9,49028.65,30,49032.85,120,0,742380
BANKNIFTY-II.NFO,14/01/2025,09:41:22,49028.9,49028.65,30,49032.95,60,0,742380
BANKNIFTY-II.NFO,14/01/2025,09:41:24,49028.65,49015.9,30,49027.9,60,30,742380
BANKNIFTY-II.NFO,14/01/2025,09:41:25,49028.65,49018.45,150,49030.35,60,0,742380
BANKNIFTY-II.NFO,14/01/2025,09:41:27,49014.7,49014,150,49026.1,120,60,742380
BANKNIFTY-II.NFO,14/01/2025,09:41:29,49014.7,49009.3,150,49021.9,60,0,742380
BANKNIFTY-II.NFO,14/01/2025,09:41:30,49014.7,49010.45,30,49021.95,30,0,742380
BANKNIFTY-II.NFO,14/01/2025,09:41:32,49014.7,49005.4,150,49017.9,60,0,742380
BANKNIFTY-II.NFO,14/01/2025,09:41:34,49014.7,49007.3,150,49019.2,60,0,742380
BANKNIFTY-II.NFO,14/01/2025,09:41:35,49014.7,49007.3,150,49019.15,60,0,742380
BANKNIFTY-II.NFO,14/01/2025,09:41:37,49014.7,49009.4,150,49023.1,120,0,742380
BANKNIFTY-II.NFO,14/01/2025,09:41:39,49023.45,49008.45,150,49014,90,30,742380
BANKNIFTY-II.NFO,14/01/2025,09:41:40,49023.45,49009.25,150,49014,90,0,742380
BANKNIFTY-II.NFO,14/01/2025,09:41:42,49014,49022.05,150,49034.2,60,90,742380
BANKNIFTY-II.NFO,14/01/2025,09:41:44,49014,49019.85,30,49033.4,120,0,742380
BANKNIFTY-II.NFO,14/01/2025,09:41:45,49014,49009.1,30,49021.9,120,0,742380
BANKNIFTY-II.NFO,14/01/2025,09:41:47,49007.2,49010.8,30,49024.95,120,30,742380
BANKNIFTY-II.NFO,14/01/2025,09:41:49,49007.2,49012.9,30,49026.2,60,0,742380
BANKNIFTY-II.NFO,14/01/2025,09:41:50,49007.2,49016.75,300,49018,30,0,742380
BANKNIFTY-II.NFO,14/01/2025,09:41:52,49014.7,49014.65,300,49018,30,30,742380
BANKNIFTY-II.NFO,14/01/2025,09:41:53,49015.2,49015.2,30,49018,30,30,742380
BANKNIFTY-II.NFO,14/01/2025,09:41:55,49014.65,49010.1,300,49024.8,120,60,742380
BANKNIFTY-II.NFO,14/01/2025,09:41:57,49014.65,49015.85,150,49027.7,60,0,742380
BANKNIFTY-II.NFO,14/01/2025,09:41:58,49014.65,49013.7,150,49027.65,60,0,742380
BANKNIFTY-II.NFO,14/01/2025,09:42:00,49020,49018,150,49031.55,60,30,742380
BANKNIFTY-II.NFO,14/01/2025,09:42:02,49020,49017.8,150,49031.45,120,0,742380
BANKNIFTY-II.NFO,14/01/2025,09:42:03,49020,49019.6,150,49031.75,90,0,742380
BANKNIFTY-II.NFO,14/01/2025,09:42:05,49020,49021.9,150,49033.75,60,0,742380
BANKNIFTY-II.NFO,14/01/2025,09:42:07,49020,49025.5,150,49035,30,0,742380
BANKNIFTY-II.NFO,14/01/2025,09:42:08,49020,49026.15,150,49035,30,0,742380
BANKNIFTY-II.NFO,14/01/2025,09:42:10,49020,49032.6,150,49035,30,0,742380
BANKNIFTY-II.NFO,14/01/2025,09:42:12,49035,49029,150,49041.55,120,30,742380
BANKNIFTY-II.NFO,14/01/2025,09:42:13,49035,49029,150,49042.5,90,0,742380
BANKNIFTY-II.NFO,14/01/2025,09:42:15,49035,49026.1,150,49039.5,60,0,742380
BANKNIFTY-II.NFO,14/01/2025,09:42:17,49035,49026.05,150,49039.85,60,0,742380
BANKNIFTY-II.NFO,14/01/2025,09:42:18,49035,49028.2,150,49029,30,0,742380
BANKNIFTY-II.NFO,14/01/2025,09:42:20,49029.95,49029.9,150,49041.55,90,120,742380
BANKNIFTY-II.NFO,14/01/2025,09:42:22,49029.95,49033.25,150,49044.3,60,0,742380
BANKNIFTY-II.NFO,14/01/2025,09:42:23,49029.95,49030.8,150,49042.75,120,0,742380
BANKNIFTY-II.NFO,14/01/2025,09:42:25,49029.95,49027.5,150,49040.4,60,0,742380
BANKNIFTY-II.NFO,14/01/2025,09:42:27,49029.95,49026.85,150,49039.15,60,0,742380
BANKNIFTY-II.NFO,14/01/2025,09:42:28,49029.95,49029.35,150,49035,30,0,742380
BANKNIFTY-II.NFO,14/01/2025,09:42:30,49029.95,49026.55,150,49035,30,0,742380
BANKNIFTY-II.NFO,14/01/2025,09:42:32,49029.95,49026.65,240,49035,30,0,742380
BANKNIFTY-II.NFO,14/01/2025,09:42:33,49029.95,49026.65,240,49029.95,180,0,742380
BANKNIFTY-II.NFO,14/01/2025,09:42:35,49029.95,49026.3,150,49029.95,30,150,742380
BANKNIFTY-II.NFO,14/01/2025,09:42:36,49029.95,49027.65,30,49029.95,30,0,742380
BANKNIFTY-II.NFO,14/01/2025,09:42:38,49029.95,49031.35,210,49035,30,30,742380
BANKNIFTY-II.NFO,14/01/2025,09:42:40,49035,49037.5,210,49049,120,30,742380
BANKNIFTY-II.NFO,14/01/2025,09:42:41,49035,49033.8,150,49045.8,60,0,742380
BANKNIFTY-II.NFO,14/01/2025,09:42:43,49035,49035.9,150,49048.35,120,0,742380
BANKNIFTY-II.NFO,14/01/2025,09:42:45,49036.25,49036.95,150,49048.5,60,90,742380
BANKNIFTY-II.NFO,14/01/2025,09:42:46,49036.25,49031.3,150,49045.4,150,0,742380
BANKNIFTY-II.NFO,14/01/2025,09:42:48,49036.25,49035.45,150,49048.5,60,0,742380
BANKNIFTY-II.NFO,14/01/2025,09:42:50,49036.25,49037.5,150,49049.8,60,0,742380
BANKNIFTY-II.NFO,14/01/2025,09:42:51,49036.25,49039.55,150,49050,60,0,742380
BANKNIFTY-II.NFO,14/01/2025,09:42:53,49036.25,49037.15,60,49050,90,0,742380
BANKNIFTY-II.NFO,14/01/2025,09:42:55,49036.25,49039.1,420,49050,90,0,742380
BANKNIFTY-II.NFO,14/01/2025,09:42:56,49036.25,49041.15,420,49050,90,0,742380
BANKNIFTY-II.NFO,14/01/2025,09:42:58,49036.25,49032.55,180,49046.8,120,0,742380
BANKNIFTY-II.NFO,14/01/2025,09:43:00,49036.25,49026,210,49039.55,120,0,742380
BANKNIFTY-II.NFO,14/01/2025,09:43:01,49036.25,49032.25,210,49044.3,60,0,742380
BANKNIFTY-II.NFO,14/01/2025,09:43:03,49036.25,49036.45,210,49048.9,60,0,742380
BANKNIFTY-II.NFO,14/01/2025,09:43:05,49036.25,49044.15,210,49050,90,0,742380
BANKNIFTY-II.NFO,14/01/2025,09:43:06,49051,49055.1,210,49065,30,120,742200
BANKNIFTY-II.NFO,14/01/2025,09:43:08,49051,49050.6,420,49064.45,60,0,742200
BANKNIFTY-II.NFO,14/01/2025,09:43:09,49047,49047,210,49059.35,150,30,742200
BANKNIFTY-II.NFO,14/01/2025,09:43:11,49047,49051,30,49060.3,60,0,742200
BANKNIFTY-II.NFO,14/01/2025,09:43:13,49047,49051,30,49061.7,60,0,742200
BANKNIFTY-II.NFO,14/01/2025,09:43:14,49051,49053,210,49063.8,60,30,742200
BANKNIFTY-II.NFO,14/01/2025,09:43:16,49065,49053.85,420,49066.95,60,30,742200
BANKNIFTY-II.NFO,14/01/2025,09:43:18,49067.1,49055.9,420,49067.7,60,60,742200
BANKNIFTY-II.NFO,14/01/2025,09:43:19,49067.1,49055.9,420,49068.15,60,0,742200
BANKNIFTY-II.NFO,14/01/2025,09:43:21,49067.1,49055.15,420,49066.3,60,0,742200
BANKNIFTY-II.NFO,14/01/2025,09:43:23,49067.1,49053.15,420,49066.5,120,0,742200
BANKNIFTY-II.NFO,14/01/2025,09:43:24,49066.3,49045.5,30,49059.2,120,30,742200
BANKNIFTY-II.NFO,14/01/2025,09:43:26,49066.3,49045.45,420,49056.8,90,0,742200
BANKNIFTY-II.NFO,14/01/2025,09:43:27,49066.3,49042.7,30,49053.15,60,0,742200
BANKNIFTY-II.NFO,14/01/2025,09:43:29,49053.15,49046,30,49059.4,120,60,742200
BANKNIFTY-II.NFO,14/01/2025,09:43:31,49048.2,49050.25,420,49063.15,90,30,742200
BANKNIFTY-II.NFO,14/01/2025,09:43:32,49048.2,49050.55,210,49063.95,30,0,742200
BANKNIFTY-II.NFO,14/01/2025,09:43:34,49048.2,49052.4,210,49065.6,150,0,742200
BANKNIFTY-II.NFO,14/01/2025,09:43:35,49048.2,49054.95,30,49068.3,150,0,742200
BANKNIFTY-II.NFO,14/01/2025,09:43:37,49048.2,49055.95,420,49068.45,150,0,742200
BANKNIFTY-II.NFO,14/01/2025,09:43:39,49048.2,49053.8,420,49067.65,60,0,742200
BANKNIFTY-II.NFO,14/01/2025,09:43:41,49048.2,49051.65,210,49064.55,90,0,742200
BANKNIFTY-II.NFO,14/01/2025,09:43:42,49048.2,49054.35,210,49064.85,30,0,742200
BANKNIFTY-II.NFO,14/01/2025,09:43:44,49048.2,49047.85,420,49058.9,90,0,742200
BANKNIFTY-II.NFO,14/01/2025,09:43:45,49048.2,49047.85,420,49058.9,60,0,742200
BANKNIFTY-II.NFO,14/01/2025,09:43:47,49048.2,49047.2,210,49058.55,60,0,742200
BANKNIFTY-II.NFO,14/01/2025,09:43:49,49048.2,49040.1,420,49052.1,90,0,742200
BANKNIFTY-II.NFO,14/01/2025,09:43:50,49048.2,49042.25,210,49053.2,60,0,742200
BANKNIFTY-II.NFO,14/01/2025,09:43:52,49048.2,49041.6,210,49053.2,60,0,742200
BANKNIFTY-II.NFO,14/01/2025,09:43:53,49048.2,49043.7,210,49055.6,60,0,742200
BANKNIFTY-II.NFO,14/01/2025,09:43:55,49048.2,49045.75,210,49058.4,60,0,742200
BANKNIFTY-II.NFO,14/01/2025,09:43:57,49048.2,49054,420,49067.2,150,0,742200
BANKNIFTY-II.NFO,14/01/2025,09:43:58,49048.2,49053.8,420,49066.9,60,0,742200
BANKNIFTY-II.NFO,14/01/2025,09:44:00,49053.8,49058.45,210,49068.25,150,60,742200
BANKNIFTY-II.NFO,14/01/2025,09:44:02,49053.8,49054.8,210,49066.45,60,0,742200
BANKNIFTY-II.NFO,14/01/2025,09:44:03,49054.8,49057.8,210,49068.3,150,30,742200
BANKNIFTY-II.NFO,14/01/2025,09:44:05,49060.55,49060.1,210,49068.3,150,30,742200
BANKNIFTY-II.NFO,14/01/2025,09:44:07,49068.3,49062.2,210,49075.4,60,30,742200
BANKNIFTY-II.NFO,14/01/2025,09:44:08,49068.3,49054.65,210,49066.8,60,0,742200
BANKNIFTY-II.NFO,14/01/2025,09:44:10,49054.65,49055.05,210,49067.25,60,30,742200
BANKNIFTY-II.NFO,14/01/2025,09:44:12,49054.65,49059.2,210,49072.75,60,0,742200
BANKNIFTY-II.NFO,14/01/2025,09:44:13,49054.65,49063.5,210,49068.15,150,0,742200
BANKNIFTY-II.NFO,14/01/2025,09:44:15,49054.65,49065.6,210,49076.25,60,0,742200
BANKNIFTY-II.NFO,14/01/2025,09:44:17,49054.65,49066.65,210,49077,210,0,742200
BANKNIFTY-II.NFO,14/01/2025,09:44:18,49077,49071.8,240,49077,90,120,742200
BANKNIFTY-II.NFO,14/01/2025,09:44:20,49076.05,49070.75,90,49086,60,390,742200
BANKNIFTY-II.NFO,14/01/2025,09:44:21,49076.05,49072.65,420,49085.95,120,0,742200
BANKNIFTY-II.NFO,14/01/2025,09:44:23,49076.05,49064.45,210,49077.15,60,0,742200
BANKNIFTY-II.NFO,14/01/2025,09:44:25,49076.05,49062,420,49074.4,60,0,742200
BANKNIFTY-II.NFO,14/01/2025,09:44:26,49076.05,49068.45,60,49081.35,60,0,742200
BANKNIFTY-II.NFO,14/01/2025,09:44:28,49076.05,49072.55,420,49087.85,120,0,742200
BANKNIFTY-II.NFO,14/01/2025,09:44:30,49089.1,49077.95,60,49090,30,60,742200
BANKNIFTY-II.NFO,14/01/2025,09:44:31,49089.1,49073.65,210,49087.3,120,0,742200
BANKNIFTY-II.NFO,14/01/2025,09:44:33,49089.1,49076.7,210,49089.95,90,0,742200
BANKNIFTY-II.NFO,14/01/2025,09:44:34,49089.1,49079.15,60,49090,30,0,742200
BANKNIFTY-II.NFO,14/01/2025,09:44:36,49089.1,49076.05,210,49090,30,0,742200
BANKNIFTY-II.NFO,14/01/2025,09:44:38,49089.1,49078.1,210,49090,30,0,742200
BANKNIFTY-II.NFO,14/01/2025,09:44:39,49089.1,49078.05,210,49090,30,0,742200
BANKNIFTY-II.NFO,14/01/2025,09:44:41,49080.1,49078.35,720,49090,30,30,742200
BANKNIFTY-II.NFO,14/01/2025,09:44:43,49080.1,49069.5,30,49083.85,60,0,742200
BANKNIFTY-II.NFO,14/01/2025,09:44:44,49080.1,49067.2,420,49081.4,60,0,742200
BANKNIFTY-II.NFO,14/01/2025,09:44:46,49080.1,49069.25,420,49082.75,60,0,742200
BANKNIFTY-II.NFO,14/01/2025,09:44:47,49064.75,49064.7,420,49077.55,60,60,742200
BANKNIFTY-II.NFO,14/01/2025,09:44:49,49064.75,49060.05,30,49074.4,60,0,742200
BANKNIFTY-II.NFO,14/01/2025,09:44:51,49064.75,49061.75,450,49075.2,120,0,742200
BANKNIFTY-II.NFO,14/01/2025,09:44:52,49064.75,49061,420,49074.2,120,0,742200
BANKNIFTY-II.NFO,14/01/2025,09:44:54,49064.75,49061,420,49075.9,120,0,742200
BANKNIFTY-II.NFO,14/01/2025,09:44:56,49064.75,49061,420,49075.1,120,0,742200
BANKNIFTY-II.NFO,14/01/2025,09:44:57,49064.75,49059,420,49072.05,120,0,742200
BANKNIFTY-II.NFO,14/01/2025,09:44:59,49064.75,49059.65,420,49073.6,180,0,742200
BANKNIFTY-II.NFO,14/01/2025,09:45:00,49064.75,49054.6,450,49069.05,120,0,742200
BANKNIFTY-II.NFO,14/01/2025,09:45:02,49064.75,49058.7,420,49071.95,60,0,742200
BANKNIFTY-II.NFO,14/01/2025,09:45:04,49064.75,49053.75,420,49066.5,150,0,742200
BANKNIFTY-II.NFO,14/01/2025,09:45:05,49064.25,49049.3,60,49064.1,120,60,742200
BANKNIFTY-II.NFO,14/01/2025,09:45:07,49066.5,49053.25,450,49066.9,120,300,742200
BANKNIFTY-II.NFO,14/01/2025,09:45:09,49066.5,49048.8,420,49064.85,120,0,742200
BANKNIFTY-II.NFO,14/01/2025,09:45:10,49066.5,49046.9,30,49060.8,120,0,742200
BANKNIFTY-II.NFO,14/01/2025,09:45:12,49066.5,49041.9,210,49056.15,120,0,742200
BANKNIFTY-II.NFO,14/01/2025,09:45:14,49066.5,49042.3,30,49053.3,120,0,742200
BANKNIFTY-II.NFO,14/01/2025,09:45:15,49066.5,49035.85,240,49050.15,120,0,742200
BANKNIFTY-II.NFO,14/01/2025,09:45:17,49066.5,49045.75,210,49059.2,120,0,742200
BANKNIFTY-II.NFO,14/01/2025,09:45:18,49066.5,49047.8,210,49059.95,30,0,742200
BANKNIFTY-II.NFO,14/01/2025,09:45:20,49061.95,49052.4,60,49065.95,30,60,742200
BANKNIFTY-II.NFO,14/01/2025,09:45:22,49061.95,49052.4,60,49063.95,30,0,742200
BANKNIFTY-II.NFO,14/01/2025,09:45:23,49061.95,49056.1,210,49065.95,30,0,742200
BANKNIFTY-II.NFO,14/01/2025,09:45:25,49061.95,49053.1,210,49063.95,30,0,742200
BANKNIFTY-II.NFO,14/01/2025,09:45:27,49061.95,49053.55,60,49066.5,30,0,742200
BANKNIFTY-II.NFO,14/01/2025,09:45:28,49056.6,49060.3,210,49073.95,30,30,742200
BANKNIFTY-II.NFO,14/01/2025,09:45:30,49056.6,49058.7,60,49073.4,120,0,742200
BANKNIFTY-II.NFO,14/01/2025,09:45:31,49056.6,49061,30,49072.65,120,0,742200
BANKNIFTY-II.NFO,14/01/2025,09:45:33,49061,49055,30,49061.3,60,30,742200
BANKNIFTY-II.NFO,14/01/2025,09:45:35,49046.2,49046.2,210,49055.95,30,120,742200
BANKNIFTY-II.NFO,14/01/2025,09:45:36,49046.2,49046,210,49055.95,30,0,742200
BANKNIFTY-II.NFO,14/01/2025,09:45:38,49046.2,49047.8,60,49059.95,30,0,742200
BANKNIFTY-II.NFO,14/01/2025,09:45:40,49046.2,49052.15,420,49065.9,150,0,742200
BANKNIFTY-II.NFO,14/01/2025,09:45:41,49046.2,49054.35,60,49067.95,60,0,742200
BANKNIFTY-II.NFO,14/01/2025,09:45:43,49046.2,49056.2,420,49069.4,120,0,742200
BANKNIFTY-II.NFO,14/01/2025,09:45:45,49046.2,49054,210,49067.65,60,0,742200
BANKNIFTY-II.NFO,14/01/2025,09:45:46,49046.2,49049.3,60,49063.8,150,0,742200
BANKNIFTY-II.NFO,14/01/2025,09:45:48,49046.4,49045.1,30,49058,60,90,742200
BANKNIFTY-II.NFO,14/01/2025,09:45:49,49046.4,49044.7,60,49059.4,120,0,742200
BANKNIFTY-II.NFO,14/01/2025,09:45:51,49046.4,49044.75,210,49058.8,150,0,742200
BANKNIFTY-II.NFO,14/01/2025,09:45:53,49046.4,49043.3,210,49057.1,150,0,742200
BANKNIFTY-II.NFO,14/01/2025,09:45:54,49046.4,49039.25,210,49053.6,150,0,742200
BANKNIFTY-II.NFO,14/01/2025,09:45:56,49046.4,49041.3,210,49054.5,150,0,742200
BANKNIFTY-II.NFO,14/01/2025,09:45:58,49046.4,49041.15,210,49053.4,60,0,742200
BANKNIFTY-II.NFO,14/01/2025,09:45:59,49046.4,49046.3,210,49059,30,0,742200
BANKNIFTY-II.NFO,14/01/2025,09:46:01,49046.4,49047.4,210,49059,30,0,742200
BANKNIFTY-II.NFO,14/01/2025,09:46:03,49046.4,49048,210,49059,30,0,742200
BANKNIFTY-II.NFO,14/01/2025,09:46:05,49046.4,49052.15,210,49059,30,0,742200
BANKNIFTY-II.NFO,14/01/2025,09:46:06,49046.4,49051.2,210,49059,30,0,742200
BANKNIFTY-II.NFO,14/01/2025,09:46:09,49046.4,49051.45,210,49059,30,0,742200
BANKNIFTY-II.NFO,14/01/2025,09:46:11,49046.4,49051.45,210,49058.95,30,0,742200
BANKNIFTY-II.NFO,14/01/2025,09:46:13,49046.4,49058,420,49058.95,30,0,742200
BANKNIFTY-II.NFO,14/01/2025,09:46:14,49058,49058.75,210,49058.95,30,90,741660
BANKNIFTY-II.NFO,14/01/2025,09:46:16,49058.95,49060.8,210,49069,30,30,741660
BANKNIFTY-II.NFO,14/01/2025,09:46:18,49058.95,49064.95,210,49069,30,0,741660
BANKNIFTY-II.NFO,14/01/2025,09:46:21,49070,49069.2,210,49070,60,90,741660
BANKNIFTY-II.NFO,14/01/2025,09:46:23,49070,49078.45,210,49080.1,30,60,741660
BANKNIFTY-II.NFO,14/01/2025,09:46:24,49070,49074.25,210,49080.1,30,0,741660
BANKNIFTY-II.NFO,14/01/2025,09:46:26,49070,49071.7,60,49080.1,30,0,741660
BANKNIFTY-II.NFO,14/01/2025,09:46:28,49070,49075.75,210,49080.1,30,0,741660
BANKNIFTY-II.NFO,14/01/2025,09:46:29,49070,49077.75,420,49080.1,30,0,741660
BANKNIFTY-II.NFO,14/01/2025,09:46:31,49080.1,49080.2,420,49090,30,30,741660
BANKNIFTY-II.NFO,14/01/2025,09:46:32,49080.1,49089,420,49090,30,0,741660
BANKNIFTY-II.NFO,14/01/2025,09:46:34,49110,49098.3,60,49114.8,120,990,741660
BANKNIFTY-II.NFO,14/01/2025,09:46:34,49110,49098.3,60,49114.8,120,0,741660
BANKNIFTY-II.NFO,14/01/2025,09:46:36,49110,49092.95,60,49103.95,30,0,741660
BANKNIFTY-II.NFO,14/01/2025,09:46:37,49110,49096.15,60,49107.95,30,0,741660
BANKNIFTY-II.NFO,14/01/2025,09:46:39,49110,49098,60,49111.95,60,0,741660
BANKNIFTY-II.NFO,14/01/2025,09:46:41,49110,49096.3,60,49107.95,30,150,741660
BANKNIFTY-II.NFO,14/01/2025,09:46:42,49105.95,49093.15,60,49107.95,30,60,741660
BANKNIFTY-II.NFO,14/01/2025,09:46:44,49105.95,49089.5,60,49101.95,60,0,741660
BANKNIFTY-II.NFO,14/01/2025,09:46:46,49097.95,49090.55,60,49099.95,30,210,741660
BANKNIFTY-II.NFO,14/01/2025,09:46:47,49097.95,49090.5,60,49099.95,30,0,741660
BANKNIFTY-II.NFO,14/01/2025,09:46:49,49097.95,49090.35,90,49099.95,30,30,741660
BANKNIFTY-II.NFO,14/01/2025,09:46:51,49095.25,49097.3,60,49110,30,30,741660
BANKNIFTY-II.NFO,14/01/2025,09:46:52,49095.25,49093.8,60,49103.95,30,0,741660
BANKNIFTY-II.NFO,14/01/2025,09:46:54,49095.25,49095.3,30,49103.95,30,0,741660
BANKNIFTY-II.NFO,14/01/2025,09:46:56,49095.25,49093.3,30,49103.95,30,0,741660
BANKNIFTY-II.NFO,14/01/2025,09:46:57,49101.95,49091.1,30,49103.95,30,90,741660
BANKNIFTY-II.NFO,14/01/2025,09:46:59,49101.95,49090,480,49099.8,120,0,741660
BANKNIFTY-II.NFO,14/01/2025,09:47:01,49087.95,49073.5,30,49083.95,30,510,741660
BANKNIFTY-II.NFO,14/01/2025,09:47:02,49087.95,49073.4,30,49083.95,30,0,741660
BANKNIFTY-II.NFO,14/01/2025,09:47:04,49087.95,49079.55,60,49094.55,120,0,741660
BANKNIFTY-II.NFO,14/01/2025,09:47:06,49084.95,49081.2,420,49093.9,150,30,741660
BANKNIFTY-II.NFO,14/01/2025,09:47:07,49084.95,49081.1,60,49091.95,30,0,741660
BANKNIFTY-II.NFO,14/01/2025,09:47:09,49084.95,49082.65,30,49091.95,30,0,741660
BANKNIFTY-II.NFO,14/01/2025,09:47:11,49084.95,49078.75,30,49091.2,150,0,741660
BANKNIFTY-II.NFO,14/01/2025,09:47:12,49084.95,49079.85,420,49089.95,30,0,741660
BANKNIFTY-II.NFO,14/01/2025,09:47:14,49077.7,49076.7,60,49088.4,120,60,741660
BANKNIFTY-II.NFO,14/01/2025,09:47:16,49077.7,49075.9,210,49088.15,120,0,741660
BANKNIFTY-II.NFO,14/01/2025,09:47:17,49089.95,49077.15,210,49089.95,120,300,741660
BANKNIFTY-II.NFO,14/01/2025,09:47:19,49079.2,49074.5,240,49085.95,30,30,741660
BANKNIFTY-II.NFO,14/01/2025,09:47:21,49079.2,49078.4,60,49091.8,120,0,741660
BANKNIFTY-II.NFO,14/01/2025,09:47:22,49091.3,49082.2,60,49095.95,30,150,741660
BANKNIFTY-II.NFO,14/01/2025,09:47:24,49087.1,49086.75,270,49100,60,60,741660
BANKNIFTY-II.NFO,14/01/2025,09:47:26,49087.1,49090.95,240,49100,60,0,741660
BANKNIFTY-II.NFO,14/01/2025,09:47:27,49087.1,49090.6,240,49099.95,30,0,741660
BANKNIFTY-II.NFO,14/01/2025,09:47:29,49087.1,49085.4,210,49093.95,30,0,741660
BANKNIFTY-II.NFO,14/01/2025,09:47:31,49087.1,49085.8,240,49097.95,30,0,741660
BANKNIFTY-II.NFO,14/01/2025,09:47:32,49101.35,49089.25,60,49104.75,60,150,741660
BANKNIFTY-II.NFO,14/01/2025,09:47:34,49101.35,49085.95,240,49093.95,30,0,741660
BANKNIFTY-II.NFO,14/01/2025,09:47:36,49087.95,49085.65,240,49097.95,30,30,741660
BANKNIFTY-II.NFO,14/01/2025,09:47:37,49097.95,49089.55,60,49099.95,30,60,741660
BANKNIFTY-II.NFO,14/01/2025,09:47:39,49099.95,49089.8,240,49097.95,30,60,741660
BANKNIFTY-II.NFO,14/01/2025,09:47:41,49099.95,49089.5,240,49097.95,30,0,741660
BANKNIFTY-II.NFO,14/01/2025,09:47:42,49097.95,49097.6,270,49109.95,30,30,741660
BANKNIFTY-II.NFO,14/01/2025,09:47:44,49097.95,49093.8,240,49101.95,30,0,741660
BANKNIFTY-II.NFO,14/01/2025,09:47:46,49097.95,49093,240,49097.95,30,0,741660
BANKNIFTY-II.NFO,14/01/2025,09:47:47,49097.95,49090.3,240,49097.95,30,0,741660
BANKNIFTY-II.NFO,14/01/2025,09:47:49,49097.95,49087.4,240,49097.95,30,0,741660
BANKNIFTY-II.NFO,14/01/2025,09:47:51,49097.95,49091.4,240,49099.95,30,0,741660
BANKNIFTY-II.NFO,14/01/2025,09:47:52,49097.95,49094.05,240,49107.95,30,0,741660
BANKNIFTY-II.NFO,14/01/2025,09:47:54,49097.95,49089.65,240,49097.95,30,0,741660
BANKNIFTY-II.NFO,14/01/2025,09:47:55,49097.95,49089.95,240,49097.95,30,0,741660
BANKNIFTY-II.NFO,14/01/2025,09:47:57,49090.7,49091.1,270,49101.95,30,30,741660
BANKNIFTY-II.NFO,14/01/2025,09:47:59,49090.7,49098.5,240,49110,30,0,741660
BANKNIFTY-II.NFO,14/01/2025,09:48:00,49095.95,49091.7,240,49097.95,30,30,741660
BANKNIFTY-II.NFO,14/01/2025,09:48:02,49095.95,49103.45,240,49110,30,0,741660
BANKNIFTY-II.NFO,14/01/2025,09:48:04,49095.95,49103.7,240,49110,30,0,741660
BANKNIFTY-II.NFO,14/01/2025,09:48:05,49110,49108.4,240,49121.95,60,30,741660
BANKNIFTY-II.NFO,14/01/2025,09:48:07,49110,49110,150,49117.95,30,0,741660
BANKNIFTY-II.NFO,14/01/2025,09:48:09,49119.95,49110,150,49119.05,30,120,741660
BANKNIFTY-II.NFO,14/01/2025,09:48:09,49119.95,49110,150,49119.05,30,0,741660
BANKNIFTY-II.NFO,14/01/2025,09:48:11,49119.95,49110.05,240,49119.95,30,30,741660
BANKNIFTY-II.NFO,14/01/2025,09:48:12,49123.7,49110,180,49120.4,30,150,741660
BANKNIFTY-II.NFO,14/01/2025,09:48:12,49123.7,49110,180,49120.4,30,0,741660
BANKNIFTY-II.NFO,14/01/2025,09:48:14,49123.7,49112.5,60,49126.25,30,0,741660
BANKNIFTY-II.NFO,14/01/2025,09:48:16,49123.7,49111.4,60,49121.95,30,0,741660
BANKNIFTY-II.NFO,14/01/2025,09:48:17,49123.7,49114.25,60,49125.95,30,0,741660
BANKNIFTY-II.NFO,14/01/2025,09:48:19,49123.7,49110,180,49119.95,30,0,741660
BANKNIFTY-II.NFO,14/01/2025,09:48:20,49119.85,49110,180,49119.9,60,60,741660
BANKNIFTY-II.NFO,14/01/2025,09:48:22,49115,49110,180,49117.9,60,30,741660
BANKNIFTY-II.NFO,14/01/2025,09:48:24,49108,49099.15,240,49109.95,30,210,741660
BANKNIFTY-II.NFO,14/01/2025,09:48:25,49108,49102.2,240,49115.95,30,0,741660
BANKNIFTY-II.NFO,14/01/2025,09:48:27,49115.95,49100.75,240,49105,120,30,741660
BANKNIFTY-II.NFO,14/01/2025,09:48:29,49105,49106.3,240,49119.95,30,120,741660
BANKNIFTY-II.NFO,14/01/2025,09:48:30,49105,49110.7,240,49120,30,0,741660
BANKNIFTY-II.NFO,14/01/2025,09:48:32,49119.95,49107.3,240,49119,30,30,741660
BANKNIFTY-II.NFO,14/01/2025,09:48:34,49119.95,49110.45,240,49119,30,0,741660
BANKNIFTY-II.NFO,14/01/2025,09:48:35,49119,49117.4,270,49125,60,30,741660
BANKNIFTY-II.NFO,14/01/2025,09:48:37,49119,49112.65,240,49123.95,30,0,741660
BANKNIFTY-II.NFO,14/01/2025,09:48:39,49119,49110.25,240,49124.5,120,0,741660
BANKNIFTY-II.NFO,14/01/2025,09:48:40,49119,49103.85,240,49118.6,60,0,741660
BANKNIFTY-II.NFO,14/01/2025,09:48:42,49107.2,49101.5,240,49107.2,90,30,741660
BANKNIFTY-II.NFO,14/01/2025,09:48:44,49107.2,49098.25,240,49107.2,90,0,741660
BANKNIFTY-II.NFO,14/01/2025,09:48:45,49107.2,49111.35,240,49125,60,90,741660
BANKNIFTY-II.NFO,14/01/2025,09:48:47,49107.2,49114.25,270,49125,60,0,741660
BANKNIFTY-II.NFO,14/01/2025,09:48:49,49107.2,49118,270,49125,60,0,741660
BANKNIFTY-II.NFO,14/01/2025,09:48:50,49107.2,49122.3,240,49125,60,0,741660
BANKNIFTY-II.NFO,14/01/2025,09:48:52,49107.2,49115.3,240,49125,60,0,741660
BANKNIFTY-II.NFO,14/01/2025,09:48:54,49107.2,49120.45,240,49125,60,0,741660
BANKNIFTY-II.NFO,14/01/2025,09:48:55,49125,49126.1,240,49137.65,60,90,739830
BANKNIFTY-II.NFO,14/01/2025,09:48:55,49125,49126.1,240,49137.65,60,0,739830
BANKNIFTY-II.NFO,14/01/2025,09:48:57,49130,49126.45,270,49137.65,60,60,739830
BANKNIFTY-II.NFO,14/01/2025,09:48:57,49130,49126.45,270,49137.65,60,0,739830
BANKNIFTY-II.NFO,14/01/2025,09:48:59,49130,49128.1,240,49137.65,60,0,739830
BANKNIFTY-II.NFO,14/01/2025,09:49:00,49137.65,49135.65,180,49140,60,240,739830
BANKNIFTY-II.NFO,14/01/2025,09:49:00,49137.65,49135.65,180,49140,60,0,739830
BANKNIFTY-II.NFO,14/01/2025,09:49:02,49134.05,49132.05,30,49142.8,30,120,739830
BANKNIFTY-II.NFO,14/01/2025,09:49:02,49149.9,49132.05,30,49142.8,30,0,739830
BANKNIFTY-II.NFO,14/01/2025,09:49:03,49134.05,49130.1,60,49141.9,90,0,739830
BANKNIFTY-II.NFO,14/01/2025,09:49:05,49134.05,49129.25,180,49141.95,30,0,739830
BANKNIFTY-II.NFO,14/01/2025,09:49:07,49141.95,49133.25,180,49149.2,300,30,739830
BANKNIFTY-II.NFO,14/01/2025,09:49:08,49153.95,49151.3,270,49165.85,60,450,739830
BANKNIFTY-II.NFO,14/01/2025,09:49:08,49153.95,49151.3,270,49165.85,60,0,739830
BANKNIFTY-II.NFO,14/01/2025,09:49:10,49153.95,49149.2,240,49164.7,60,0,739830
BANKNIFTY-II.NFO,14/01/2025,09:49:12,49153.95,49154.1,240,49170.15,60,0,739830
BANKNIFTY-II.NFO,14/01/2025,09:49:13,49155,49148.3,240,49164.85,60,30,739830
BANKNIFTY-II.NFO,14/01/2025,09:49:13,49155,49148.3,240,49164.85,60,0,739830
BANKNIFTY-II.NFO,14/01/2025,09:49:15,49150.2,49144.25,240,49159.05,30,30,739830
BANKNIFTY-II.NFO,14/01/2025,09:49:17,49140.3,49142.55,30,49155.2,60,30,739830
