Ticker,Date,Time,LTP,BuyPrice,BuyQty,SellPrice,SellQty,LTQ,OpenInterest
BANKNIFTY-II.NFO,17/03/2025,09:15:05,48502.15,48526.35,90,48553.8,120,30,823440
BANKNIFTY-II.NFO,17/03/2025,09:15:05,48502.15,48526.35,90,48553.8,120,0,823440
BANKNIFTY-II.NFO,17/03/2025,09:15:05,48502.15,48526.35,90,48553.8,120,0,823440
BANKNIFTY-II.NFO,17/03/2025,09:15:05,48502.15,48526.35,90,48553.8,120,0,823440
BANKNIFTY-II.NFO,17/03/2025,09:15:06,48502.15,48520.15,90,48548.8,120,0,823440
BANKNIFTY-II.NFO,17/03/2025,09:15:08,48502.15,48524.85,90,48545.7,120,0,823440
BANKNIFTY-II.NFO,17/03/2025,09:15:09,48502.15,48532.1,90,48563.6,120,0,823440
BANKNIFTY-II.NFO,17/03/2025,09:15:11,48560.05,48560,60,48579.95,120,150,823440
BANKNIFTY-II.NFO,17/03/2025,09:15:11,48564.95,48560,60,48579.95,120,0,823440
BANKNIFTY-II.NFO,17/03/2025,09:15:13,48560,48550.7,150,48579.95,120,60,823440
BANKNIFTY-II.NFO,17/03/2025,09:15:14,48562.75,48558.45,30,48579.95,120,180,823440
BANKNIFTY-II.NFO,17/03/2025,09:15:14,48579.95,48558.45,30,48579.95,120,0,823440
BANKNIFTY-II.NFO,17/03/2025,09:15:16,48580,48560.5,150,48596.4,120,60,823440
BANKNIFTY-II.NFO,17/03/2025,09:15:16,48580,48560.5,150,48596.4,120,0,823440
BANKNIFTY-II.NFO,17/03/2025,09:15:18,48574.7,48567.5,150,48598.5,120,30,823440
BANKNIFTY-II.NFO,17/03/2025,09:15:19,48574.7,48561.85,150,48594.3,120,0,823440
BANKNIFTY-II.NFO,17/03/2025,09:15:21,48587.35,48568.3,30,48589,120,30,823590
BANKNIFTY-II.NFO,17/03/2025,09:15:21,48587.35,48568.3,30,48589,120,0,823590
BANKNIFTY-II.NFO,17/03/2025,09:15:23,48563.95,48563.5,150,48580,30,30,823590
BANKNIFTY-II.NFO,17/03/2025,09:15:24,48563.15,48562.25,60,48580,30,30,823590
BANKNIFTY-II.NFO,17/03/2025,09:15:26,48563.15,48557.2,150,48579.85,120,0,823590
BANKNIFTY-II.NFO,17/03/2025,09:15:28,48555.45,48555.05,30,48579.05,120,30,823590
BANKNIFTY-II.NFO,17/03/2025,09:15:29,48556.1,48556.4,90,48583.1,120,210,823590
BANKNIFTY-II.NFO,17/03/2025,09:15:31,48556.1,48556.6,90,48573.65,60,0,823590
BANKNIFTY-II.NFO,17/03/2025,09:15:33,48556.1,48559.55,90,48587.3,120,0,823590
BANKNIFTY-II.NFO,17/03/2025,09:15:34,48556.1,48561.3,90,48587.3,120,0,823590
BANKNIFTY-II.NFO,17/03/2025,09:15:36,48556.1,48561.9,90,48587.3,120,0,823590
BANKNIFTY-II.NFO,17/03/2025,09:15:38,48556.1,48564.1,90,48587.3,120,0,823590
BANKNIFTY-II.NFO,17/03/2025,09:15:39,48556.1,48564.5,90,48575.5,60,0,823590
BANKNIFTY-II.NFO,17/03/2025,09:15:41,48565.8,48565.75,30,48586.9,120,270,823590
BANKNIFTY-II.NFO,17/03/2025,09:15:43,48563.45,48563.8,60,48579.4,120,90,823590
BANKNIFTY-II.NFO,17/03/2025,09:15:44,48586.05,48571.65,30,48589.95,120,90,823590
BANKNIFTY-II.NFO,17/03/2025,09:15:46,48586.05,48574.55,30,48589.95,120,0,823590
BANKNIFTY-II.NFO,17/03/2025,09:15:48,48586.05,48581.55,30,48590,30,0,823590
BANKNIFTY-II.NFO,17/03/2025,09:15:49,48586.05,48586.9,180,48590,30,0,823590
BANKNIFTY-II.NFO,17/03/2025,09:15:51,48590,48592.25,60,48600,210,60,823590
BANKNIFTY-II.NFO,17/03/2025,09:15:51,48590,48592.25,60,48600,210,0,823590
BANKNIFTY-II.NFO,17/03/2025,09:15:53,48590,48591,30,48600,210,0,823590
BANKNIFTY-II.NFO,17/03/2025,09:15:54,48605.3,48605.3,90,48615,30,330,823590
BANKNIFTY-II.NFO,17/03/2025,09:15:54,48605.3,48605.3,90,48615,30,0,823590
BANKNIFTY-II.NFO,17/03/2025,09:15:56,48605.3,48605.3,90,48614.95,150,90,823590
BANKNIFTY-II.NFO,17/03/2025,09:15:58,48605.65,48605.65,60,48615,30,30,823590
BANKNIFTY-II.NFO,17/03/2025,09:15:58,48605.65,48605.65,60,48615,30,0,823590
BANKNIFTY-II.NFO,17/03/2025,09:15:59,48605.65,48605.95,60,48615,30,0,823590
BANKNIFTY-II.NFO,17/03/2025,09:16:01,48609.85,48610,120,48627.85,120,210,823590
BANKNIFTY-II.NFO,17/03/2025,09:16:01,48615,48610,120,48627.85,120,0,823590
BANKNIFTY-II.NFO,17/03/2025,09:16:03,48610,48611.65,120,48628.95,150,30,823590
BANKNIFTY-II.NFO,17/03/2025,09:16:04,48611.65,48608,30,48628.8,120,60,823590
BANKNIFTY-II.NFO,17/03/2025,09:16:06,48615,48611.5,120,48628.95,120,30,823590
BANKNIFTY-II.NFO,17/03/2025,09:16:08,48616.75,48616.5,150,48629,30,30,823590
BANKNIFTY-II.NFO,17/03/2025,09:16:08,48616.75,48616.5,150,48629,30,0,823590
BANKNIFTY-II.NFO,17/03/2025,09:16:09,48628.95,48616.05,60,48629,30,60,823590
BANKNIFTY-II.NFO,17/03/2025,09:16:09,48628.95,48616.05,60,48629,30,0,823590
BANKNIFTY-II.NFO,17/03/2025,09:16:11,48628.95,48620,120,48629,30,0,823590
BANKNIFTY-II.NFO,17/03/2025,09:16:13,48629,48624.25,90,48637.95,120,30,823590
BANKNIFTY-II.NFO,17/03/2025,09:16:13,48629,48624.25,90,48637.95,120,0,823590
BANKNIFTY-II.NFO,17/03/2025,09:16:14,48631.2,48625.9,60,48644.95,150,90,823590
BANKNIFTY-II.NFO,17/03/2025,09:16:14,48631.2,48625.9,60,48644.95,150,0,823590
BANKNIFTY-II.NFO,17/03/2025,09:16:16,48633.7,48633.7,30,48645,30,90,823590
BANKNIFTY-II.NFO,17/03/2025,09:16:16,48633.7,48633.7,30,48645,30,0,823590
BANKNIFTY-II.NFO,17/03/2025,09:16:18,48633.7,48633.2,300,48645,30,0,823590
BANKNIFTY-II.NFO,17/03/2025,09:16:19,48645,48640.5,90,48649.95,30,30,823590
BANKNIFTY-II.NFO,17/03/2025,09:16:19,48645,48640.5,90,48649.95,30,0,823590
BANKNIFTY-II.NFO,17/03/2025,09:16:21,48645,48636.05,150,48645,30,0,823590
BANKNIFTY-II.NFO,17/03/2025,09:16:23,48654,48652,150,48660,30,150,823590
BANKNIFTY-II.NFO,17/03/2025,09:16:23,48654,48652,150,48660,30,0,823590
BANKNIFTY-II.NFO,17/03/2025,09:16:24,48654,48647.5,90,48660,30,0,823590
BANKNIFTY-II.NFO,17/03/2025,09:16:26,48654,48640.75,90,48659.95,120,30,823590
BANKNIFTY-II.NFO,17/03/2025,09:16:28,48654,48643.55,90,48659.95,120,0,823590
BANKNIFTY-II.NFO,17/03/2025,09:16:29,48654,48645,30,48654.95,120,0,823590
BANKNIFTY-II.NFO,17/03/2025,09:16:31,48654,48645,30,48655,30,0,823590
BANKNIFTY-II.NFO,17/03/2025,09:16:33,48654.95,48645,30,48655,30,30,823590
BANKNIFTY-II.NFO,17/03/2025,09:16:33,48654.95,48645,30,48655,30,0,823590
BANKNIFTY-II.NFO,17/03/2025,09:16:34,48654.95,48645.05,30,48650,30,0,823590
BANKNIFTY-II.NFO,17/03/2025,09:16:36,48654.95,48645,30,48650,30,0,823590
BANKNIFTY-II.NFO,17/03/2025,09:16:37,48654.95,48645.05,30,48650,30,0,823590
BANKNIFTY-II.NFO,17/03/2025,09:16:42,48650,48646.35,30,48654,30,30,823590
BANKNIFTY-II.NFO,17/03/2025,09:16:44,48651.65,48651.75,30,48660,90,270,823590
BANKNIFTY-II.NFO,17/03/2025,09:16:44,48655,48651.75,30,48660,90,0,823590
BANKNIFTY-II.NFO,17/03/2025,09:16:46,48655,48652.3,30,48660,90,30,823590
BANKNIFTY-II.NFO,17/03/2025,09:16:47,48652.35,48652.65,30,48660,90,30,823590
BANKNIFTY-II.NFO,17/03/2025,09:16:49,48652.35,48652.9,120,48660,90,0,823590
BANKNIFTY-II.NFO,17/03/2025,09:16:51,48655,48652.3,120,48660,90,30,823590
BANKNIFTY-II.NFO,17/03/2025,09:16:52,48660,48658.4,90,48666.95,30,150,823590
BANKNIFTY-II.NFO,17/03/2025,09:16:52,48660,48658.4,90,48666.95,30,0,823590
BANKNIFTY-II.NFO,17/03/2025,09:16:54,48660,48658.4,90,48666.95,30,0,823590
BANKNIFTY-II.NFO,17/03/2025,09:16:56,48660,48658.4,90,48666.9,120,0,823590
BANKNIFTY-II.NFO,17/03/2025,09:16:57,48660,48655.65,90,48666.95,30,0,823590
BANKNIFTY-II.NFO,17/03/2025,09:16:59,48665,48658.6,90,48666.95,30,30,823590
BANKNIFTY-II.NFO,17/03/2025,09:16:59,48665,48658.6,90,48666.95,30,0,823590
BANKNIFTY-II.NFO,17/03/2025,09:17:01,48665,48659.85,180,48666.95,30,0,823590
BANKNIFTY-II.NFO,17/03/2025,09:17:03,48665,48660.35,150,48666.95,30,0,823590
BANKNIFTY-II.NFO,17/03/2025,09:17:04,48668.15,48670.9,150,48680,60,60,823590
BANKNIFTY-II.NFO,17/03/2025,09:17:04,48668.15,48670.9,150,48680,60,0,823590
BANKNIFTY-II.NFO,17/03/2025,09:17:06,48668.15,48676.35,300,48680,60,0,823590
BANKNIFTY-II.NFO,17/03/2025,09:17:08,48668.15,48669.5,60,48680,60,0,823590
BANKNIFTY-II.NFO,17/03/2025,09:17:09,48669.5,48668.35,30,48676.75,30,30,823590
BANKNIFTY-II.NFO,17/03/2025,09:17:09,48669.5,48668.35,30,48676.75,30,0,823590
BANKNIFTY-II.NFO,17/03/2025,09:17:11,48669.5,48667.9,30,48676.75,30,30,823590
BANKNIFTY-II.NFO,17/03/2025,09:17:13,48669.55,48669.55,30,48676.75,30,60,823590
BANKNIFTY-II.NFO,17/03/2025,09:17:13,48670,48669.55,30,48676.75,30,0,823590
BANKNIFTY-II.NFO,17/03/2025,09:17:14,48669.55,48672,30,48676.75,30,0,823590
BANKNIFTY-II.NFO,17/03/2025,09:17:16,48676.75,48673.05,60,48680,60,30,823590
BANKNIFTY-II.NFO,17/03/2025,09:17:16,48676.75,48673.05,60,48680,60,0,823590
BANKNIFTY-II.NFO,17/03/2025,09:17:18,48676.75,48669.55,30,48680,60,0,823590
BANKNIFTY-II.NFO,17/03/2025,09:17:19,48676.75,48669.55,30,48679.95,120,0,823590
BANKNIFTY-II.NFO,17/03/2025,09:17:21,48669.5,48672,30,48676.75,30,60,823590
BANKNIFTY-II.NFO,17/03/2025,09:17:23,48676.75,48678,60,48680,60,30,823590
BANKNIFTY-II.NFO,17/03/2025,09:17:24,48688.45,48683.2,30,48697.7,120,180,823590
BANKNIFTY-II.NFO,17/03/2025,09:17:24,48688.45,48683.2,30,48697.7,120,0,823590
BANKNIFTY-II.NFO,17/03/2025,09:17:26,48688.45,48683.65,30,48697.85,120,0,823590
BANKNIFTY-II.NFO,17/03/2025,09:17:28,48672.5,48677.75,30,48688.4,120,330,823590
BANKNIFTY-II.NFO,17/03/2025,09:17:29,48678.75,48683.2,30,48698.45,120,270,823590
BANKNIFTY-II.NFO,17/03/2025,09:17:29,48698.45,48683.2,30,48698.45,120,0,823590
BANKNIFTY-II.NFO,17/03/2025,09:17:31,48678.75,48679.6,30,48697.55,120,0,823590
BANKNIFTY-II.NFO,17/03/2025,09:17:33,48678.75,48679.6,30,48692.1,60,0,823590
BANKNIFTY-II.NFO,17/03/2025,09:17:34,48671.05,48650.1,30,48670,120,90,823590
BANKNIFTY-II.NFO,17/03/2025,09:17:36,48654.85,48650.1,30,48665.7,120,30,823590
BANKNIFTY-II.NFO,17/03/2025,09:17:38,48654.85,48650.1,30,48673.25,120,0,823590
BANKNIFTY-II.NFO,17/03/2025,09:17:39,48652.05,48652.05,30,48670.5,120,150,823590
BANKNIFTY-II.NFO,17/03/2025,09:17:41,48652.05,48659,30,48675.2,120,0,823590
BANKNIFTY-II.NFO,17/03/2025,09:17:43,48652.05,48662.9,30,48678.8,120,0,823590
BANKNIFTY-II.NFO,17/03/2025,09:17:44,48653.5,48661.15,150,48679.25,120,60,823590
BANKNIFTY-II.NFO,17/03/2025,09:17:46,48653.5,48668.95,30,48679.95,150,0,823590
BANKNIFTY-II.NFO,17/03/2025,09:17:48,48680,48666.15,30,48685.5,120,60,823590
BANKNIFTY-II.NFO,17/03/2025,09:17:49,48684.7,48661.5,30,48683.45,120,30,823590
BANKNIFTY-II.NFO,17/03/2025,09:17:51,48684.7,48659.3,30,48682.05,120,0,823590
BANKNIFTY-II.NFO,17/03/2025,09:17:53,48684.7,48659.15,30,48679.75,120,0,823590
BANKNIFTY-II.NFO,17/03/2025,09:17:54,48684.7,48664.05,30,48679.95,150,0,823590
BANKNIFTY-II.NFO,17/03/2025,09:17:56,48664.05,48664.1,30,48679.95,150,30,823590
BANKNIFTY-II.NFO,17/03/2025,09:17:58,48664.05,48664.05,30,48679.9,120,0,823590
BANKNIFTY-II.NFO,17/03/2025,09:17:59,48664.05,48662,30,48679.9,120,0,823590
BANKNIFTY-II.NFO,17/03/2025,09:18:01,48673.05,48672.6,30,48680,30,30,823590
BANKNIFTY-II.NFO,17/03/2025,09:18:03,48673.05,48672.5,150,48680,30,0,823590
BANKNIFTY-II.NFO,17/03/2025,09:18:04,48673.05,48667.8,30,48680,30,0,823590
BANKNIFTY-II.NFO,17/03/2025,09:18:06,48673.05,48675.2,150,48680,30,0,823590
BANKNIFTY-II.NFO,17/03/2025,09:18:08,48673.05,48675.4,150,48680,30,0,823590
BANKNIFTY-II.NFO,17/03/2025,09:18:09,48673.05,48670.6,30,48680,30,0,823590
BANKNIFTY-II.NFO,17/03/2025,09:18:11,48670.6,48669.2,30,48679.95,150,30,823590
BANKNIFTY-II.NFO,17/03/2025,09:18:12,48671.95,48673.25,300,48680,30,30,823590
BANKNIFTY-II.NFO,17/03/2025,09:18:14,48680,48671.3,30,48684,90,90,823590
BANKNIFTY-II.NFO,17/03/2025,09:18:16,48673.95,48673.3,30,48684,90,120,823590
BANKNIFTY-II.NFO,17/03/2025,09:18:17,48673.95,48674.8,180,48684,90,0,823590
BANKNIFTY-II.NFO,17/03/2025,09:18:19,48675.15,48673.95,150,48684,60,60,823590
BANKNIFTY-II.NFO,17/03/2025,09:18:21,48684,48675.45,60,48684,30,30,822150
BANKNIFTY-II.NFO,17/03/2025,09:18:22,48676.2,48677.65,150,48684,30,30,822150
BANKNIFTY-II.NFO,17/03/2025,09:18:24,48685,48681.35,30,48690,30,60,822150
BANKNIFTY-II.NFO,17/03/2025,09:18:26,48685,48678.55,30,48690,30,0,822150
BANKNIFTY-II.NFO,17/03/2025,09:18:27,48690,48676.8,30,48697.95,150,60,822150
BANKNIFTY-II.NFO,17/03/2025,09:18:29,48690,48682.2,30,48696.55,150,0,822150
BANKNIFTY-II.NFO,17/03/2025,09:18:31,48690,48690,60,48696.55,120,0,822150
BANKNIFTY-II.NFO,17/03/2025,09:18:32,48690,48682.2,30,48695.8,150,60,822150
BANKNIFTY-II.NFO,17/03/2025,09:18:34,48682.2,48680.9,120,48695.8,120,30,822150
BANKNIFTY-II.NFO,17/03/2025,09:18:36,48682.2,48681.15,30,48693.7,30,0,822150
BANKNIFTY-II.NFO,17/03/2025,09:18:37,48681.1,48680.55,30,48693.7,30,60,822150
BANKNIFTY-II.NFO,17/03/2025,09:18:39,48681.1,48682.45,60,48695.5,30,0,822150
BANKNIFTY-II.NFO,17/03/2025,09:18:41,48681.1,48686.7,60,48698,60,0,822150
BANKNIFTY-II.NFO,17/03/2025,09:18:42,48681.1,48679.75,30,48697.7,120,0,822150
BANKNIFTY-II.NFO,17/03/2025,09:18:44,48681.1,48680.15,60,48697,120,0,822150
BANKNIFTY-II.NFO,17/03/2025,09:18:46,48681.1,48675.6,60,48693.15,120,0,822150
BANKNIFTY-II.NFO,17/03/2025,09:18:47,48681.1,48683.7,60,48697.95,150,0,822150
BANKNIFTY-II.NFO,17/03/2025,09:18:49,48681.1,48686.45,60,48698,60,0,822150
BANKNIFTY-II.NFO,17/03/2025,09:18:51,48685.35,48683.75,60,48697.95,120,30,822150
BANKNIFTY-II.NFO,17/03/2025,09:18:52,48698,48686.35,30,48698,30,120,822150
BANKNIFTY-II.NFO,17/03/2025,09:18:54,48698,48684.25,30,48688,30,0,822150
BANKNIFTY-II.NFO,17/03/2025,09:18:56,48698,48683.3,30,48688,30,0,822150
BANKNIFTY-II.NFO,17/03/2025,09:18:57,48698,48682.9,30,48688,30,0,822150
BANKNIFTY-II.NFO,17/03/2025,09:18:59,48698,48680,30,48688,30,0,822150
BANKNIFTY-II.NFO,17/03/2025,09:19:01,48688,48681.4,30,48697.95,120,60,822150
BANKNIFTY-II.NFO,17/03/2025,09:19:02,48683.75,48685.25,150,48698,30,30,822150
BANKNIFTY-II.NFO,17/03/2025,09:19:04,48683.75,48685.1,60,48698,30,0,822150
BANKNIFTY-II.NFO,17/03/2025,09:19:06,48685.15,48685.7,60,48698,30,180,822150
BANKNIFTY-II.NFO,17/03/2025,09:19:07,48685.15,48684.85,30,48698,30,0,822150
BANKNIFTY-II.NFO,17/03/2025,09:19:09,48685.15,48689.4,30,48698,30,0,822150
BANKNIFTY-II.NFO,17/03/2025,09:19:11,48685.15,48686.55,30,48698,30,0,822150
BANKNIFTY-II.NFO,17/03/2025,09:19:12,48698,48689.75,30,48698.5,30,30,822150
BANKNIFTY-II.NFO,17/03/2025,09:19:14,48698,48689.75,30,48698.5,30,0,822150
BANKNIFTY-II.NFO,17/03/2025,09:19:16,48698,48689.55,30,48698.5,30,0,822150
BANKNIFTY-II.NFO,17/03/2025,09:19:19,48698,48689.2,30,48698,30,0,822150
BANKNIFTY-II.NFO,17/03/2025,09:19:20,48698,48689.25,30,48698,30,0,822150
BANKNIFTY-II.NFO,17/03/2025,09:19:22,48685.05,48689.6,30,48698,30,300,822150
BANKNIFTY-II.NFO,17/03/2025,09:19:24,48685.05,48689.6,30,48698,30,0,822150
BANKNIFTY-II.NFO,17/03/2025,09:19:25,48685.05,48689.4,30,48698,30,0,822150
BANKNIFTY-II.NFO,17/03/2025,09:19:27,48689.35,48690.35,30,48697.95,120,60,822150
BANKNIFTY-II.NFO,17/03/2025,09:19:29,48697.95,48687.85,30,48698,30,30,822150
BANKNIFTY-II.NFO,17/03/2025,09:19:30,48697.95,48690.65,30,48698,30,0,822150
BANKNIFTY-II.NFO,17/03/2025,09:19:32,48697.95,48691.05,30,48698,30,0,822150
BANKNIFTY-II.NFO,17/03/2025,09:19:34,48697.95,48686.1,30,48698,30,0,822150
BANKNIFTY-II.NFO,17/03/2025,09:19:35,48697.95,48688.85,30,48698,30,0,822150
BANKNIFTY-II.NFO,17/03/2025,09:19:37,48697.95,48688.85,30,48697.95,120,0,822150
BANKNIFTY-II.NFO,17/03/2025,09:19:39,48697.95,48688.85,30,48698,30,0,822150
BANKNIFTY-II.NFO,17/03/2025,09:19:40,48697.95,48691.9,30,48698,30,90,822150
BANKNIFTY-II.NFO,17/03/2025,09:19:42,48698.45,48690.35,30,48698.45,150,90,822150
BANKNIFTY-II.NFO,17/03/2025,09:19:44,48698.45,48688.9,30,48697,120,0,822150
BANKNIFTY-II.NFO,17/03/2025,09:19:45,48698.45,48689,30,48698.45,120,0,822150
BANKNIFTY-II.NFO,17/03/2025,09:19:47,48698.45,48686.8,30,48698.45,120,0,822150
BANKNIFTY-II.NFO,17/03/2025,09:19:49,48698.45,48689.25,30,48698.5,30,0,822150
BANKNIFTY-II.NFO,17/03/2025,09:19:50,48698.45,48689.15,30,48698.5,30,0,822150
BANKNIFTY-II.NFO,17/03/2025,09:19:52,48698.45,48685.05,30,48698.4,150,0,822150
BANKNIFTY-II.NFO,17/03/2025,09:19:54,48681.05,48681.05,90,48698.4,150,120,822150
BANKNIFTY-II.NFO,17/03/2025,09:19:55,48681.05,48690.9,30,48697.95,30,0,822150
BANKNIFTY-II.NFO,17/03/2025,09:19:57,48681.05,48686.9,90,48697.95,30,0,822150
BANKNIFTY-II.NFO,17/03/2025,09:19:58,48709.95,48698.95,30,48710,90,600,822150
BANKNIFTY-II.NFO,17/03/2025,09:19:58,48709.95,48698.95,30,48710,90,0,822150
BANKNIFTY-II.NFO,17/03/2025,09:20:00,48701.55,48701.6,30,48710,90,60,822150
BANKNIFTY-II.NFO,17/03/2025,09:20:02,48701.55,48703.9,120,48710,90,0,822150
BANKNIFTY-II.NFO,17/03/2025,09:20:03,48708.35,48710.05,30,48720,150,90,822150
BANKNIFTY-II.NFO,17/03/2025,09:20:03,48710,48710.05,30,48720,150,0,822150
BANKNIFTY-II.NFO,17/03/2025,09:20:05,48712.85,48712.8,30,48720,90,90,822150
BANKNIFTY-II.NFO,17/03/2025,09:20:05,48720,48712.8,30,48720,90,0,822150
BANKNIFTY-II.NFO,17/03/2025,09:20:07,48720,48714.8,120,48720,30,60,822150
BANKNIFTY-II.NFO,17/03/2025,09:20:08,48725,48720.55,150,48730,120,90,822150
BANKNIFTY-II.NFO,17/03/2025,09:20:08,48725,48720.55,150,48730,120,0,822150
BANKNIFTY-II.NFO,17/03/2025,09:20:10,48725,48723.95,30,48730,120,120,822150
BANKNIFTY-II.NFO,17/03/2025,09:20:12,48730,48723.95,30,48730,30,390,822150
BANKNIFTY-II.NFO,17/03/2025,09:20:12,48730,48723.95,30,48730,30,0,822150
BANKNIFTY-II.NFO,17/03/2025,09:20:14,48720.1,48722.65,30,48738,30,960,822150
BANKNIFTY-II.NFO,17/03/2025,09:20:15,48725,48719.2,30,48735.1,120,30,822150
BANKNIFTY-II.NFO,17/03/2025,09:20:17,48736.15,48719.15,150,48737.95,150,30,822150
BANKNIFTY-II.NFO,17/03/2025,09:20:17,48736.15,48719.15,150,48737.95,150,0,822150
BANKNIFTY-II.NFO,17/03/2025,09:20:19,48714,48713.95,150,48737.2,180,30,822150
BANKNIFTY-II.NFO,17/03/2025,09:20:20,48714,48712.85,90,48729.95,150,0,822150
BANKNIFTY-II.NFO,17/03/2025,09:20:22,48714,48719.05,30,48730,60,0,822150
BANKNIFTY-II.NFO,17/03/2025,09:20:24,48714,48718.85,30,48730,60,0,822150
BANKNIFTY-II.NFO,17/03/2025,09:20:25,48715.65,48712.9,150,48729.95,150,30,822150
BANKNIFTY-II.NFO,17/03/2025,09:20:27,48715.65,48712.85,90,48729.95,150,0,822150
BANKNIFTY-II.NFO,17/03/2025,09:20:29,48710,48709.7,150,48729.95,150,120,822150
BANKNIFTY-II.NFO,17/03/2025,09:20:30,48710,48707.2,150,48728.75,120,0,822150
BANKNIFTY-II.NFO,17/03/2025,09:20:32,48728.75,48705.05,30,48727.7,120,30,822150
BANKNIFTY-II.NFO,17/03/2025,09:20:34,48728.75,48700.05,30,48725.75,120,0,822150
BANKNIFTY-II.NFO,17/03/2025,09:20:35,48728.75,48705.75,30,48724.95,150,0,822150
BANKNIFTY-II.NFO,17/03/2025,09:20:37,48728.75,48699.2,30,48724.3,180,0,822150
BANKNIFTY-II.NFO,17/03/2025,09:20:39,48728.75,48698.95,30,48722.9,150,0,822150
BANKNIFTY-II.NFO,17/03/2025,09:20:42,48700,48701.65,30,48722.9,150,60,822150
BANKNIFTY-II.NFO,17/03/2025,09:20:44,48700,48701.3,30,48723.65,120,0,822150
BANKNIFTY-II.NFO,17/03/2025,09:20:45,48710,48703.8,30,48723.35,120,60,822150
BANKNIFTY-II.NFO,17/03/2025,09:20:47,48703.8,48695.1,30,48716,120,30,822150
BANKNIFTY-II.NFO,17/03/2025,09:20:49,48703.8,48690.4,30,48712.75,180,0,822150
BANKNIFTY-II.NFO,17/03/2025,09:20:50,48695,48692.4,30,48712,210,60,822150
BANKNIFTY-II.NFO,17/03/2025,09:20:52,48695,48692.4,30,48710.15,120,0,822150
BANKNIFTY-II.NFO,17/03/2025,09:20:54,48695,48691.75,30,48708.55,120,0,822150
BANKNIFTY-II.NFO,17/03/2025,09:20:55,48695,48687.7,150,48708.55,120,0,822150
BANKNIFTY-II.NFO,17/03/2025,09:20:57,48695,48692.85,30,48709.95,120,0,822150
BANKNIFTY-II.NFO,17/03/2025,09:20:59,48700,48699.7,150,48716.85,120,30,822150
BANKNIFTY-II.NFO,17/03/2025,09:21:00,48723.4,48702.05,30,48723.4,120,60,822150
BANKNIFTY-II.NFO,17/03/2025,09:21:02,48723.4,48699.45,30,48720.45,60,0,822150
BANKNIFTY-II.NFO,17/03/2025,09:21:03,48723.4,48699.05,30,48717.6,120,0,822150
BANKNIFTY-II.NFO,17/03/2025,09:21:05,48723.4,48686.25,30,48709.75,120,0,822150
BANKNIFTY-II.NFO,17/03/2025,09:21:07,48686.2,48682.2,30,48705.6,120,60,822150
BANKNIFTY-II.NFO,17/03/2025,09:21:09,48686.2,48681.5,420,48705.7,120,0,822150
BANKNIFTY-II.NFO,17/03/2025,09:21:10,48686.2,48695,30,48707.3,120,0,822150
BANKNIFTY-II.NFO,17/03/2025,09:21:12,48686.2,48695,30,48707.95,120,0,822150
BANKNIFTY-II.NFO,17/03/2025,09:21:14,48686.2,48695,30,48700,30,0,822150
BANKNIFTY-II.NFO,17/03/2025,09:21:20,48700,48695,30,48708.8,120,30,822150
BANKNIFTY-II.NFO,17/03/2025,09:21:22,48700,48695,30,48703.1,30,0,822150
BANKNIFTY-II.NFO,17/03/2025,09:21:25,48695,48686.2,30,48695,90,60,820740
BANKNIFTY-II.NFO,17/03/2025,09:21:27,48695,48686,30,48695,60,60,820740
BANKNIFTY-II.NFO,17/03/2025,09:21:29,48695,48690.5,420,48695,300,0,820740
BANKNIFTY-II.NFO,17/03/2025,09:21:30,48695,48692.2,150,48695,180,120,820740
BANKNIFTY-II.NFO,17/03/2025,09:21:32,48695,48688.2,270,48695,90,90,820740
BANKNIFTY-II.NFO,17/03/2025,09:21:34,48695,48689.05,150,48695,60,30,820740
BANKNIFTY-II.NFO,17/03/2025,09:21:35,48695,48694.45,240,48703.1,30,60,820740
BANKNIFTY-II.NFO,17/03/2025,09:21:37,48695,48691,150,48703.1,30,0,820740
BANKNIFTY-II.NFO,17/03/2025,09:21:39,48695,48690.4,240,48703.1,30,0,820740
BANKNIFTY-II.NFO,17/03/2025,09:21:40,48695,48689.2,150,48703.1,30,0,820740
BANKNIFTY-II.NFO,17/03/2025,09:21:42,48695,48691.9,150,48703.1,30,0,820740
BANKNIFTY-II.NFO,17/03/2025,09:21:44,48695,48694,150,48703.1,30,0,820740
BANKNIFTY-II.NFO,17/03/2025,09:21:45,48695,48693.55,240,48703.1,30,0,820740
BANKNIFTY-II.NFO,17/03/2025,09:21:47,48703.1,48691.8,150,48709.95,150,30,820740
BANKNIFTY-II.NFO,17/03/2025,09:21:49,48693.4,48694.2,210,48709.95,150,30,820740
BANKNIFTY-II.NFO,17/03/2025,09:21:50,48693.4,48697.45,150,48710,30,0,820740
BANKNIFTY-II.NFO,17/03/2025,09:21:52,48693.4,48701.45,210,48710,30,0,820740
BANKNIFTY-II.NFO,17/03/2025,09:21:54,48693.4,48703.45,150,48710,30,0,820740
BANKNIFTY-II.NFO,17/03/2025,09:21:55,48703.1,48705.5,210,48719.95,120,60,820740
BANKNIFTY-II.NFO,17/03/2025,09:21:57,48703.1,48700.6,210,48719.95,150,0,820740
BANKNIFTY-II.NFO,17/03/2025,09:21:59,48700,48699.5,210,48719.95,150,60,820740
BANKNIFTY-II.NFO,17/03/2025,09:22:00,48700,48695.5,210,48718.85,120,0,820740
BANKNIFTY-II.NFO,17/03/2025,09:22:02,48700,48699.9,210,48717.6,120,0,820740
BANKNIFTY-II.NFO,17/03/2025,09:22:04,48700,48698.1,150,48718.7,120,0,820740
BANKNIFTY-II.NFO,17/03/2025,09:22:05,48698.05,48694,150,48716.3,120,60,820740
BANKNIFTY-II.NFO,17/03/2025,09:22:07,48698.05,48698.2,150,48717.9,120,0,820740
BANKNIFTY-II.NFO,17/03/2025,09:22:09,48698.05,48699.85,360,48718.3,120,0,820740
BANKNIFTY-II.NFO,17/03/2025,09:22:10,48698.05,48698.05,60,48718.3,120,0,820740
BANKNIFTY-II.NFO,17/03/2025,09:22:14,48698.05,48698.05,60,48717.85,120,0,820740
BANKNIFTY-II.NFO,17/03/2025,09:22:15,48698.05,48698.05,90,48717.95,120,0,820740
BANKNIFTY-II.NFO,17/03/2025,09:22:18,48698.05,48698.05,90,48719.2,120,0,820740
BANKNIFTY-II.NFO,17/03/2025,09:22:20,48698.05,48698.05,90,48713.75,120,0,820740
BANKNIFTY-II.NFO,17/03/2025,09:22:22,48698.05,48698.05,90,48712.6,120,0,820740
BANKNIFTY-II.NFO,17/03/2025,09:22:23,48698.05,48698.05,60,48710.75,120,30,820740
BANKNIFTY-II.NFO,17/03/2025,09:22:25,48698.1,48698.1,30,48713.25,120,90,820740
BANKNIFTY-II.NFO,17/03/2025,09:22:27,48698.1,48698.05,60,48713.25,120,0,820740
BANKNIFTY-II.NFO,17/03/2025,09:22:28,48698.1,48698.1,30,48716.6,120,0,820740
BANKNIFTY-II.NFO,17/03/2025,09:22:32,48698.1,48698.05,60,48714,120,0,820740
BANKNIFTY-II.NFO,17/03/2025,09:22:33,48698.1,48698.1,30,48712.15,120,0,820740
BANKNIFTY-II.NFO,17/03/2025,09:22:35,48693.65,48693.9,210,48713.55,120,270,820740
BANKNIFTY-II.NFO,17/03/2025,09:22:37,48713,48693.3,60,48713.2,120,60,820740
BANKNIFTY-II.NFO,17/03/2025,09:22:38,48713,48690.05,60,48712.75,180,0,820740
BANKNIFTY-II.NFO,17/03/2025,09:22:40,48713,48689.6,60,48712.3,120,0,820740
BANKNIFTY-II.NFO,17/03/2025,09:22:42,48713,48688.15,60,48710.1,120,0,820740
BANKNIFTY-II.NFO,17/03/2025,09:22:43,48713,48690.05,60,48710.1,120,0,820740
BANKNIFTY-II.NFO,17/03/2025,09:22:45,48713,48686.05,60,48709,180,0,820740
BANKNIFTY-II.NFO,17/03/2025,09:22:47,48713,48686.1,60,48708.8,120,0,820740
BANKNIFTY-II.NFO,17/03/2025,09:22:48,48713,48690.8,60,48710.2,120,0,820740
BANKNIFTY-II.NFO,17/03/2025,09:22:50,48713,48690.2,60,48710.2,120,0,820740
BANKNIFTY-II.NFO,17/03/2025,09:22:52,48713,48688.7,60,48710.2,120,0,820740
BANKNIFTY-II.NFO,17/03/2025,09:22:53,48713,48693.3,60,48710,30,0,820740
BANKNIFTY-II.NFO,17/03/2025,09:22:55,48713,48691.4,60,48709.95,150,0,820740
BANKNIFTY-II.NFO,17/03/2025,09:22:57,48713,48690.35,60,48709.95,150,0,820740
BANKNIFTY-II.NFO,17/03/2025,09:22:58,48713,48690.05,60,48709.9,120,0,820740
BANKNIFTY-II.NFO,17/03/2025,09:23:00,48713,48702.05,30,48709.95,120,0,820740
BANKNIFTY-II.NFO,17/03/2025,09:23:02,48713,48702.05,30,48710,30,0,820740
BANKNIFTY-II.NFO,17/03/2025,09:23:03,48713,48700.1,60,48710,30,0,820740
BANKNIFTY-II.NFO,17/03/2025,09:23:05,48700.05,48694.1,60,48709.95,150,30,820740
BANKNIFTY-II.NFO,17/03/2025,09:23:07,48710,48706.05,30,48713,60,30,820740
BANKNIFTY-II.NFO,17/03/2025,09:23:08,48710,48706.05,30,48713,60,0,820740
BANKNIFTY-II.NFO,17/03/2025,09:23:10,48712.95,48702.05,30,48712.95,150,30,820740
BANKNIFTY-II.NFO,17/03/2025,09:23:12,48712.95,48696.1,90,48712.95,150,0,820740
BANKNIFTY-II.NFO,17/03/2025,09:23:13,48712.95,48706.05,30,48713,60,0,820740
BANKNIFTY-II.NFO,17/03/2025,09:23:15,48712.95,48700.05,30,48712.95,150,0,820740
BANKNIFTY-II.NFO,17/03/2025,09:23:17,48712.95,48694.1,90,48712.95,150,0,820740
BANKNIFTY-II.NFO,17/03/2025,09:23:19,48712.95,48704.05,30,48712.95,120,0,820740
BANKNIFTY-II.NFO,17/03/2025,09:23:20,48712.95,48698.05,30,48711.95,120,0,820740
BANKNIFTY-II.NFO,17/03/2025,09:23:22,48712.95,48696.05,30,48709.95,150,0,820740
BANKNIFTY-II.NFO,17/03/2025,09:23:24,48690.2,48694.05,30,48709.95,150,330,820740
BANKNIFTY-II.NFO,17/03/2025,09:23:25,48690.2,48692.05,30,48708,120,0,820740
BANKNIFTY-II.NFO,17/03/2025,09:23:27,48690.2,48696.05,30,48709.9,120,0,820740
BANKNIFTY-II.NFO,17/03/2025,09:23:29,48690.2,48698.05,30,48709.95,150,0,820740
BANKNIFTY-II.NFO,17/03/2025,09:23:30,48690.2,48702.05,30,48710,60,0,820740
BANKNIFTY-II.NFO,17/03/2025,09:23:37,48690.2,48700.05,30,48710,60,0,820740
BANKNIFTY-II.NFO,17/03/2025,09:23:39,48690.2,48702.05,30,48710,60,0,820740
BANKNIFTY-II.NFO,17/03/2025,09:23:45,48690.2,48698.05,30,48710,60,0,820740
BANKNIFTY-II.NFO,17/03/2025,09:23:47,48690.2,48700.05,30,48710,90,0,820740
BANKNIFTY-II.NFO,17/03/2025,09:23:52,48700.05,48700.2,120,48710,90,30,820740
BANKNIFTY-II.NFO,17/03/2025,09:23:54,48700.05,48700.05,30,48710,90,0,820740
BANKNIFTY-II.NFO,17/03/2025,09:23:55,48700.05,48696.7,60,48710,90,0,820740
BANKNIFTY-II.NFO,17/03/2025,09:23:57,48700.05,48696.2,60,48710,90,0,820740
BANKNIFTY-II.NFO,17/03/2025,09:23:59,48700.05,48698.05,30,48710,90,0,820740
BANKNIFTY-II.NFO,17/03/2025,09:24:00,48700.05,48699.1,60,48710,90,0,820740
BANKNIFTY-II.NFO,17/03/2025,09:24:02,48700.05,48698.65,60,48710,60,30,820740
BANKNIFTY-II.NFO,17/03/2025,09:24:04,48700.05,48700.05,30,48710,60,30,820740
BANKNIFTY-II.NFO,17/03/2025,09:24:05,48700.05,48698.5,120,48710,60,0,820740
BANKNIFTY-II.NFO,17/03/2025,09:24:07,48700.05,48697.55,60,48710,60,0,820740
BANKNIFTY-II.NFO,17/03/2025,09:24:09,48700.05,48700.15,210,48710,60,0,820740
BANKNIFTY-II.NFO,17/03/2025,09:24:10,48700.05,48702.95,60,48710,60,0,820740
BANKNIFTY-II.NFO,17/03/2025,09:24:12,48700.05,48702.05,30,48710,60,0,820740
BANKNIFTY-II.NFO,17/03/2025,09:24:13,48702.05,48702.05,30,48710,60,30,820740
BANKNIFTY-II.NFO,17/03/2025,09:24:15,48710,48700,30,48712.95,30,60,820740
BANKNIFTY-II.NFO,17/03/2025,09:24:17,48710,48699.05,60,48712.95,30,0,820740
BANKNIFTY-II.NFO,17/03/2025,09:24:18,48710,48702.05,30,48712.95,30,0,820740
BANKNIFTY-II.NFO,17/03/2025,09:24:20,48710,48701.8,60,48712.95,30,0,820740
BANKNIFTY-II.NFO,17/03/2025,09:24:22,48710,48704.05,30,48712.95,30,0,820740
BANKNIFTY-II.NFO,17/03/2025,09:24:23,48712.9,48701.15,30,48712.9,120,30,820830
BANKNIFTY-II.NFO,17/03/2025,09:24:25,48712.9,48701.15,30,48712.9,120,0,820830
BANKNIFTY-II.NFO,17/03/2025,09:24:27,48712.9,48701.15,30,48712.9,150,0,820830
BANKNIFTY-II.NFO,17/03/2025,09:24:30,48712.9,48701.15,30,48712.75,120,0,820830
BANKNIFTY-II.NFO,17/03/2025,09:24:32,48712.9,48701.15,30,48708.45,120,0,820830
BANKNIFTY-II.NFO,17/03/2025,09:24:33,48712.9,48701.15,30,48708.55,120,0,820830
BANKNIFTY-II.NFO,17/03/2025,09:24:35,48712.9,48701.15,30,48708.25,150,0,820830
BANKNIFTY-II.NFO,17/03/2025,09:24:37,48700.05,48690.25,30,48704.6,150,60,820830
BANKNIFTY-II.NFO,17/03/2025,09:24:38,48700.05,48690.25,30,48697.7,120,0,820830
BANKNIFTY-II.NFO,17/03/2025,09:24:40,48697.05,48690.25,30,48693.4,150,30,820830
BANKNIFTY-II.NFO,17/03/2025,09:24:42,48690.25,48686,30,48692.15,150,30,820830
BANKNIFTY-II.NFO,17/03/2025,09:24:43,48690.25,48686,30,48698.45,150,0,820830
BANKNIFTY-II.NFO,17/03/2025,09:24:45,48690.25,48692.05,30,48704.3,150,0,820830
BANKNIFTY-II.NFO,17/03/2025,09:24:47,48690.25,48686.05,30,48702.45,150,0,820830
BANKNIFTY-II.NFO,17/03/2025,09:24:48,48690.25,48686,30,48690.25,60,0,820830
BANKNIFTY-II.NFO,17/03/2025,09:24:52,48690.25,48704.05,30,48712.9,120,60,820830
BANKNIFTY-II.NFO,17/03/2025,09:24:53,48690.25,48696.05,30,48709.15,150,0,820830
BANKNIFTY-II.NFO,17/03/2025,09:24:55,48690.25,48690,30,48695,30,0,820830
BANKNIFTY-II.NFO,17/03/2025,09:24:57,48690.25,48690.05,60,48695,30,0,820830
BANKNIFTY-II.NFO,17/03/2025,09:24:58,48695,48702.05,30,48712.9,150,90,820830
BANKNIFTY-II.NFO,17/03/2025,09:25:00,48695,48704.05,30,48712.95,30,0,820830
BANKNIFTY-II.NFO,17/03/2025,09:25:06,48695,48702.05,30,48712.95,30,0,820830
BANKNIFTY-II.NFO,17/03/2025,09:25:08,48695,48704.05,30,48712.95,30,0,820830
BANKNIFTY-II.NFO,17/03/2025,09:25:23,48695,48700.5,60,48712.95,30,0,820830
BANKNIFTY-II.NFO,17/03/2025,09:25:25,48695,48698.5,30,48712.9,150,0,820830
BANKNIFTY-II.NFO,17/03/2025,09:25:27,48705,48704.05,30,48712.95,30,30,820830
BANKNIFTY-II.NFO,17/03/2025,09:25:28,48705,48700.4,360,48712.95,30,0,820830
BANKNIFTY-II.NFO,17/03/2025,09:25:30,48712.95,48704.2,60,48713,30,30,820830
BANKNIFTY-II.NFO,17/03/2025,09:25:32,48712.95,48704.25,60,48713,30,0,820830
BANKNIFTY-II.NFO,17/03/2025,09:25:33,48713,48704.1,30,48715,30,30,820830
BANKNIFTY-II.NFO,17/03/2025,09:25:35,48713,48704.25,60,48715,30,0,820830
BANKNIFTY-II.NFO,17/03/2025,09:25:37,48713,48704.65,90,48715,30,0,820830
BANKNIFTY-II.NFO,17/03/2025,09:25:38,48713,48705.7,60,48715,30,0,820830
BANKNIFTY-II.NFO,17/03/2025,09:25:40,48715,48708.15,30,48718,210,30,820830
BANKNIFTY-II.NFO,17/03/2025,09:25:42,48715,48712.35,60,48718,210,0,820830
BANKNIFTY-II.NFO,17/03/2025,09:25:43,48715,48711.3,60,48718,210,0,820830
BANKNIFTY-II.NFO,17/03/2025,09:25:45,48718,48714.35,150,48718,180,30,820830
BANKNIFTY-II.NFO,17/03/2025,09:25:47,48718,48715.7,240,48718,180,0,820830
BANKNIFTY-II.NFO,17/03/2025,09:25:48,48718,48719.05,60,48720,210,180,820830
BANKNIFTY-II.NFO,17/03/2025,09:25:50,48718,48718.75,60,48720,210,0,820830
BANKNIFTY-II.NFO,17/03/2025,09:25:52,48720,48720.7,60,48724,30,240,820830
BANKNIFTY-II.NFO,17/03/2025,09:25:53,48720,48722.6,60,48724,30,0,820830
BANKNIFTY-II.NFO,17/03/2025,09:25:55,48724,48723.2,60,48725,60,30,820830
BANKNIFTY-II.NFO,17/03/2025,09:25:57,48725,48723.45,60,48725,30,30,820830
BANKNIFTY-II.NFO,17/03/2025,09:25:58,48726,48728.7,60,48730,210,60,820830
BANKNIFTY-II.NFO,17/03/2025,09:26:00,48730,48730.65,30,48735,30,210,820830
BANKNIFTY-II.NFO,17/03/2025,09:26:02,48730,48734.8,60,48735,30,0,820830
BANKNIFTY-II.NFO,17/03/2025,09:26:03,48735,48734.8,60,48738,60,30,820830
BANKNIFTY-II.NFO,17/03/2025,09:26:05,48738,48738.25,60,48739,30,60,820830
BANKNIFTY-II.NFO,17/03/2025,09:26:05,48738,48738.25,60,48739,30,0,820830
BANKNIFTY-II.NFO,17/03/2025,09:26:07,48738,48738.6,150,48739,30,0,820830
BANKNIFTY-II.NFO,17/03/2025,09:26:08,48738,48735.3,60,48739,30,0,820830
BANKNIFTY-II.NFO,17/03/2025,09:26:10,48738,48734,60,48739,30,0,820830
BANKNIFTY-II.NFO,17/03/2025,09:26:12,48738,48732.35,150,48739,30,0,820830
BANKNIFTY-II.NFO,17/03/2025,09:26:13,48738,48732.9,60,48739,30,0,820830
BANKNIFTY-II.NFO,17/03/2025,09:26:15,48732.8,48734.7,60,48739,30,30,820830
BANKNIFTY-II.NFO,17/03/2025,09:26:16,48732.8,48736.85,150,48739,30,0,820830
BANKNIFTY-II.NFO,17/03/2025,09:26:18,48758.3,48750.15,60,48759.95,90,540,820830
BANKNIFTY-II.NFO,17/03/2025,09:26:18,48758.3,48750.15,60,48759.95,90,0,820830
BANKNIFTY-II.NFO,17/03/2025,09:26:20,48775,48750.4,120,48776.6,30,600,820830
BANKNIFTY-II.NFO,17/03/2025,09:26:20,48775,48750.4,120,48776.6,30,0,820830
BANKNIFTY-II.NFO,17/03/2025,09:26:21,48753.65,48755.1,90,48766.25,30,210,820830
BANKNIFTY-II.NFO,17/03/2025,09:26:21,48777.8,48755.1,90,48766.25,30,0,820830
BANKNIFTY-II.NFO,17/03/2025,09:26:23,48753.65,48751.3,60,48766.25,30,0,820830
BANKNIFTY-II.NFO,17/03/2025,09:26:25,48766.25,48751.3,60,48766.3,30,90,820830
BANKNIFTY-II.NFO,17/03/2025,09:26:26,48766.25,48751.35,60,48766.3,30,0,820830
BANKNIFTY-II.NFO,17/03/2025,09:26:28,48766.25,48753.65,30,48764.2,30,0,820830
BANKNIFTY-II.NFO,17/03/2025,09:26:30,48766.25,48753.65,30,48766.3,30,0,820830
BANKNIFTY-II.NFO,17/03/2025,09:26:31,48766.25,48755.1,30,48766.3,30,0,820830
BANKNIFTY-II.NFO,17/03/2025,09:26:33,48766.25,48753.65,30,48766.3,30,0,820830
BANKNIFTY-II.NFO,17/03/2025,09:26:35,48766.25,48753.65,30,48765.15,30,0,820830
BANKNIFTY-II.NFO,17/03/2025,09:26:36,48766.25,48753.65,30,48765.8,30,0,820830
BANKNIFTY-II.NFO,17/03/2025,09:26:38,48765.8,48750.95,30,48761.5,60,30,820830
BANKNIFTY-II.NFO,17/03/2025,09:26:40,48765.8,48750.25,60,48761.5,60,0,820830
BANKNIFTY-II.NFO,17/03/2025,09:26:41,48750.25,48750.55,120,48761.5,60,30,820830
BANKNIFTY-II.NFO,17/03/2025,09:26:43,48750.25,48751.8,150,48761.5,60,0,820830
BANKNIFTY-II.NFO,17/03/2025,09:26:45,48750.25,48750.95,150,48761.5,60,0,820830
BANKNIFTY-II.NFO,17/03/2025,09:26:46,48765.15,48753.15,120,48770.95,30,90,820830
BANKNIFTY-II.NFO,17/03/2025,09:26:48,48754.3,48754.3,120,48770.9,120,120,820830
BANKNIFTY-II.NFO,17/03/2025,09:26:50,48755.95,48756.65,60,48773,120,120,820830
BANKNIFTY-II.NFO,17/03/2025,09:26:51,48755.95,48752.55,30,48768.75,120,0,820830
BANKNIFTY-II.NFO,17/03/2025,09:26:53,48755.95,48756.1,60,48768.25,30,0,820830
BANKNIFTY-II.NFO,17/03/2025,09:26:55,48755.95,48758.05,60,48768.1,30,0,820830
BANKNIFTY-II.NFO,17/03/2025,09:26:56,48755.95,48754.05,60,48768.1,30,0,820830
BANKNIFTY-II.NFO,17/03/2025,09:26:58,48755.95,48756.05,60,48768.05,30,0,820830
BANKNIFTY-II.NFO,17/03/2025,09:27:00,48755.95,48757.85,30,48760,30,0,820830
BANKNIFTY-II.NFO,17/03/2025,09:27:01,48755.95,48755.45,30,48760,30,0,820830
BANKNIFTY-II.NFO,17/03/2025,09:27:03,48755.95,48755.95,30,48760,30,60,820830
BANKNIFTY-II.NFO,17/03/2025,09:27:05,48755.95,48754.8,60,48760,30,0,820830
BANKNIFTY-II.NFO,17/03/2025,09:27:06,48755.95,48755.1,30,48760,30,0,820830
BANKNIFTY-II.NFO,17/03/2025,09:27:08,48755.1,48757.35,30,48760,30,30,820830
BANKNIFTY-II.NFO,17/03/2025,09:27:10,48760,48757.65,60,48766.9,30,30,820830
BANKNIFTY-II.NFO,17/03/2025,09:27:11,48758.45,48757.4,180,48766.9,30,30,820830
BANKNIFTY-II.NFO,17/03/2025,09:27:13,48758.45,48756.85,30,48766.9,30,0,820830
BANKNIFTY-II.NFO,17/03/2025,09:27:15,48767.85,48760.1,60,48770,30,60,820830
BANKNIFTY-II.NFO,17/03/2025,09:27:16,48770,48754.95,90,48770.55,30,30,820830
BANKNIFTY-II.NFO,17/03/2025,09:27:18,48770.55,48759.45,90,48778.45,120,30,820830
BANKNIFTY-II.NFO,17/03/2025,09:27:20,48770.55,48760.45,90,48778.45,120,0,820830
BANKNIFTY-II.NFO,17/03/2025,09:27:21,48770.55,48762.35,30,48775.25,30,0,820830
BANKNIFTY-II.NFO,17/03/2025,09:27:23,48770.55,48768.1,30,48775.25,30,0,820830
BANKNIFTY-II.NFO,17/03/2025,09:27:28,48770,48768.1,30,48774.9,120,150,820650
BANKNIFTY-II.NFO,17/03/2025,09:27:30,48768.1,48756.1,90,48773.9,120,30,820650
BANKNIFTY-II.NFO,17/03/2025,09:27:32,48756.1,48750,60,48769.35,120,30,820650
BANKNIFTY-II.NFO,17/03/2025,09:27:33,48756.1,48750.1,90,48765.65,120,0,820650
BANKNIFTY-II.NFO,17/03/2025,09:27:35,48756.1,48751.05,90,48768.55,120,0,820650
BANKNIFTY-II.NFO,17/03/2025,09:27:37,48756.1,48754.35,60,48770.2,30,0,820650
BANKNIFTY-II.NFO,17/03/2025,09:27:38,48756.1,48750.2,90,48769.85,120,30,820650
BANKNIFTY-II.NFO,17/03/2025,09:27:40,48756.1,48753.85,60,48775.05,120,0,820650
BANKNIFTY-II.NFO,17/03/2025,09:27:42,48756.1,48759.9,30,48770.65,120,0,820650
BANKNIFTY-II.NFO,17/03/2025,09:27:43,48756.1,48760.8,30,48773.6,120,0,820650
BANKNIFTY-II.NFO,17/03/2025,09:27:45,48772,48759.2,30,48770.2,120,30,820650
BANKNIFTY-II.NFO,17/03/2025,09:27:47,48772,48758.7,30,48778.75,120,0,820650
BANKNIFTY-II.NFO,17/03/2025,09:27:48,48772,48768.35,30,48777.95,120,0,820650
BANKNIFTY-II.NFO,17/03/2025,09:27:50,48779.05,48770.05,30,48779.95,120,30,820650
BANKNIFTY-II.NFO,17/03/2025,09:27:50,48779.05,48770.05,30,48779.95,120,0,820650
BANKNIFTY-II.NFO,17/03/2025,09:27:52,48772,48771.2,30,48780,60,30,820650
BANKNIFTY-II.NFO,17/03/2025,09:27:53,48772,48774.25,30,48780,90,0,820650
BANKNIFTY-II.NFO,17/03/2025,09:27:55,48772.55,48767.05,60,48780,90,30,820650
BANKNIFTY-II.NFO,17/03/2025,09:27:57,48772.55,48763.9,60,48779.65,120,0,820650
BANKNIFTY-II.NFO,17/03/2025,09:27:58,48772.55,48764.05,60,48780,90,0,820650
BANKNIFTY-II.NFO,17/03/2025,09:28:00,48772.55,48764.2,90,48779.9,120,0,820650
BANKNIFTY-II.NFO,17/03/2025,09:28:02,48772.55,48761,90,48779.2,120,0,820650
BANKNIFTY-II.NFO,17/03/2025,09:28:03,48772.55,48763.4,60,48780,90,0,820650
BANKNIFTY-II.NFO,17/03/2025,09:28:05,48772.55,48759.55,60,48777.25,120,0,820650
BANKNIFTY-II.NFO,17/03/2025,09:28:07,48760.25,48760.25,60,48769.9,30,30,820650
BANKNIFTY-II.NFO,17/03/2025,09:28:08,48760.25,48759.4,30,48769.9,30,0,820650
BANKNIFTY-II.NFO,17/03/2025,09:28:10,48760.25,48758.3,30,48769.9,30,0,820650
BANKNIFTY-II.NFO,17/03/2025,09:28:12,48760.25,48756.95,30,48769.9,30,0,820650
BANKNIFTY-II.NFO,17/03/2025,09:28:13,48760.25,48759.85,60,48769.9,30,0,820650
BANKNIFTY-II.NFO,17/03/2025,09:28:15,48760.25,48761.75,30,48769.9,30,0,820650
BANKNIFTY-II.NFO,17/03/2025,09:28:17,48760.25,48762.45,30,48769.9,30,0,820650
BANKNIFTY-II.NFO,17/03/2025,09:28:18,48769.9,48762.45,30,48770,30,30,820650
BANKNIFTY-II.NFO,17/03/2025,09:28:20,48760.25,48756.5,60,48770,30,30,820650
BANKNIFTY-II.NFO,17/03/2025,09:28:22,48760.25,48757.7,60,48770,30,0,820650
BANKNIFTY-II.NFO,17/03/2025,09:28:23,48758.1,48758.2,60,48770,30,30,820650
BANKNIFTY-II.NFO,17/03/2025,09:28:25,48758.1,48758.8,60,48770,30,0,820650
BANKNIFTY-II.NFO,17/03/2025,09:28:27,48758.1,48758.4,90,48770,30,0,820650
BANKNIFTY-II.NFO,17/03/2025,09:28:28,48770,48760.35,90,48776.6,30,30,820650
BANKNIFTY-II.NFO,17/03/2025,09:28:30,48770,48759.6,60,48766.25,30,0,820650
BANKNIFTY-II.NFO,17/03/2025,09:28:32,48770,48760.05,30,48766.25,30,0,820650
BANKNIFTY-II.NFO,17/03/2025,09:28:33,48770,48760.2,90,48766.25,30,0,820650
BANKNIFTY-II.NFO,17/03/2025,09:28:35,48766.25,48759.75,90,48775.6,60,30,820650
BANKNIFTY-II.NFO,17/03/2025,09:28:36,48759.75,48757.55,90,48775.35,180,30,820650
BANKNIFTY-II.NFO,17/03/2025,09:28:38,48784.05,48759.85,120,48781.25,30,1050,820650
BANKNIFTY-II.NFO,17/03/2025,09:28:38,48784.05,48759.85,120,48781.25,30,0,820650
BANKNIFTY-II.NFO,17/03/2025,09:28:40,48784.05,48763.55,120,48781.25,30,0,820650
BANKNIFTY-II.NFO,17/03/2025,09:28:41,48784.05,48762.4,150,48778.75,60,0,820650
BANKNIFTY-II.NFO,17/03/2025,09:28:43,48784.05,48760.95,120,48776.15,30,0,820650
BANKNIFTY-II.NFO,17/03/2025,09:28:45,48784.05,48759.85,120,48775.5,30,0,820650
BANKNIFTY-II.NFO,17/03/2025,09:28:46,48784.05,48761.25,150,48775.45,30,0,820650
BANKNIFTY-II.NFO,17/03/2025,09:28:48,48784.05,48760.8,150,48775.05,30,0,820650
BANKNIFTY-II.NFO,17/03/2025,09:28:50,48761.85,48760.8,120,48777.45,30,780,820650
BANKNIFTY-II.NFO,17/03/2025,09:28:51,48761.85,48760.2,150,48776.35,30,0,820650
BANKNIFTY-II.NFO,17/03/2025,09:28:53,48761.85,48761.8,150,48775.65,30,0,820650
BANKNIFTY-II.NFO,17/03/2025,09:28:55,48758.5,48759.7,120,48775.2,60,30,820650
BANKNIFTY-II.NFO,17/03/2025,09:28:56,48758.5,48757.55,120,48774.85,60,0,820650
BANKNIFTY-II.NFO,17/03/2025,09:28:58,48758.5,48760.55,150,48774.9,30,0,820650
BANKNIFTY-II.NFO,17/03/2025,09:29:00,48758.5,48760.05,150,48774.85,60,0,820650
BANKNIFTY-II.NFO,17/03/2025,09:29:01,48758.5,48760.15,120,48774.85,60,0,820650
BANKNIFTY-II.NFO,17/03/2025,09:29:03,48758.5,48761.75,120,48776.45,60,0,820650
BANKNIFTY-II.NFO,17/03/2025,09:29:05,48758.5,48760.85,120,48773.65,60,0,820650
BANKNIFTY-II.NFO,17/03/2025,09:29:06,48758.5,48760.2,120,48773.6,60,0,820650
BANKNIFTY-II.NFO,17/03/2025,09:29:08,48758.5,48760.05,60,48773.6,60,0,820650
BANKNIFTY-II.NFO,17/03/2025,09:29:10,48758.5,48760,30,48770.35,60,0,820650
BANKNIFTY-II.NFO,17/03/2025,09:29:11,48760,48745.2,150,48763.6,60,30,820650
BANKNIFTY-II.NFO,17/03/2025,09:29:13,48767.5,48749,120,48769.45,30,30,820650
BANKNIFTY-II.NFO,17/03/2025,09:29:15,48767.5,48751.3,180,48773.2,30,0,820650
BANKNIFTY-II.NFO,17/03/2025,09:29:16,48767.5,48754.1,180,48773.25,30,0,820650
BANKNIFTY-II.NFO,17/03/2025,09:29:18,48767.5,48758.15,120,48770.9,30,0,820650
BANKNIFTY-II.NFO,17/03/2025,09:29:20,48767.5,48752.4,120,48770.3,30,0,820650
BANKNIFTY-II.NFO,17/03/2025,09:29:21,48767.5,48749.3,120,48767.1,30,0,820650
BANKNIFTY-II.NFO,17/03/2025,09:29:23,48767.5,48752.4,150,48767.5,30,0,820650
BANKNIFTY-II.NFO,17/03/2025,09:29:25,48767.5,48753.9,120,48767.5,60,0,820650
BANKNIFTY-II.NFO,17/03/2025,09:29:26,48754.8,48750.55,150,48765.45,30,150,820650
BANKNIFTY-II.NFO,17/03/2025,09:29:28,48754.8,48752.15,150,48765.45,30,0,820650
BANKNIFTY-II.NFO,17/03/2025,09:29:30,48754.8,48753.55,120,48765.45,30,0,820650
BANKNIFTY-II.NFO,17/03/2025,09:29:31,48754.8,48750.5,120,48765.4,120,0,820650
BANKNIFTY-II.NFO,17/03/2025,09:29:33,48745.55,48745.85,90,48760.65,120,30,820650
BANKNIFTY-II.NFO,17/03/2025,09:29:35,48754.8,48744.15,60,48758.9,120,90,820650
BANKNIFTY-II.NFO,17/03/2025,09:29:37,48742.8,48743,30,48756.55,120,60,820650
BANKNIFTY-II.NFO,17/03/2025,09:29:38,48742.8,48737.9,30,48756.15,120,0,820650
BANKNIFTY-II.NFO,17/03/2025,09:29:40,48738.4,48742.1,60,48760,30,30,820650
BANKNIFTY-II.NFO,17/03/2025,09:29:42,48744.1,48742.1,60,48758.85,30,30,820650
BANKNIFTY-II.NFO,17/03/2025,09:29:43,48744.1,48740.2,60,48758.8,120,0,820650
BANKNIFTY-II.NFO,17/03/2025,09:29:45,48741.75,48742.1,90,48758.7,120,30,820650
BANKNIFTY-II.NFO,17/03/2025,09:29:47,48741.75,48742.1,90,48758.75,120,0,820650
BANKNIFTY-II.NFO,17/03/2025,09:29:48,48741.75,48740.1,90,48757.35,120,0,820650
BANKNIFTY-II.NFO,17/03/2025,09:29:50,48741.75,48736.1,60,48755.85,120,0,820650
BANKNIFTY-II.NFO,17/03/2025,09:29:52,48741.75,48736.1,90,48753.7,120,0,820650
BANKNIFTY-II.NFO,17/03/2025,09:29:53,48741.75,48738.05,60,48754.9,120,0,820650
BANKNIFTY-II.NFO,17/03/2025,09:29:55,48742.1,48742.05,30,48754.75,60,30,820650
BANKNIFTY-II.NFO,17/03/2025,09:29:57,48742.05,48742.05,30,48757.4,120,30,820650
BANKNIFTY-II.NFO,17/03/2025,09:29:58,48744.05,48742.05,30,48757.1,120,30,820650
BANKNIFTY-II.NFO,17/03/2025,09:30:00,48744.05,48750.05,30,48758.85,30,0,820650
BANKNIFTY-II.NFO,17/03/2025,09:30:02,48744.05,48750.1,90,48760,30,0,820650
BANKNIFTY-II.NFO,17/03/2025,09:30:03,48752,48750.5,60,48760,30,30,820650
BANKNIFTY-II.NFO,17/03/2025,09:30:05,48760,48758.05,30,48766.55,30,30,820650
BANKNIFTY-II.NFO,17/03/2025,09:30:07,48760,48758.1,90,48774.3,120,0,820650
BANKNIFTY-II.NFO,17/03/2025,09:30:08,48760,48766.05,30,48777.6,150,0,820650
BANKNIFTY-II.NFO,17/03/2025,09:30:10,48774.05,48772.3,60,48784.9,90,60,820650
BANKNIFTY-II.NFO,17/03/2025,09:30:12,48784.9,48778.75,90,48784.9,60,30,820650
BANKNIFTY-II.NFO,17/03/2025,09:30:12,48784.9,48778.75,90,48784.9,60,0,820650
BANKNIFTY-II.NFO,17/03/2025,09:30:13,48784.9,48778.75,90,48784.9,60,0,820650
BANKNIFTY-II.NFO,17/03/2025,09:30:15,48784.9,48779.4,90,48786,30,60,820650
BANKNIFTY-II.NFO,17/03/2025,09:30:17,48788,48782,30,48793,30,60,820650
BANKNIFTY-II.NFO,17/03/2025,09:30:17,48788,48782,30,48793,30,0,820650
BANKNIFTY-II.NFO,17/03/2025,09:30:18,48788,48777.1,180,48792.35,60,0,820650
BANKNIFTY-II.NFO,17/03/2025,09:30:20,48788,48777.2,30,48784.9,30,0,820650
BANKNIFTY-II.NFO,17/03/2025,09:30:22,48784.9,48786.85,30,48793,30,30,820650
BANKNIFTY-II.NFO,17/03/2025,09:30:23,48797.95,48788.35,60,48799,150,60,821370
BANKNIFTY-II.NFO,17/03/2025,09:30:23,48797.95,48788.35,60,48799,150,0,821370
BANKNIFTY-II.NFO,17/03/2025,09:30:25,48799.7,48793.55,30,48799.7,120,240,821370
BANKNIFTY-II.NFO,17/03/2025,09:30:25,48799.7,48793.55,30,48799.7,120,0,821370
BANKNIFTY-II.NFO,17/03/2025,09:30:27,48804.6,48797.1,30,48805.9,30,690,821370
BANKNIFTY-II.NFO,17/03/2025,09:30:27,48804.6,48797.1,30,48805.9,30,0,821370
BANKNIFTY-II.NFO,17/03/2025,09:30:28,48805.9,48792.25,60,48807.55,60,30,821370
BANKNIFTY-II.NFO,17/03/2025,09:30:28,48805.9,48792.25,60,48807.55,60,0,821370
BANKNIFTY-II.NFO,17/03/2025,09:30:30,48805.9,48798.2,30,48805.5,30,0,821370
BANKNIFTY-II.NFO,17/03/2025,09:30:32,48805.9,48800.1,30,48805.5,30,0,821370
BANKNIFTY-II.NFO,17/03/2025,09:30:33,48794.7,48792.25,60,48805.5,30,30,821370
BANKNIFTY-II.NFO,17/03/2025,09:30:35,48792.05,48790.15,30,48805,120,90,821370
BANKNIFTY-II.NFO,17/03/2025,09:30:37,48791.15,48791.1,30,48802.3,30,30,821370
BANKNIFTY-II.NFO,17/03/2025,09:30:38,48792.05,48791.25,60,48808.25,120,30,821370
BANKNIFTY-II.NFO,17/03/2025,09:30:40,48808.15,48787.05,30,48800.65,120,30,821370
BANKNIFTY-II.NFO,17/03/2025,09:30:40,48808.15,48787.05,30,48800.65,120,0,821370
BANKNIFTY-II.NFO,17/03/2025,09:30:42,48808.15,48780.1,60,48791.15,30,0,821370
BANKNIFTY-II.NFO,17/03/2025,09:30:43,48791.15,48786.1,60,48801.85,120,60,821370
BANKNIFTY-II.NFO,17/03/2025,09:30:45,48791.15,48788.05,30,48801.45,120,0,821370
BANKNIFTY-II.NFO,17/03/2025,09:30:47,48791.15,48790.05,30,48800.45,120,0,821370
BANKNIFTY-II.NFO,17/03/2025,09:30:48,48791.15,48786.05,30,48799.05,120,0,821370
BANKNIFTY-II.NFO,17/03/2025,09:30:50,48791.15,48782.05,60,48797.65,120,0,821370
BANKNIFTY-II.NFO,17/03/2025,09:30:52,48791.15,48782.05,60,48796.45,120,0,821370
BANKNIFTY-II.NFO,17/03/2025,09:30:53,48791.15,48781,30,48795.05,120,0,821370
BANKNIFTY-II.NFO,17/03/2025,09:30:55,48791.15,48781,30,48797.65,120,0,821370
BANKNIFTY-II.NFO,17/03/2025,09:30:57,48791.15,48781.15,90,48796.25,120,0,821370
BANKNIFTY-II.NFO,17/03/2025,09:30:58,48791.15,48783.3,30,48791.15,60,0,821370
BANKNIFTY-II.NFO,17/03/2025,09:31:00,48791.15,48783.35,30,48791.15,30,30,821370
BANKNIFTY-II.NFO,17/03/2025,09:31:02,48795.55,48784.7,270,48799.65,240,360,821370
BANKNIFTY-II.NFO,17/03/2025,09:31:03,48795.55,48785.45,270,48798.45,30,0,821370
BANKNIFTY-II.NFO,17/03/2025,09:31:05,48795.55,48789.05,270,48799.7,90,0,821370
BANKNIFTY-II.NFO,17/03/2025,09:31:07,48795.55,48786.5,240,48799.7,90,0,821370
BANKNIFTY-II.NFO,17/03/2025,09:31:08,48795.55,48788.05,30,48799.7,90,0,821370
BANKNIFTY-II.NFO,17/03/2025,09:31:10,48795.55,48790.15,240,48799.7,90,0,821370
BANKNIFTY-II.NFO,17/03/2025,09:31:12,48795.55,48786.15,240,48790.1,30,0,821370
BANKNIFTY-II.NFO,17/03/2025,09:31:13,48790.1,48788.05,30,48799.3,150,30,821370
BANKNIFTY-II.NFO,17/03/2025,09:31:15,48790.1,48791,30,48799.7,90,0,821370
BANKNIFTY-II.NFO,17/03/2025,09:31:17,48790.1,48790.05,30,48796.6,30,0,821370
BANKNIFTY-II.NFO,17/03/2025,09:31:18,48790.1,48790.05,30,48799.7,90,0,821370
BANKNIFTY-II.NFO,17/03/2025,09:31:20,48790.1,48788.05,30,48796.5,30,0,821370
BANKNIFTY-II.NFO,17/03/2025,09:31:22,48786.05,48788.1,240,48799.7,90,60,821370
BANKNIFTY-II.NFO,17/03/2025,09:31:23,48788.1,48788.05,30,48799.65,60,180,821370
BANKNIFTY-II.NFO,17/03/2025,09:31:25,48788.1,48788.1,60,48799.15,60,0,821370
BANKNIFTY-II.NFO,17/03/2025,09:31:27,48788.1,48788.55,60,48799.2,30,0,821370
BANKNIFTY-II.NFO,17/03/2025,09:31:28,48788.1,48788.1,60,48799.2,30,0,821370
BANKNIFTY-II.NFO,17/03/2025,09:31:30,48788.1,48788.05,30,48799,240,0,821370
BANKNIFTY-II.NFO,17/03/2025,09:31:32,48788.1,48788.1,60,48799.15,60,0,821370
BANKNIFTY-II.NFO,17/03/2025,09:31:33,48788.1,48788.1,30,48798.05,240,30,821370
BANKNIFTY-II.NFO,17/03/2025,09:31:35,48780.05,48782.9,30,48795.25,240,180,821370
BANKNIFTY-II.NFO,17/03/2025,09:31:37,48780.05,48782.05,30,48793.65,240,0,821370
BANKNIFTY-II.NFO,17/03/2025,09:31:38,48780.05,48786.05,30,48797.6,240,0,821370
BANKNIFTY-II.NFO,17/03/2025,09:31:40,48780.05,48788.05,30,48798.35,240,0,821370
BANKNIFTY-II.NFO,17/03/2025,09:31:42,48782.45,48784.05,30,48797.95,240,150,821370
BANKNIFTY-II.NFO,17/03/2025,09:31:43,48782.45,48784.05,30,48797.9,240,0,821370
BANKNIFTY-II.NFO,17/03/2025,09:31:45,48782.45,48784.05,60,48798.15,60,0,821370
BANKNIFTY-II.NFO,17/03/2025,09:31:47,48782.45,48784.05,30,48795.95,60,0,821370
BANKNIFTY-II.NFO,17/03/2025,09:31:48,48782.45,48784.05,30,48793.9,30,0,821370
BANKNIFTY-II.NFO,17/03/2025,09:31:50,48782.05,48781,30,48791.45,30,30,821370
BANKNIFTY-II.NFO,17/03/2025,09:31:52,48782.05,48781,30,48791.45,30,0,821370
BANKNIFTY-II.NFO,17/03/2025,09:31:53,48782.05,48782.1,90,48796.95,60,0,821370
BANKNIFTY-II.NFO,17/03/2025,09:31:55,48784.5,48785,60,48796.95,60,30,821370
BANKNIFTY-II.NFO,17/03/2025,09:31:57,48784.5,48785,30,48796.5,240,0,821370
BANKNIFTY-II.NFO,17/03/2025,09:31:58,48784.5,48786.8,150,48796.85,30,0,821370
BANKNIFTY-II.NFO,17/03/2025,09:32:00,48784.5,48787.05,180,48796.95,60,0,821370
BANKNIFTY-II.NFO,17/03/2025,09:32:02,48784.5,48787.4,90,48796.95,60,0,821370
BANKNIFTY-II.NFO,17/03/2025,09:32:03,48784.5,48790,30,48796.95,60,0,821370
BANKNIFTY-II.NFO,17/03/2025,09:32:07,48784.5,48788.65,30,48796.95,60,0,821370
BANKNIFTY-II.NFO,17/03/2025,09:32:10,48784.5,48786,30,48796.25,240,0,821370
BANKNIFTY-II.NFO,17/03/2025,09:32:12,48784.5,48786,30,48790,60,0,821370
BANKNIFTY-II.NFO,17/03/2025,09:32:13,48790,48784.1,30,48790,30,30,821370
BANKNIFTY-II.NFO,17/03/2025,09:32:15,48790,48785,30,48790,30,0,821370
BANKNIFTY-II.NFO,17/03/2025,09:32:18,48790,48786,30,48790,30,0,821370
BANKNIFTY-II.NFO,17/03/2025,09:32:20,48790,48785,30,48790,30,0,821370
BANKNIFTY-II.NFO,17/03/2025,09:32:22,48790,48783.75,30,48790,30,0,821370
BANKNIFTY-II.NFO,17/03/2025,09:32:23,48790,48785.5,90,48797.5,240,30,821370
BANKNIFTY-II.NFO,17/03/2025,09:32:25,48790,48785.5,120,48797.65,30,0,821370
BANKNIFTY-II.NFO,17/03/2025,09:32:27,48798.75,48788.55,90,48799.7,90,30,821370
BANKNIFTY-II.NFO,17/03/2025,09:32:28,48798.75,48788.55,90,48799.7,90,0,821370
BANKNIFTY-II.NFO,17/03/2025,09:32:30,48798.75,48790.4,180,48799.7,90,0,821370
BANKNIFTY-II.NFO,17/03/2025,09:32:32,48798.75,48793.9,120,48799.7,90,0,821370
BANKNIFTY-II.NFO,17/03/2025,09:32:33,48798.75,48792,90,48799.7,90,0,821370
BANKNIFTY-II.NFO,17/03/2025,09:32:35,48798.75,48795.8,180,48799.7,90,30,821370
BANKNIFTY-II.NFO,17/03/2025,09:32:37,48801.9,48798.3,90,48801.9,30,630,821370
BANKNIFTY-II.NFO,17/03/2025,09:32:38,48806,48802.45,60,48814.9,30,60,821370
BANKNIFTY-II.NFO,17/03/2025,09:32:40,48806,48803.35,90,48814.85,30,0,821370
BANKNIFTY-II.NFO,17/03/2025,09:32:42,48817.65,48805.75,120,48817.65,240,60,821370
BANKNIFTY-II.NFO,17/03/2025,09:32:42,48817.65,48805.75,120,48817.65,240,0,821370
BANKNIFTY-II.NFO,17/03/2025,09:32:43,48817.15,48805.1,120,48815.15,240,30,821370
BANKNIFTY-II.NFO,17/03/2025,09:32:45,48817.15,48805.25,90,48816.25,240,0,821370
BANKNIFTY-II.NFO,17/03/2025,09:32:47,48817.15,48805.2,90,48817.95,240,0,821370
BANKNIFTY-II.NFO,17/03/2025,09:32:48,48817.15,48802.2,90,48813.6,240,0,821370
BANKNIFTY-II.NFO,17/03/2025,09:32:50,48817.15,48805.4,90,48817.75,240,0,821370
BANKNIFTY-II.NFO,17/03/2025,09:32:52,48817.15,48804.1,30,48816.25,240,0,821370
BANKNIFTY-II.NFO,17/03/2025,09:32:53,48817.15,48802.1,30,48814.55,240,0,821370
BANKNIFTY-II.NFO,17/03/2025,09:32:55,48817.15,48802.1,30,48813.2,240,0,821370
BANKNIFTY-II.NFO,17/03/2025,09:32:57,48817.15,48800.05,60,48812.7,240,0,821370
BANKNIFTY-II.NFO,17/03/2025,09:32:58,48817.15,48798.1,30,48811,240,0,821370
BANKNIFTY-II.NFO,17/03/2025,09:33:00,48817.15,48804.8,30,48817.65,240,0,821370
BANKNIFTY-II.NFO,17/03/2025,09:33:02,48817.15,48805.55,30,48815,210,0,821370
BANKNIFTY-II.NFO,17/03/2025,09:33:03,48817.15,48806,30,48815,210,0,821370
BANKNIFTY-II.NFO,17/03/2025,09:33:07,48817.15,48807.25,60,48815,210,0,821370
BANKNIFTY-II.NFO,17/03/2025,09:33:08,48815,48812.6,60,48818,30,210,821370
BANKNIFTY-II.NFO,17/03/2025,09:33:10,48820,48815.3,90,48826,30,90,821370
BANKNIFTY-II.NFO,17/03/2025,09:33:10,48820,48815.3,90,48826,30,0,821370
BANKNIFTY-II.NFO,17/03/2025,09:33:12,48815.1,48813.9,90,48825.55,30,30,821370
BANKNIFTY-II.NFO,17/03/2025,09:33:13,48813.9,48813.75,90,48825.95,240,30,821370
BANKNIFTY-II.NFO,17/03/2025,09:33:15,48813.9,48812.05,150,48825.55,240,0,821370
BANKNIFTY-II.NFO,17/03/2025,09:33:17,48813.9,48815.85,60,48826,30,0,821370
BANKNIFTY-II.NFO,17/03/2025,09:33:18,48813.9,48812.1,180,48825.95,240,0,821370
BANKNIFTY-II.NFO,17/03/2025,09:33:20,48813.9,48818,30,48826,30,0,821370
BANKNIFTY-II.NFO,17/03/2025,09:33:22,48814.05,48813.65,90,48826,30,300,821370
BANKNIFTY-II.NFO,17/03/2025,09:33:23,48814.05,48820,30,48826,30,0,821370
BANKNIFTY-II.NFO,17/03/2025,09:33:25,48826,48820,30,48830,30,30,820890
BANKNIFTY-II.NFO,17/03/2025,09:33:25,48826,48820,30,48830,30,0,820890
BANKNIFTY-II.NFO,17/03/2025,09:33:27,48833,48821.55,210,48836.35,240,330,820890
BANKNIFTY-II.NFO,17/03/2025,09:33:27,48833,48821.55,210,48836.35,240,0,820890
BANKNIFTY-II.NFO,17/03/2025,09:33:28,48833,48820.7,30,48833.45,240,0,820890
BANKNIFTY-II.NFO,17/03/2025,09:33:30,48833.5,48824.5,210,48838.45,240,30,820890
BANKNIFTY-II.NFO,17/03/2025,09:33:30,48833.5,48824.5,210,48838.45,240,0,820890
BANKNIFTY-II.NFO,17/03/2025,09:33:32,48833.5,48824.05,30,48834.45,300,0,820890
BANKNIFTY-II.NFO,17/03/2025,09:33:33,48824.05,48819.5,30,48829.75,240,30,820890
BANKNIFTY-II.NFO,17/03/2025,09:33:35,48820,48818.6,30,48829.95,240,30,820890
BANKNIFTY-II.NFO,17/03/2025,09:33:37,48818.6,48818.5,30,48829.75,240,30,820890
BANKNIFTY-II.NFO,17/03/2025,09:33:38,48817,48814.05,30,48827.05,270,60,820890
BANKNIFTY-II.NFO,17/03/2025,09:33:40,48817,48814.05,30,48826.05,240,0,820890
BANKNIFTY-II.NFO,17/03/2025,09:33:42,48814.05,48810.1,30,48824.65,300,30,820890
BANKNIFTY-II.NFO,17/03/2025,09:33:43,48815,48808.6,30,48822.65,240,30,820890
BANKNIFTY-II.NFO,17/03/2025,09:33:45,48808.3,48808.4,150,48820,30,30,820890
BANKNIFTY-II.NFO,17/03/2025,09:33:46,48808.3,48808.8,150,48820,30,0,820890
BANKNIFTY-II.NFO,17/03/2025,09:33:48,48808.3,48814.3,150,48820,30,0,820890
BANKNIFTY-II.NFO,17/03/2025,09:33:50,48820.6,48820.05,30,48832.85,270,120,820890
BANKNIFTY-II.NFO,17/03/2025,09:33:52,48816.5,48816.35,90,48819.95,30,30,820890
BANKNIFTY-II.NFO,17/03/2025,09:33:53,48826.6,48812.1,90,48826.85,270,180,820890
BANKNIFTY-II.NFO,17/03/2025,09:33:55,48826.6,48816.95,60,48827.7,30,0,820890
BANKNIFTY-II.NFO,17/03/2025,09:33:57,48826.6,48819.7,60,48827.7,30,0,820890
BANKNIFTY-II.NFO,17/03/2025,09:33:58,48826.6,48819.2,60,48820.05,30,0,820890
BANKNIFTY-II.NFO,17/03/2025,09:34:00,48819.2,48821.55,30,48830.45,30,30,820890
BANKNIFTY-II.NFO,17/03/2025,09:34:01,48819.2,48821.55,90,48834.2,240,0,820890
BANKNIFTY-II.NFO,17/03/2025,09:34:03,48819.2,48820.5,30,48830.4,30,0,820890
BANKNIFTY-II.NFO,17/03/2025,09:34:05,48819.2,48820,30,48830.4,30,0,820890
BANKNIFTY-II.NFO,17/03/2025,09:34:06,48819.2,48820.45,90,48830.4,30,0,820890
BANKNIFTY-II.NFO,17/03/2025,09:34:08,48819.2,48820,30,48829.75,330,0,820890
BANKNIFTY-II.NFO,17/03/2025,09:34:10,48819.2,48820,30,48829.95,270,0,820890
BANKNIFTY-II.NFO,17/03/2025,09:34:11,48820,48820,90,48830,330,30,820890
BANKNIFTY-II.NFO,17/03/2025,09:34:13,48820,48820,90,48830.05,60,0,820890
BANKNIFTY-II.NFO,17/03/2025,09:34:14,48818.1,48816.1,90,48828.3,270,30,820890
BANKNIFTY-II.NFO,17/03/2025,09:34:16,48818.1,48814.1,90,48824.95,30,0,820890
BANKNIFTY-II.NFO,17/03/2025,09:34:18,48824.4,48809.5,90,48819.05,30,180,820890
BANKNIFTY-II.NFO,17/03/2025,09:34:19,48824.4,48809.5,90,48819.05,30,0,820890
BANKNIFTY-II.NFO,17/03/2025,09:34:21,48824.4,48806.1,90,48819.4,240,0,820890
BANKNIFTY-II.NFO,17/03/2025,09:34:23,48815.4,48804.15,90,48817.4,270,120,820890
BANKNIFTY-II.NFO,17/03/2025,09:34:24,48815.4,48800.1,90,48812.3,270,0,820890
BANKNIFTY-II.NFO,17/03/2025,09:34:26,48811.8,48800.1,90,48811.7,240,30,820890
BANKNIFTY-II.NFO,17/03/2025,09:34:28,48811.8,48803.5,90,48816.65,210,0,820890
BANKNIFTY-II.NFO,17/03/2025,09:34:29,48811.8,48803.8,90,48815.15,240,0,820890
BANKNIFTY-II.NFO,17/03/2025,09:34:31,48811.8,48800.15,30,48813.25,210,0,820890
BANKNIFTY-II.NFO,17/03/2025,09:34:33,48800.15,48798,30,48808.8,240,30,820890
BANKNIFTY-II.NFO,17/03/2025,09:34:34,48798,48794.1,90,48807.3,210,30,820890
BANKNIFTY-II.NFO,17/03/2025,09:34:36,48798,48798.55,90,48811.55,210,0,820890
BANKNIFTY-II.NFO,17/03/2025,09:34:38,48798,48799.3,90,48810.35,210,0,820890
BANKNIFTY-II.NFO,17/03/2025,09:34:39,48798,48794.05,120,48809.05,210,0,820890
BANKNIFTY-II.NFO,17/03/2025,09:34:41,48807.75,48794.05,30,48803.05,90,120,820890
BANKNIFTY-II.NFO,17/03/2025,09:34:43,48792.05,48791.5,90,48803.1,30,30,820890
BANKNIFTY-II.NFO,17/03/2025,09:34:44,48794.05,48792.1,90,48805.15,90,30,820890
BANKNIFTY-II.NFO,17/03/2025,09:34:46,48794.05,48792.05,30,48803.15,30,0,820890
BANKNIFTY-II.NFO,17/03/2025,09:34:47,48794.05,48788.9,270,48794.05,30,0,820890
BANKNIFTY-II.NFO,17/03/2025,09:34:49,48790.25,48788.6,240,48794.05,30,60,820890
BANKNIFTY-II.NFO,17/03/2025,09:34:51,48790.25,48789.95,270,48794.05,30,0,820890
BANKNIFTY-II.NFO,17/03/2025,09:34:52,48791.15,48790.35,270,48794.05,30,30,820890
BANKNIFTY-II.NFO,17/03/2025,09:34:54,48793.05,48792.1,270,48808.6,240,60,820890
BANKNIFTY-II.NFO,17/03/2025,09:34:56,48793.05,48791.25,240,48807.2,270,0,820890
BANKNIFTY-II.NFO,17/03/2025,09:34:57,48791.15,48791.15,240,48806.65,270,30,820890
BANKNIFTY-II.NFO,17/03/2025,09:34:59,48791.15,48791.2,210,48806.7,60,0,820890
BANKNIFTY-II.NFO,17/03/2025,09:35:01,48791.15,48793.3,240,48808.75,240,0,820890
BANKNIFTY-II.NFO,17/03/2025,09:35:02,48791.15,48794.2,30,48809.75,240,0,820890
BANKNIFTY-II.NFO,17/03/2025,09:35:04,48791.15,48793.25,30,48808.15,240,0,820890
BANKNIFTY-II.NFO,17/03/2025,09:35:06,48791.15,48790.4,210,48806.75,240,0,820890
BANKNIFTY-II.NFO,17/03/2025,09:35:07,48791.15,48789.25,30,48804.3,240,0,820890
BANKNIFTY-II.NFO,17/03/2025,09:35:09,48791.15,48786.5,240,48801.9,270,0,820890
BANKNIFTY-II.NFO,17/03/2025,09:35:11,48791.15,48787,240,48802.8,240,0,820890
BANKNIFTY-II.NFO,17/03/2025,09:35:12,48791.15,48783.95,240,48801,240,0,820890
BANKNIFTY-II.NFO,17/03/2025,09:35:14,48791.15,48780.7,240,48797.9,240,0,820890
BANKNIFTY-II.NFO,17/03/2025,09:35:16,48791.15,48780,30,48791.15,30,0,820890
BANKNIFTY-II.NFO,17/03/2025,09:35:17,48791.15,48780,30,48791.15,60,0,820890
BANKNIFTY-II.NFO,17/03/2025,09:35:19,48780,48777.8,210,48790.95,270,30,820890
BANKNIFTY-II.NFO,17/03/2025,09:35:21,48780,48779.45,210,48791.15,60,0,820890
BANKNIFTY-II.NFO,17/03/2025,09:35:22,48780,48782.15,240,48791.15,60,0,820890
BANKNIFTY-II.NFO,17/03/2025,09:35:24,48780,48782.8,210,48791.15,60,0,820890
BANKNIFTY-II.NFO,17/03/2025,09:35:26,48780.1,48780.1,180,48791.15,30,60,820890
BANKNIFTY-II.NFO,17/03/2025,09:35:27,48780.1,48779.55,150,48791.15,30,0,820890
BANKNIFTY-II.NFO,17/03/2025,09:35:29,48780.1,48779.5,30,48791.15,30,0,820890
BANKNIFTY-II.NFO,17/03/2025,09:35:31,48779.45,48774.15,180,48790.05,240,90,820890
BANKNIFTY-II.NFO,17/03/2025,09:35:32,48779.45,48771.2,150,48788.65,240,0,820890
BANKNIFTY-II.NFO,17/03/2025,09:35:34,48772.85,48772.6,120,48790.7,240,30,820890
BANKNIFTY-II.NFO,17/03/2025,09:35:36,48772.85,48770.05,150,48785.25,60,0,820890
BANKNIFTY-II.NFO,17/03/2025,09:35:37,48772.85,48770.8,150,48787.4,240,0,820890
BANKNIFTY-II.NFO,17/03/2025,09:35:39,48772.85,48770.05,150,48785.7,240,0,820890
BANKNIFTY-II.NFO,17/03/2025,09:35:41,48784.7,48770.05,180,48786.05,240,30,820890
BANKNIFTY-II.NFO,17/03/2025,09:35:42,48784.7,48770,60,48782.75,240,0,820890
BANKNIFTY-II.NFO,17/03/2025,09:35:44,48770,48766.35,90,48783.45,240,30,820890
BANKNIFTY-II.NFO,17/03/2025,09:35:46,48766.35,48760.15,180,48779.5,390,30,820890
BANKNIFTY-II.NFO,17/03/2025,09:35:47,48766.35,48761.9,150,48778.6,240,0,820890
BANKNIFTY-II.NFO,17/03/2025,09:35:49,48779.3,48762.7,210,48779.2,270,60,820890
BANKNIFTY-II.NFO,17/03/2025,09:35:51,48779.3,48761.45,210,48780.5,240,0,820890
BANKNIFTY-II.NFO,17/03/2025,09:35:52,48779.9,48762.45,270,48781.35,120,150,820890
BANKNIFTY-II.NFO,17/03/2025,09:35:54,48779.9,48762.75,240,48780.25,120,0,820890
BANKNIFTY-II.NFO,17/03/2025,09:35:56,48779.9,48761.7,240,48779.65,120,0,820890
BANKNIFTY-II.NFO,17/03/2025,09:35:57,48779.9,48758.55,270,48777.5,120,0,820890
BANKNIFTY-II.NFO,17/03/2025,09:35:59,48779.9,48756.9,240,48774.2,120,0,820890
BANKNIFTY-II.NFO,17/03/2025,09:36:01,48779.9,48755.95,240,48773.05,150,0,820890
BANKNIFTY-II.NFO,17/03/2025,09:36:02,48779.9,48759,270,48775.55,150,0,820890
BANKNIFTY-II.NFO,17/03/2025,09:36:04,48779.9,48760.3,270,48775.15,150,0,820890
BANKNIFTY-II.NFO,17/03/2025,09:36:06,48779.9,48758.25,240,48774.65,150,0,820890
BANKNIFTY-II.NFO,17/03/2025,09:36:07,48779.9,48756.8,240,48775.15,120,0,820890
BANKNIFTY-II.NFO,17/03/2025,09:36:09,48755.85,48756.15,270,48774.65,150,30,820890
BANKNIFTY-II.NFO,17/03/2025,09:36:11,48755.85,48752.75,270,48771.2,150,0,820890
BANKNIFTY-II.NFO,17/03/2025,09:36:12,48755.85,48752.1,270,48770,150,0,820890
BANKNIFTY-II.NFO,17/03/2025,09:36:14,48755.85,48750.95,270,48767.6,180,0,820890
BANKNIFTY-II.NFO,17/03/2025,09:36:17,48755.85,48750.95,240,48768.45,180,0,820890
BANKNIFTY-II.NFO,17/03/2025,09:36:19,48755.85,48750.55,270,48767.45,150,0,820890
BANKNIFTY-II.NFO,17/03/2025,09:36:21,48755.85,48751.15,270,48766.55,180,0,820890
BANKNIFTY-II.NFO,17/03/2025,09:36:22,48755.85,48750.05,270,48765.15,180,0,820890
BANKNIFTY-II.NFO,17/03/2025,09:36:24,48755.85,48750.15,270,48766.35,150,0,820890
BANKNIFTY-II.NFO,17/03/2025,09:36:26,48755.85,48753.45,240,48769.15,180,0,820890
BANKNIFTY-II.NFO,17/03/2025,09:36:27,48755.85,48755.2,60,48771.3,150,0,820890
BANKNIFTY-II.NFO,17/03/2025,09:36:29,48755.85,48757.95,60,48771.7,150,0,820890
BANKNIFTY-II.NFO,17/03/2025,09:36:31,48755.85,48758.2,60,48770.1,180,0,820890
BANKNIFTY-II.NFO,17/03/2025,09:36:32,48755.85,48759.45,240,48771.1,30,0,820890
BANKNIFTY-II.NFO,17/03/2025,09:36:34,48755.85,48761.3,60,48763.2,30,0,820890
BANKNIFTY-II.NFO,17/03/2025,09:36:36,48761.3,48760.75,30,48762.15,30,30,820800
BANKNIFTY-II.NFO,17/03/2025,09:36:37,48753.55,48750.05,270,48763.55,150,90,820800
BANKNIFTY-II.NFO,17/03/2025,09:36:39,48762.65,48750,30,48762.4,210,30,820800
BANKNIFTY-II.NFO,17/03/2025,09:36:41,48762.65,48750,30,48762.25,180,0,820800
BANKNIFTY-II.NFO,17/03/2025,09:36:42,48762.65,48750.15,270,48763,30,0,820800
BANKNIFTY-II.NFO,17/03/2025,09:36:44,48750.55,48750.75,240,48767.15,270,60,820800
BANKNIFTY-II.NFO,17/03/2025,09:36:46,48750.55,48753.9,270,48768.4,60,0,820800
BANKNIFTY-II.NFO,17/03/2025,09:36:47,48750.55,48753.25,270,48769.55,270,0,820800
BANKNIFTY-II.NFO,17/03/2025,09:36:49,48750.55,48753.15,240,48769.35,90,0,820800
BANKNIFTY-II.NFO,17/03/2025,09:36:51,48750.55,48760,30,48770.8,150,0,820800
BANKNIFTY-II.NFO,17/03/2025,09:36:52,48768.25,48753.45,240,48769.05,270,90,820800
BANKNIFTY-II.NFO,17/03/2025,09:36:54,48768.25,48754.25,210,48765.1,30,0,820800
BANKNIFTY-II.NFO,17/03/2025,09:36:56,48765.8,48752.55,210,48767.3,30,90,820800
BANKNIFTY-II.NFO,17/03/2025,09:36:57,48767.9,48746.65,210,48762.25,270,30,820800
BANKNIFTY-II.NFO,17/03/2025,09:36:59,48767.9,48748.8,210,48767.95,30,0,820800
BANKNIFTY-II.NFO,17/03/2025,09:37:01,48767.9,48751.3,210,48765.75,30,0,820800
BANKNIFTY-II.NFO,17/03/2025,09:37:02,48767.9,48749.2,240,48765.7,330,0,820800
BANKNIFTY-II.NFO,17/03/2025,09:37:04,48767.9,48746,240,48762.75,240,0,820800
BANKNIFTY-II.NFO,17/03/2025,09:37:06,48767.9,48748.4,240,48763.95,270,0,820800
BANKNIFTY-II.NFO,17/03/2025,09:37:07,48767.9,48749.25,240,48764.4,270,0,820800
BANKNIFTY-II.NFO,17/03/2025,09:37:09,48767.9,48750.55,210,48769.7,240,0,820800
BANKNIFTY-II.NFO,17/03/2025,09:37:11,48767.9,48751.2,210,48767.15,270,0,820800
BANKNIFTY-II.NFO,17/03/2025,09:37:12,48767.9,48752.4,240,48766.85,240,0,820800
BANKNIFTY-II.NFO,17/03/2025,09:37:14,48767.9,48755.9,210,48769.55,30,0,820800
BANKNIFTY-II.NFO,17/03/2025,09:37:15,48767.9,48761,210,48775.7,270,0,820800
BANKNIFTY-II.NFO,17/03/2025,09:37:17,48767.9,48760.15,210,48777,300,0,820800
BANKNIFTY-II.NFO,17/03/2025,09:37:19,48767.9,48759.2,210,48767.9,30,0,820800
BANKNIFTY-II.NFO,17/03/2025,09:37:20,48767.9,48758.75,210,48767.9,30,0,820800
BANKNIFTY-II.NFO,17/03/2025,09:37:22,48767.9,48760.2,210,48767.9,30,0,820800
BANKNIFTY-II.NFO,17/03/2025,09:37:24,48767.9,48759.95,240,48767.9,30,0,820800
BANKNIFTY-II.NFO,17/03/2025,09:37:25,48767.9,48765.8,210,48767.9,30,0,820800
BANKNIFTY-II.NFO,17/03/2025,09:37:27,48767.9,48764.5,210,48767.9,30,0,820800
BANKNIFTY-II.NFO,17/03/2025,09:37:29,48767.9,48764.45,210,48767.9,30,0,820800
BANKNIFTY-II.NFO,17/03/2025,09:37:30,48767.9,48756.75,240,48767.9,30,0,820800
BANKNIFTY-II.NFO,17/03/2025,09:37:32,48767.9,48759.65,210,48775.1,270,0,820800
BANKNIFTY-II.NFO,17/03/2025,09:37:34,48767.9,48763.65,210,48778.6,270,0,820800
BANKNIFTY-II.NFO,17/03/2025,09:37:35,48767.9,48761.55,240,48776.95,270,0,820800
BANKNIFTY-II.NFO,17/03/2025,09:37:37,48767.9,48761.9,240,48776.85,270,0,820800
BANKNIFTY-II.NFO,17/03/2025,09:37:39,48767.9,48765.15,210,48776.1,30,0,820800
BANKNIFTY-II.NFO,17/03/2025,09:37:40,48767.9,48766.75,210,48779,660,0,820800
BANKNIFTY-II.NFO,17/03/2025,09:37:42,48767.9,48766.1,210,48779,660,0,820800
BANKNIFTY-II.NFO,17/03/2025,09:37:44,48766.3,48765.6,210,48779,660,30,820800
BANKNIFTY-II.NFO,17/03/2025,09:37:45,48766.3,48767.8,210,48779,660,0,820800
BANKNIFTY-II.NFO,17/03/2025,09:37:47,48766.3,48765.7,210,48779,660,0,820800
BANKNIFTY-II.NFO,17/03/2025,09:37:49,48766.3,48766.85,30,48778.95,240,0,820800
BANKNIFTY-II.NFO,17/03/2025,09:37:50,48766.3,48766.2,180,48779,660,0,820800
BANKNIFTY-II.NFO,17/03/2025,09:37:52,48770.05,48770.95,60,48779,660,180,820800
BANKNIFTY-II.NFO,17/03/2025,09:37:54,48770.05,48772.6,60,48779,660,0,820800
BANKNIFTY-II.NFO,17/03/2025,09:37:55,48770.05,48770.1,60,48779,660,0,820800
BANKNIFTY-II.NFO,17/03/2025,09:37:57,48770.1,48768.8,90,48779,660,30,820800
BANKNIFTY-II.NFO,17/03/2025,09:37:59,48770.1,48769.5,60,48779,660,0,820800
BANKNIFTY-II.NFO,17/03/2025,09:38:00,48770.1,48768.85,30,48779,660,0,820800
BANKNIFTY-II.NFO,17/03/2025,09:38:02,48770.1,48770.9,90,48779,660,0,820800
BANKNIFTY-II.NFO,17/03/2025,09:38:04,48770.75,48768.95,60,48779,660,90,820800
BANKNIFTY-II.NFO,17/03/2025,09:38:05,48770.75,48770.8,60,48779,660,0,820800
BANKNIFTY-II.NFO,17/03/2025,09:38:07,48770.75,48772.2,60,48779,660,0,820800
BANKNIFTY-II.NFO,17/03/2025,09:38:09,48770.75,48776.9,60,48779,660,0,820800
BANKNIFTY-II.NFO,17/03/2025,09:38:10,48779,48778.05,60,48779,540,360,820800
BANKNIFTY-II.NFO,17/03/2025,09:38:12,48779,48775.75,60,48779,540,0,820800
BANKNIFTY-II.NFO,17/03/2025,09:38:14,48779,48771.85,60,48779,540,0,820800
BANKNIFTY-II.NFO,17/03/2025,09:38:15,48779,48771.5,60,48779,780,0,820800
BANKNIFTY-II.NFO,17/03/2025,09:38:17,48773.1,48776.75,30,48779,780,30,820800
BANKNIFTY-II.NFO,17/03/2025,09:38:19,48773.1,48777.55,30,48779,780,0,820800
BANKNIFTY-II.NFO,17/03/2025,09:38:20,48773.1,48778.25,30,48779,780,0,820800
BANKNIFTY-II.NFO,17/03/2025,09:38:22,48779,48772.55,30,48779,600,180,820800
BANKNIFTY-II.NFO,17/03/2025,09:38:24,48779,48778.05,150,48779,570,30,820800
BANKNIFTY-II.NFO,17/03/2025,09:38:25,48779,48778.25,60,48779,420,150,820800
BANKNIFTY-II.NFO,17/03/2025,09:38:27,48779,48773.75,30,48790.5,270,420,820800
BANKNIFTY-II.NFO,17/03/2025,09:38:29,48779,48773.2,30,48789,270,0,820800
BANKNIFTY-II.NFO,17/03/2025,09:38:30,48779,48771.9,90,48787.5,270,0,820800
BANKNIFTY-II.NFO,17/03/2025,09:38:32,48779,48772.05,60,48790.8,240,0,820800
BANKNIFTY-II.NFO,17/03/2025,09:38:34,48779,48773.6,30,48789.3,270,0,820800
BANKNIFTY-II.NFO,17/03/2025,09:38:35,48779,48768.95,30,48787.8,240,0,820800
BANKNIFTY-II.NFO,17/03/2025,09:38:37,48779,48767.1,30,48786.3,240,0,820800
BANKNIFTY-II.NFO,17/03/2025,09:38:39,48779,48766.3,60,48783.45,240,0,820800
BANKNIFTY-II.NFO,17/03/2025,09:38:40,48779,48766.9,30,48782.05,240,0,820800
BANKNIFTY-II.NFO,17/03/2025,09:38:42,48779,48765.95,60,48780.55,240,0,820800
BANKNIFTY-II.NFO,17/03/2025,09:38:44,48779,48762.35,30,48778.95,270,0,820800
BANKNIFTY-II.NFO,17/03/2025,09:38:45,48779,48759.2,30,48777.55,300,0,820800
BANKNIFTY-II.NFO,17/03/2025,09:38:47,48753.35,48751.1,60,48772.6,240,150,820800
BANKNIFTY-II.NFO,17/03/2025,09:38:49,48753.35,48751.25,60,48771.3,240,0,820800
BANKNIFTY-II.NFO,17/03/2025,09:38:50,48753.35,48752.35,300,48770.3,270,0,820800
BANKNIFTY-II.NFO,17/03/2025,09:38:52,48753.35,48752.2,30,48769.1,270,0,820800
BANKNIFTY-II.NFO,17/03/2025,09:38:54,48753.35,48749.15,30,48767.5,240,0,820800
BANKNIFTY-II.NFO,17/03/2025,09:38:55,48753.35,48754.45,30,48766,270,0,820800
BANKNIFTY-II.NFO,17/03/2025,09:38:57,48754.45,48746.15,60,48764.6,240,30,820800
BANKNIFTY-II.NFO,17/03/2025,09:38:59,48763.4,48746.15,60,48762.8,240,30,820800
BANKNIFTY-II.NFO,17/03/2025,09:39:00,48763.4,48740.05,60,48758.95,240,0,820800
BANKNIFTY-II.NFO,17/03/2025,09:39:02,48763.4,48740.35,30,48757.75,240,0,820800
BANKNIFTY-II.NFO,17/03/2025,09:39:04,48763.4,48740.05,30,48756.35,240,0,820800
BANKNIFTY-II.NFO,17/03/2025,09:39:05,48763.4,48740,90,48755.15,240,0,820800
BANKNIFTY-II.NFO,17/03/2025,09:39:07,48763.4,48741,30,48758.55,240,0,820800
BANKNIFTY-II.NFO,17/03/2025,09:39:09,48763.4,48740.25,30,48757.4,60,0,820800
BANKNIFTY-II.NFO,17/03/2025,09:39:10,48763.4,48743,30,48761.55,240,0,820800
BANKNIFTY-II.NFO,17/03/2025,09:39:12,48763.4,48740.05,30,48759.85,240,0,820800
BANKNIFTY-II.NFO,17/03/2025,09:39:14,48763.4,48740.05,30,48758.75,240,0,820800
BANKNIFTY-II.NFO,17/03/2025,09:39:15,48763.4,48741.3,30,48760.6,240,0,820800
BANKNIFTY-II.NFO,17/03/2025,09:39:17,48763.4,48740.25,30,48759.1,240,0,820800
BANKNIFTY-II.NFO,17/03/2025,09:39:19,48763.4,48740.75,30,48757.6,240,0,820800
BANKNIFTY-II.NFO,17/03/2025,09:39:20,48755,48741.15,30,48756.2,270,30,820800
BANKNIFTY-II.NFO,17/03/2025,09:39:22,48755,48741.65,30,48757.5,270,0,820800
BANKNIFTY-II.NFO,17/03/2025,09:39:24,48755,48742.05,30,48758.95,270,0,820800
BANKNIFTY-II.NFO,17/03/2025,09:39:25,48755,48740.05,30,48757.85,240,0,820800
BANKNIFTY-II.NFO,17/03/2025,09:39:27,48755,48742.75,30,48759.55,240,0,820800
BANKNIFTY-II.NFO,17/03/2025,09:39:29,48755,48740.05,30,48754.95,60,0,820800
BANKNIFTY-II.NFO,17/03/2025,09:39:30,48755,48740.05,30,48754.95,240,0,820800
BANKNIFTY-II.NFO,17/03/2025,09:39:32,48755,48740.05,30,48754.95,60,0,820800
BANKNIFTY-II.NFO,17/03/2025,09:39:34,48755,48742.05,30,48755,60,0,820800
BANKNIFTY-II.NFO,17/03/2025,09:39:35,48755,48745.9,30,48755,60,0,820800
BANKNIFTY-II.NFO,17/03/2025,09:39:37,48755,48746.75,30,48755,60,0,820800
BANKNIFTY-II.NFO,17/03/2025,09:39:39,48762.4,48749.05,30,48767,270,90,821790
BANKNIFTY-II.NFO,17/03/2025,09:39:40,48750.45,48749.2,30,48768.6,270,30,821790
BANKNIFTY-II.NFO,17/03/2025,09:39:42,48750.45,48749.95,30,48766.9,270,0,821790
BANKNIFTY-II.NFO,17/03/2025,09:39:43,48749.7,48749.65,60,48767.5,330,30,821790
BANKNIFTY-II.NFO,17/03/2025,09:39:45,48749.7,48750.85,60,48767.5,330,0,821790
BANKNIFTY-II.NFO,17/03/2025,09:39:47,48750.85,48746.7,60,48765.95,240,30,821790
BANKNIFTY-II.NFO,17/03/2025,09:39:48,48750.85,48750.55,360,48755,30,0,821790
BANKNIFTY-II.NFO,17/03/2025,09:39:50,48755,48749.85,150,48767.3,270,60,821790
BANKNIFTY-II.NFO,17/03/2025,09:39:52,48753.1,48753.1,30,48769.6,270,30,821790
BANKNIFTY-II.NFO,17/03/2025,09:39:53,48757.6,48757.35,30,48773.2,270,30,821790
BANKNIFTY-II.NFO,17/03/2025,09:39:55,48755.3,48755.25,240,48772,270,30,821790
BANKNIFTY-II.NFO,17/03/2025,09:39:57,48755.3,48758.05,60,48776.8,240,0,821790
BANKNIFTY-II.NFO,17/03/2025,09:39:58,48759.85,48761.5,150,48777.2,60,30,821790
BANKNIFTY-II.NFO,17/03/2025,09:40:00,48768,48768.05,60,48784.7,240,30,821790
BANKNIFTY-II.NFO,17/03/2025,09:40:02,48768,48768.05,90,48782.55,330,0,821790
BANKNIFTY-II.NFO,17/03/2025,09:40:03,48768,48768.05,60,48781.65,240,0,821790
BANKNIFTY-II.NFO,17/03/2025,09:40:05,48768,48758.05,60,48778.1,240,0,821790
BANKNIFTY-II.NFO,17/03/2025,09:40:07,48758.05,48758.05,30,48775.5,240,30,821790
BANKNIFTY-II.NFO,17/03/2025,09:40:08,48758.05,48758.05,30,48774.1,240,0,821790
BANKNIFTY-II.NFO,17/03/2025,09:40:10,48758.05,48758.05,30,48772.6,240,0,821790
BANKNIFTY-II.NFO,17/03/2025,09:40:12,48758.05,48758.05,30,48771.2,240,0,821790
BANKNIFTY-II.NFO,17/03/2025,09:40:13,48758.05,48758.05,30,48769.8,240,0,821790
BANKNIFTY-II.NFO,17/03/2025,09:40:15,48758.05,48758.05,30,48771.65,270,0,821790
BANKNIFTY-II.NFO,17/03/2025,09:40:17,48758.05,48750,150,48769.85,240,0,821790
BANKNIFTY-II.NFO,17/03/2025,09:40:18,48758.05,48750,150,48768.45,240,0,821790
BANKNIFTY-II.NFO,17/03/2025,09:40:20,48758.05,48750,150,48767.15,270,0,821790
BANKNIFTY-II.NFO,17/03/2025,09:40:22,48758.05,48751.3,60,48768.45,270,0,821790
BANKNIFTY-II.NFO,17/03/2025,09:40:23,48758.05,48751.3,60,48769.35,240,0,821790
BANKNIFTY-II.NFO,17/03/2025,09:40:25,48758.05,48750,150,48767.95,240,0,821790
BANKNIFTY-II.NFO,17/03/2025,09:40:27,48758.05,48750,150,48763.95,240,0,821790
BANKNIFTY-II.NFO,17/03/2025,09:40:28,48758.05,48750,150,48761,270,0,821790
BANKNIFTY-II.NFO,17/03/2025,09:40:30,48758.05,48750,150,48759.5,270,0,821790
BANKNIFTY-II.NFO,17/03/2025,09:40:32,48758.05,48750,150,48762.4,240,0,821790
BANKNIFTY-II.NFO,17/03/2025,09:40:33,48758.05,48750,150,48760.8,240,0,821790
BANKNIFTY-II.NFO,17/03/2025,09:40:35,48758.05,48750,180,48762.15,270,0,821790
BANKNIFTY-II.NFO,17/03/2025,09:40:37,48758.05,48750,180,48763.35,270,0,821790
BANKNIFTY-II.NFO,17/03/2025,09:40:38,48758.05,48750,180,48764.65,270,0,821790
BANKNIFTY-II.NFO,17/03/2025,09:40:40,48758.05,48750,180,48764.9,240,0,821790
BANKNIFTY-II.NFO,17/03/2025,09:40:42,48758.05,48750,180,48761.6,240,0,821790
BANKNIFTY-II.NFO,17/03/2025,09:40:43,48750,48750,150,48762.45,240,30,821790
BANKNIFTY-II.NFO,17/03/2025,09:40:45,48750,48750,150,48765.95,240,0,821790
BANKNIFTY-II.NFO,17/03/2025,09:40:47,48750,48750,150,48764.55,240,0,821790
BANKNIFTY-II.NFO,17/03/2025,09:40:48,48760,48750,120,48765.55,270,30,821790
BANKNIFTY-II.NFO,17/03/2025,09:40:50,48760,48750,120,48768.55,240,0,821790
BANKNIFTY-II.NFO,17/03/2025,09:40:52,48760,48750,120,48769.35,240,0,821790
BANKNIFTY-II.NFO,17/03/2025,09:40:53,48760,48750.15,30,48770.35,240,0,821790
BANKNIFTY-II.NFO,17/03/2025,09:40:55,48760,48750,120,48769.45,240,0,821790
BANKNIFTY-II.NFO,17/03/2025,09:40:57,48760,48752.35,30,48768.15,270,0,821790
BANKNIFTY-II.NFO,17/03/2025,09:40:58,48760,48753,30,48768.9,270,0,821790
BANKNIFTY-II.NFO,17/03/2025,09:41:00,48760,48750,150,48767.8,240,0,821790
BANKNIFTY-II.NFO,17/03/2025,09:41:02,48760,48750,150,48765.4,240,0,821790
BANKNIFTY-II.NFO,17/03/2025,09:41:03,48760,48750,150,48763.45,240,0,821790
BANKNIFTY-II.NFO,17/03/2025,09:41:05,48760,48750,150,48766.9,240,0,821790
BANKNIFTY-II.NFO,17/03/2025,09:41:07,48760,48750,150,48765.4,270,0,821790
BANKNIFTY-II.NFO,17/03/2025,09:41:08,48760,48750.3,30,48766.15,270,0,821790
BANKNIFTY-II.NFO,17/03/2025,09:41:10,48760,48758.55,30,48773.25,270,0,821790
BANKNIFTY-II.NFO,17/03/2025,09:41:12,48760,48759.05,30,48774.75,240,0,821790
BANKNIFTY-II.NFO,17/03/2025,09:41:13,48760,48759.65,30,48776.1,270,0,821790
BANKNIFTY-II.NFO,17/03/2025,09:41:15,48760,48760.8,30,48776.05,90,0,821790
BANKNIFTY-II.NFO,17/03/2025,09:41:17,48760,48760,30,48773.75,90,0,821790
BANKNIFTY-II.NFO,17/03/2025,09:41:18,48760,48760.5,30,48773.8,60,0,821790
BANKNIFTY-II.NFO,17/03/2025,09:41:20,48760,48762.95,30,48780.35,240,0,821790
BANKNIFTY-II.NFO,17/03/2025,09:41:22,48760,48765.15,30,48780.9,240,0,821790
BANKNIFTY-II.NFO,17/03/2025,09:41:23,48760,48763.8,30,48781.25,240,0,821790
BANKNIFTY-II.NFO,17/03/2025,09:41:25,48760,48760.1,30,48777.95,300,0,821790
BANKNIFTY-II.NFO,17/03/2025,09:41:27,48760,48760,30,48774.35,270,0,821790
BANKNIFTY-II.NFO,17/03/2025,09:41:28,48760,48760,30,48772.95,240,0,821790
BANKNIFTY-II.NFO,17/03/2025,09:41:30,48760,48760,30,48777.25,240,0,821790
BANKNIFTY-II.NFO,17/03/2025,09:41:32,48760,48760.3,30,48775.55,270,0,821790
BANKNIFTY-II.NFO,17/03/2025,09:41:33,48760,48766.75,30,48781.15,270,0,821790
BANKNIFTY-II.NFO,17/03/2025,09:41:35,48760,48763.15,30,48779.65,240,0,821790
BANKNIFTY-II.NFO,17/03/2025,09:41:37,48760,48764.2,30,48781.05,270,0,821790
BANKNIFTY-II.NFO,17/03/2025,09:41:38,48760,48768.35,30,48782.65,240,0,821790
BANKNIFTY-II.NFO,17/03/2025,09:41:40,48760,48767.2,30,48784.15,240,0,821790
BANKNIFTY-II.NFO,17/03/2025,09:41:42,48760,48774.7,30,48788.75,270,0,821790
BANKNIFTY-II.NFO,17/03/2025,09:41:43,48760,48774.65,30,48789.85,270,0,821790
BANKNIFTY-II.NFO,17/03/2025,09:41:45,48760,48776.35,30,48790,30,0,821790
BANKNIFTY-II.NFO,17/03/2025,09:41:46,48760,48773.1,30,48789.3,240,0,821790
BANKNIFTY-II.NFO,17/03/2025,09:41:48,48760,48776.2,30,48786.25,60,0,821790
BANKNIFTY-II.NFO,17/03/2025,09:41:50,48760,48776.05,30,48789.75,240,0,821790
BANKNIFTY-II.NFO,17/03/2025,09:41:51,48760,48779.55,30,48789.8,60,0,821790
BANKNIFTY-II.NFO,17/03/2025,09:41:53,48760,48779.65,60,48790,30,0,821790
BANKNIFTY-II.NFO,17/03/2025,09:41:55,48760,48778.85,30,48789.95,60,0,821790
BANKNIFTY-II.NFO,17/03/2025,09:41:56,48778.15,48778,240,48790,30,60,821790
BANKNIFTY-II.NFO,17/03/2025,09:41:58,48790.85,48778.15,240,48792.95,60,60,821790
BANKNIFTY-II.NFO,17/03/2025,09:42:00,48790.85,48785.05,60,48802.85,240,0,821790
BANKNIFTY-II.NFO,17/03/2025,09:42:01,48783.95,48783.6,60,48799.35,270,30,821790
BANKNIFTY-II.NFO,17/03/2025,09:42:03,48783.95,48781.35,30,48798.25,270,0,821790
BANKNIFTY-II.NFO,17/03/2025,09:42:04,48783.95,48779.5,30,48796.15,240,0,821790
BANKNIFTY-II.NFO,17/03/2025,09:42:06,48783.95,48776.2,30,48793.65,240,0,821790
BANKNIFTY-II.NFO,17/03/2025,09:42:08,48783.95,48776.2,30,48792.15,270,0,821790
BANKNIFTY-II.NFO,17/03/2025,09:42:09,48783.95,48778.05,30,48790.75,240,0,821790
BANKNIFTY-II.NFO,17/03/2025,09:42:11,48783.95,48778.05,60,48793.3,240,0,821790
BANKNIFTY-II.NFO,17/03/2025,09:42:13,48783.95,48778.05,60,48794.2,240,0,821790
BANKNIFTY-II.NFO,17/03/2025,09:42:14,48775.95,48778.05,30,48792.8,240,60,821790
BANKNIFTY-II.NFO,17/03/2025,09:42:16,48775.95,48778.85,60,48796.65,240,0,821790
BANKNIFTY-II.NFO,17/03/2025,09:42:18,48775.95,48780.55,60,48797.35,270,0,821790
BANKNIFTY-II.NFO,17/03/2025,09:42:20,48775.95,48783,30,48798.75,270,0,821790
BANKNIFTY-II.NFO,17/03/2025,09:42:21,48798.55,48784.7,30,48799.7,30,30,821790
BANKNIFTY-II.NFO,17/03/2025,09:42:23,48798.55,48786.4,30,48799.65,60,0,821790
BANKNIFTY-II.NFO,17/03/2025,09:42:25,48798.55,48787.1,30,48799.7,30,0,821790
BANKNIFTY-II.NFO,17/03/2025,09:42:26,48798.55,48789.45,30,48799.95,30,0,821790
BANKNIFTY-II.NFO,17/03/2025,09:42:28,48798.55,48789.05,30,48799.9,300,0,821790
BANKNIFTY-II.NFO,17/03/2025,09:42:30,48798.55,48785.65,30,48799.1,240,0,821790
BANKNIFTY-II.NFO,17/03/2025,09:42:31,48784.05,48786.2,30,48799.8,240,120,821550
BANKNIFTY-II.NFO,17/03/2025,09:42:33,48784.05,48787.6,30,48799.9,60,0,821550
BANKNIFTY-II.NFO,17/03/2025,09:42:35,48784.05,48790.3,150,48799.95,30,0,821550
BANKNIFTY-II.NFO,17/03/2025,09:42:36,48784.05,48790.3,60,48799.95,30,0,821550
BANKNIFTY-II.NFO,17/03/2025,09:42:38,48784.05,48792.35,60,48799.95,30,0,821550
BANKNIFTY-II.NFO,17/03/2025,09:42:40,48799.95,48794.25,150,48803,30,30,821550
BANKNIFTY-II.NFO,17/03/2025,09:42:41,48799.95,48795.05,60,48803,30,0,821550
BANKNIFTY-II.NFO,17/03/2025,09:42:43,48799.95,48795.4,60,48800,30,0,821550
BANKNIFTY-II.NFO,17/03/2025,09:42:45,48799.95,48794.9,60,48800,30,0,821550
BANKNIFTY-II.NFO,17/03/2025,09:42:46,48800,48791,30,48803,30,30,821550
BANKNIFTY-II.NFO,17/03/2025,09:42:48,48803,48793.9,30,48807.4,270,30,821550
BANKNIFTY-II.NFO,17/03/2025,09:42:49,48803,48793.9,30,48805.8,240,0,821550
BANKNIFTY-II.NFO,17/03/2025,09:42:51,48803,48792.9,30,48806.2,330,30,821550
BANKNIFTY-II.NFO,17/03/2025,09:42:53,48803,48792.9,30,48806.2,330,0,821550
BANKNIFTY-II.NFO,17/03/2025,09:42:54,48803,48780.85,30,48798.2,240,0,821550
BANKNIFTY-II.NFO,17/03/2025,09:42:56,48803,48780.85,30,48796.6,270,0,821550
BANKNIFTY-II.NFO,17/03/2025,09:42:58,48803,48780,30,48794.5,240,0,821550
BANKNIFTY-II.NFO,17/03/2025,09:42:59,48803,48780,30,48789.55,240,0,821550
BANKNIFTY-II.NFO,17/03/2025,09:43:01,48780,48770,30,48784.15,270,30,821550
BANKNIFTY-II.NFO,17/03/2025,09:43:03,48780,48770,30,48780.6,240,0,821550
BANKNIFTY-II.NFO,17/03/2025,09:43:04,48780,48770,30,48777.15,240,0,821550
BANKNIFTY-II.NFO,17/03/2025,09:43:06,48780,48770,30,48781.4,240,0,821550
BANKNIFTY-II.NFO,17/03/2025,09:43:08,48780,48770,30,48779.3,240,0,821550
BANKNIFTY-II.NFO,17/03/2025,09:43:09,48770,48760,60,48775,240,30,821550
BANKNIFTY-II.NFO,17/03/2025,09:43:11,48770,48760,60,48765.05,240,0,821550
BANKNIFTY-II.NFO,17/03/2025,09:43:13,48770,48760,60,48763.55,240,0,821550
BANKNIFTY-II.NFO,17/03/2025,09:43:14,48770,48760,60,48767.5,270,0,821550
BANKNIFTY-II.NFO,17/03/2025,09:43:16,48770,48760,60,48765.8,240,0,821550
BANKNIFTY-II.NFO,17/03/2025,09:43:18,48770,48760,30,48769.6,270,0,821550
BANKNIFTY-II.NFO,17/03/2025,09:43:19,48770,48760,30,48768.2,270,0,821550
BANKNIFTY-II.NFO,17/03/2025,09:43:21,48770,48760,30,48766.5,270,0,821550
BANKNIFTY-II.NFO,17/03/2025,09:43:23,48770,48760,30,48765.1,240,0,821550
BANKNIFTY-II.NFO,17/03/2025,09:43:24,48760,48750,330,48763.3,240,30,821550
BANKNIFTY-II.NFO,17/03/2025,09:43:26,48760,48750,330,48762.25,240,0,821550
BANKNIFTY-II.NFO,17/03/2025,09:43:28,48760,48750,330,48760.65,240,0,821550
BANKNIFTY-II.NFO,17/03/2025,09:43:29,48760,48750,330,48761.15,240,0,821550
BANKNIFTY-II.NFO,17/03/2025,09:43:31,48760,48750,330,48762.3,240,0,821550
BANKNIFTY-II.NFO,17/03/2025,09:43:33,48760,48750,330,48764.85,240,0,821550
BANKNIFTY-II.NFO,17/03/2025,09:43:34,48760,48750.05,30,48767.05,270,0,821550
BANKNIFTY-II.NFO,17/03/2025,09:43:36,48766.65,48750.05,30,48760,60,30,821550
BANKNIFTY-II.NFO,17/03/2025,09:43:38,48766.65,48750.05,30,48760,60,0,821550
BANKNIFTY-II.NFO,17/03/2025,09:43:39,48766.65,48750.65,30,48760,60,0,821550
BANKNIFTY-II.NFO,17/03/2025,09:43:41,48760,48750.75,30,48760,30,30,821550
BANKNIFTY-II.NFO,17/03/2025,09:43:43,48760,48750.45,30,48760,30,0,821550
BANKNIFTY-II.NFO,17/03/2025,09:43:44,48760,48756.1,30,48773.3,240,30,821550
BANKNIFTY-II.NFO,17/03/2025,09:43:46,48760,48760.1,30,48777.1,240,0,821550
BANKNIFTY-II.NFO,17/03/2025,09:43:48,48760,48759.2,30,48775.6,270,0,821550
BANKNIFTY-II.NFO,17/03/2025,09:43:49,48760,48754.3,30,48774.3,240,0,821550
BANKNIFTY-II.NFO,17/03/2025,09:43:51,48760,48756.5,30,48775.25,270,0,821550
BANKNIFTY-II.NFO,17/03/2025,09:43:53,48760,48759,30,48777.8,240,0,821550
BANKNIFTY-II.NFO,17/03/2025,09:43:54,48760,48759.85,30,48778.85,240,0,821550
BANKNIFTY-II.NFO,17/03/2025,09:43:56,48760,48760.1,30,48779.2,270,0,821550
BANKNIFTY-II.NFO,17/03/2025,09:43:58,48760,48762.1,30,48779.45,240,0,821550
BANKNIFTY-II.NFO,17/03/2025,09:43:59,48760,48759.25,30,48778.75,240,0,821550
BANKNIFTY-II.NFO,17/03/2025,09:44:01,48759.25,48759.2,30,48778.95,240,30,821550
BANKNIFTY-II.NFO,17/03/2025,09:44:03,48759.25,48760.05,30,48779.1,240,0,821550
BANKNIFTY-II.NFO,17/03/2025,09:44:04,48759.25,48758.9,60,48779.3,240,0,821550
BANKNIFTY-II.NFO,17/03/2025,09:44:06,48759.25,48758.45,60,48777.8,240,0,821550
BANKNIFTY-II.NFO,17/03/2025,09:44:08,48759.25,48760.05,30,48778.15,240,0,821550
BANKNIFTY-II.NFO,17/03/2025,09:44:09,48759.25,48758.05,30,48776.55,240,0,821550
BANKNIFTY-II.NFO,17/03/2025,09:44:11,48759.25,48763.05,60,48782,240,0,821550
BANKNIFTY-II.NFO,17/03/2025,09:44:13,48759.25,48760.05,30,48780.5,240,0,821550
BANKNIFTY-II.NFO,17/03/2025,09:44:14,48760.05,48761.65,30,48778.8,240,30,821550
BANKNIFTY-II.NFO,17/03/2025,09:44:16,48760.05,48761.65,30,48777.4,240,0,821550
BANKNIFTY-II.NFO,17/03/2025,09:44:18,48760.05,48761.65,30,48775.8,240,0,821550
BANKNIFTY-II.NFO,17/03/2025,09:44:19,48760.05,48760,30,48774.2,270,0,821550
BANKNIFTY-II.NFO,17/03/2025,09:44:21,48760.05,48760,30,48772.3,270,0,821550
BANKNIFTY-II.NFO,17/03/2025,09:44:23,48760.05,48762.3,150,48779.55,240,0,821550
BANKNIFTY-II.NFO,17/03/2025,09:44:25,48760.05,48765.85,150,48770,30,0,821550
BANKNIFTY-II.NFO,17/03/2025,09:44:26,48770,48771.6,150,48790.1,240,30,821550
BANKNIFTY-II.NFO,17/03/2025,09:44:28,48770,48769.5,30,48783.25,60,0,821550
BANKNIFTY-II.NFO,17/03/2025,09:44:30,48770,48768.2,30,48783.25,60,0,821550
BANKNIFTY-II.NFO,17/03/2025,09:44:31,48770,48762.75,60,48780.75,240,0,821550
BANKNIFTY-II.NFO,17/03/2025,09:44:33,48770,48770,30,48778.1,60,0,821550
BANKNIFTY-II.NFO,17/03/2025,09:44:35,48770,48766.3,60,48782.35,270,30,821550
BANKNIFTY-II.NFO,17/03/2025,09:44:36,48770,48766.05,30,48781.1,270,0,821550
BANKNIFTY-II.NFO,17/03/2025,09:44:38,48770,48766.05,180,48782.4,270,0,821550
BANKNIFTY-II.NFO,17/03/2025,09:44:40,48770,48766.25,60,48780.8,60,0,821550
BANKNIFTY-II.NFO,17/03/2025,09:44:41,48770,48770.85,60,48786.5,270,0,821550
BANKNIFTY-II.NFO,17/03/2025,09:44:43,48770,48766.05,30,48782.5,240,0,821550
BANKNIFTY-II.NFO,17/03/2025,09:44:45,48770,48766.05,30,48780.05,270,0,821550
BANKNIFTY-II.NFO,17/03/2025,09:44:46,48770,48762.8,60,48780.55,240,0,821550
BANKNIFTY-II.NFO,17/03/2025,09:44:48,48770,48765,60,48781.45,270,0,821550
BANKNIFTY-II.NFO,17/03/2025,09:44:50,48770,48770.45,30,48786.05,270,0,821550
BANKNIFTY-II.NFO,17/03/2025,09:44:51,48770,48774.05,30,48790,270,0,821550
BANKNIFTY-II.NFO,17/03/2025,09:44:53,48770,48775.6,30,48791.8,240,0,821550
BANKNIFTY-II.NFO,17/03/2025,09:44:55,48770,48775.6,30,48789.9,240,0,821550
BANKNIFTY-II.NFO,17/03/2025,09:44:56,48770,48775.6,30,48791.05,300,0,821550
BANKNIFTY-II.NFO,17/03/2025,09:44:58,48770,48776.8,30,48790.2,60,0,821550
BANKNIFTY-II.NFO,17/03/2025,09:45:00,48770,48780.5,30,48795.9,270,0,821550
BANKNIFTY-II.NFO,17/03/2025,09:45:01,48780.5,48776.45,30,48793.2,240,30,821550
BANKNIFTY-II.NFO,17/03/2025,09:45:03,48780.5,48778.3,150,48794.2,270,0,821550
BANKNIFTY-II.NFO,17/03/2025,09:45:05,48780.5,48781.85,30,48797.3,240,0,821550
BANKNIFTY-II.NFO,17/03/2025,09:45:06,48780.5,48781.85,30,48796.65,270,0,821550
BANKNIFTY-II.NFO,17/03/2025,09:45:08,48780.5,48781.4,30,48797.2,240,0,821550
BANKNIFTY-II.NFO,17/03/2025,09:45:10,48780.5,48782.95,30,48796.1,270,0,821550
BANKNIFTY-II.NFO,17/03/2025,09:45:11,48780.5,48786.1,60,48798.95,60,0,821550
BANKNIFTY-II.NFO,17/03/2025,09:45:13,48780.5,48787.25,60,48799,30,0,821550
BANKNIFTY-II.NFO,17/03/2025,09:45:15,48799,48790.55,60,48805.3,270,30,821550
BANKNIFTY-II.NFO,17/03/2025,09:45:16,48799,48791.6,150,48807,270,0,821550
BANKNIFTY-II.NFO,17/03/2025,09:45:18,48799,48794.95,30,48810.75,270,0,821550
BANKNIFTY-II.NFO,17/03/2025,09:45:20,48806.3,48799,150,48810.75,240,30,821550
BANKNIFTY-II.NFO,17/03/2025,09:45:21,48806.3,48799,150,48809.35,240,0,821550
BANKNIFTY-II.NFO,17/03/2025,09:45:23,48806.3,48799,150,48809.4,240,0,821550
BANKNIFTY-II.NFO,17/03/2025,09:45:25,48799,48792.05,30,48803.4,270,150,821550
BANKNIFTY-II.NFO,17/03/2025,09:45:26,48799,48787.1,60,48801.8,240,0,821550
BANKNIFTY-II.NFO,17/03/2025,09:45:28,48804.9,48789.75,60,48804.9,240,90,821550
BANKNIFTY-II.NFO,17/03/2025,09:45:30,48804.9,48790.1,60,48803.65,60,0,821550
BANKNIFTY-II.NFO,17/03/2025,09:45:31,48804.9,48790.5,60,48806.65,240,0,821550
BANKNIFTY-II.NFO,17/03/2025,09:45:33,48804.9,48790.65,60,48806.65,270,0,821550
BANKNIFTY-II.NFO,17/03/2025,09:45:35,48804.9,48800,30,48808.45,270,0,821550
BANKNIFTY-II.NFO,17/03/2025,09:45:36,48804.9,48800,30,48807.2,270,0,821550
BANKNIFTY-II.NFO,17/03/2025,09:45:38,48800,48790.1,60,48803.3,240,30,821550
BANKNIFTY-II.NFO,17/03/2025,09:45:40,48802.6,48788.1,90,48801.3,240,30,821550
BANKNIFTY-II.NFO,17/03/2025,09:45:41,48802.6,48788.05,30,48801.85,270,90,821550
BANKNIFTY-II.NFO,17/03/2025,09:45:43,48802.6,48788.05,30,48802.05,270,0,821550
BANKNIFTY-II.NFO,17/03/2025,09:45:45,48802.6,48785.65,90,48800.25,270,0,821550
BANKNIFTY-II.NFO,17/03/2025,09:45:46,48802.6,48786.05,60,48802,270,90,821550
BANKNIFTY-II.NFO,17/03/2025,09:45:48,48802.6,48782.2,90,48800.3,240,0,821550
BANKNIFTY-II.NFO,17/03/2025,09:45:50,48790,48777,90,48796.9,240,30,821550
BANKNIFTY-II.NFO,17/03/2025,09:45:51,48790,48777.4,120,48795.3,270,0,821550
BANKNIFTY-II.NFO,17/03/2025,09:45:53,48790,48780.05,30,48793.7,270,90,821550
BANKNIFTY-II.NFO,17/03/2025,09:45:55,48790,48781,30,48791.9,240,0,821550
BANKNIFTY-II.NFO,17/03/2025,09:45:56,48790,48780.95,30,48793.35,330,0,821550
BANKNIFTY-II.NFO,17/03/2025,09:45:58,48790,48780,30,48793.15,300,30,821550
BANKNIFTY-II.NFO,17/03/2025,09:46:00,48787.75,48780,30,48787.45,270,30,821550
BANKNIFTY-II.NFO,17/03/2025,09:46:01,48787.75,48780,30,48784.85,240,0,821550
BANKNIFTY-II.NFO,17/03/2025,09:46:03,48787.75,48780,30,48784.95,240,0,821550
BANKNIFTY-II.NFO,17/03/2025,09:46:06,48787.75,48780,30,48785,240,0,821550
BANKNIFTY-II.NFO,17/03/2025,09:46:08,48787.75,48780.05,30,48787.5,270,0,821550
BANKNIFTY-II.NFO,17/03/2025,09:46:10,48780,48770.05,30,48786.8,240,60,821550
BANKNIFTY-II.NFO,17/03/2025,09:46:11,48780,48766,30,48780.15,270,0,821550
BANKNIFTY-II.NFO,17/03/2025,09:46:13,48780,48766.05,30,48779.55,270,0,821550
BANKNIFTY-II.NFO,17/03/2025,09:46:14,48780,48760.1,30,48777.6,240,0,821550
BANKNIFTY-II.NFO,17/03/2025,09:46:16,48780,48760,90,48775.05,270,0,821550
BANKNIFTY-II.NFO,17/03/2025,09:46:18,48780,48760,90,48773.35,240,0,821550
BANKNIFTY-II.NFO,17/03/2025,09:46:19,48780,48760,90,48774.75,240,0,821550
BANKNIFTY-II.NFO,17/03/2025,09:46:21,48780,48760,90,48773.15,240,0,821550
BANKNIFTY-II.NFO,17/03/2025,09:46:23,48780,48760.15,30,48775.15,270,0,821550
BANKNIFTY-II.NFO,17/03/2025,09:46:24,48780,48760,90,48773.65,240,0,821550
BANKNIFTY-II.NFO,17/03/2025,09:46:26,48780,48760,90,48774.7,240,0,821550
BANKNIFTY-II.NFO,17/03/2025,09:46:28,48780,48760,90,48775.15,270,0,821550
BANKNIFTY-II.NFO,17/03/2025,09:46:29,48780,48760.05,30,48773.55,270,0,821550
BANKNIFTY-II.NFO,17/03/2025,09:46:31,48773.45,48760,90,48776.75,240,90,821550
BANKNIFTY-II.NFO,17/03/2025,09:46:33,48773.45,48760,90,48775.15,240,0,821550
BANKNIFTY-II.NFO,17/03/2025,09:46:34,48773.45,48760,90,48773.45,270,0,821550
BANKNIFTY-II.NFO,17/03/2025,09:46:36,48773.45,48760.1,210,48776.9,270,0,821550
BANKNIFTY-II.NFO,17/03/2025,09:46:38,48773.45,48760.65,210,48777.65,270,0,821550
BANKNIFTY-II.NFO,17/03/2025,09:46:40,48773.45,48760.1,210,48776.35,270,0,821550
BANKNIFTY-II.NFO,17/03/2025,09:46:41,48773.45,48760.9,210,48778,240,0,821550
BANKNIFTY-II.NFO,17/03/2025,09:46:43,48773.45,48760.1,210,48776.8,270,0,821550
BANKNIFTY-II.NFO,17/03/2025,09:46:45,48773.45,48762.2,210,48779.05,270,0,821550
BANKNIFTY-II.NFO,17/03/2025,09:46:46,48773.45,48763,210,48779.95,60,0,821550
BANKNIFTY-II.NFO,17/03/2025,09:46:48,48773.45,48762.1,210,48778.7,240,0,821550
BANKNIFTY-II.NFO,17/03/2025,09:46:50,48773.45,48763.25,210,48779.85,270,0,821550
BANKNIFTY-II.NFO,17/03/2025,09:46:51,48773.45,48764.85,210,48779.95,60,0,821550
BANKNIFTY-II.NFO,17/03/2025,09:46:53,48773.45,48765.85,210,48780,60,0,821550
BANKNIFTY-II.NFO,17/03/2025,09:46:54,48773.45,48765.3,270,48779.95,60,0,821550
BANKNIFTY-II.NFO,17/03/2025,09:46:56,48773.45,48764.1,210,48779.7,240,0,821550
BANKNIFTY-II.NFO,17/03/2025,09:46:58,48773.45,48761.2,210,48779.85,270,0,821550
BANKNIFTY-II.NFO,17/03/2025,09:46:59,48773.45,48763.6,210,48779.7,270,0,821550
BANKNIFTY-II.NFO,17/03/2025,09:47:01,48773.45,48761.3,240,48779.15,270,0,821550
BANKNIFTY-II.NFO,17/03/2025,09:47:03,48773.45,48763.1,270,48779.4,60,0,821550
BANKNIFTY-II.NFO,17/03/2025,09:47:04,48773.45,48762.1,210,48778.35,240,0,821550
BANKNIFTY-II.NFO,17/03/2025,09:47:06,48773.45,48762.75,30,48776.45,270,0,821550
BANKNIFTY-II.NFO,17/03/2025,09:47:08,48773.45,48760.1,30,48774.95,240,0,821550
BANKNIFTY-II.NFO,17/03/2025,09:47:09,48773.45,48760.1,30,48773.8,240,0,821550
BANKNIFTY-II.NFO,17/03/2025,09:47:11,48760,48753.95,210,48770.9,240,150,821550
BANKNIFTY-II.NFO,17/03/2025,09:47:13,48760,48752.1,210,48769.4,270,0,821550
BANKNIFTY-II.NFO,17/03/2025,09:47:14,48760,48750.05,240,48767.8,240,0,821550
BANKNIFTY-II.NFO,17/03/2025,09:47:16,48760,48750.25,240,48768.55,240,0,821550
BANKNIFTY-II.NFO,17/03/2025,09:47:18,48760,48750.3,210,48767.25,270,0,821550
BANKNIFTY-II.NFO,17/03/2025,09:47:19,48760,48752.45,210,48770.6,240,0,821550
BANKNIFTY-II.NFO,17/03/2025,09:47:21,48760,48760,30,48768.7,270,0,821550
BANKNIFTY-II.NFO,17/03/2025,09:47:23,48760,48760,30,48767.1,270,0,821550
BANKNIFTY-II.NFO,17/03/2025,09:47:24,48760,48760,30,48765.3,240,0,821550
BANKNIFTY-II.NFO,17/03/2025,09:47:26,48760,48760,30,48767.45,270,0,821550
BANKNIFTY-II.NFO,17/03/2025,09:47:28,48760,48752.1,210,48765.75,270,30,821550
BANKNIFTY-II.NFO,17/03/2025,09:47:29,48760,48750.45,210,48768.85,240,0,821550
BANKNIFTY-II.NFO,17/03/2025,09:47:31,48760,48759.7,210,48775.75,240,0,821550
BANKNIFTY-II.NFO,17/03/2025,09:47:33,48760,48761.25,210,48776,240,0,821550
BANKNIFTY-II.NFO,17/03/2025,09:47:34,48760,48758.9,210,48772.8,270,0,821550
BANKNIFTY-II.NFO,17/03/2025,09:47:36,48760,48765.1,30,48775.8,240,0,821550
BANKNIFTY-II.NFO,17/03/2025,09:47:38,48760,48760.05,30,48774.1,270,0,821550
BANKNIFTY-II.NFO,17/03/2025,09:47:39,48760,48760.05,210,48772.7,30,0,821550
BANKNIFTY-II.NFO,17/03/2025,09:47:41,48760,48760,30,48772.45,270,0,821550
BANKNIFTY-II.NFO,17/03/2025,09:47:43,48760,48760,30,48771.55,30,0,821550
BANKNIFTY-II.NFO,17/03/2025,09:47:44,48760,48760.05,30,48771.25,270,0,821550
BANKNIFTY-II.NFO,17/03/2025,09:47:46,48769.75,48760,30,48770.15,270,30,821550
BANKNIFTY-II.NFO,17/03/2025,09:47:48,48769.75,48760.05,240,48773.3,240,0,821550
BANKNIFTY-II.NFO,17/03/2025,09:47:49,48769.75,48760.25,240,48777.75,300,0,821550
BANKNIFTY-II.NFO,17/03/2025,09:47:51,48769.75,48763.85,240,48779.9,90,0,821550
BANKNIFTY-II.NFO,17/03/2025,09:47:53,48769.75,48770.1,240,48779.95,30,0,821550
BANKNIFTY-II.NFO,17/03/2025,09:47:54,48769.75,48770.1,240,48780,120,0,821550
BANKNIFTY-II.NFO,17/03/2025,09:47:59,48769.75,48776.4,240,48780,120,0,821550
BANKNIFTY-II.NFO,17/03/2025,09:48:01,48769.75,48770.2,240,48780,120,0,821550
BANKNIFTY-II.NFO,17/03/2025,09:48:03,48769.75,48770.1,240,48780,120,0,821550
BANKNIFTY-II.NFO,17/03/2025,09:48:04,48769.75,48770.75,240,48780,120,0,821550
BANKNIFTY-II.NFO,17/03/2025,09:48:06,48769.75,48776.25,240,48780,120,0,821550
BANKNIFTY-II.NFO,17/03/2025,09:48:08,48769.75,48776,240,48780,120,0,821550
BANKNIFTY-II.NFO,17/03/2025,09:48:09,48780,48779.45,240,48787.55,30,120,821550
BANKNIFTY-II.NFO,17/03/2025,09:48:11,48780,48781.15,240,48787.55,30,0,821550
BANKNIFTY-II.NFO,17/03/2025,09:48:12,48780,48781.65,240,48787.55,30,0,821550
BANKNIFTY-II.NFO,17/03/2025,09:48:14,48780,48781.3,30,48787.55,30,0,821550
BANKNIFTY-II.NFO,17/03/2025,09:48:16,48787.55,48782.1,30,48797.05,270,30,821550
BANKNIFTY-II.NFO,17/03/2025,09:48:17,48795.35,48781.75,240,48797.9,240,30,821550
BANKNIFTY-II.NFO,17/03/2025,09:48:19,48795.35,48784.25,240,48799.15,240,0,821550
BANKNIFTY-II.NFO,17/03/2025,09:48:21,48795.35,48781.15,240,48796.55,240,0,821550
BANKNIFTY-II.NFO,17/03/2025,09:48:22,48796.35,48781.05,30,48794.8,150,90,821550
BANKNIFTY-II.NFO,17/03/2025,09:48:24,48796.35,48784.05,30,48797,150,0,821550
BANKNIFTY-II.NFO,17/03/2025,09:48:26,48799.85,48778.1,240,48796.65,90,30,821910
BANKNIFTY-II.NFO,17/03/2025,09:48:27,48799.85,48782.05,30,48795.7,120,0,821910
BANKNIFTY-II.NFO,17/03/2025,09:48:29,48799.85,48782,30,48796.8,120,0,821910
BANKNIFTY-II.NFO,17/03/2025,09:48:31,48799.85,48782.05,30,48795,90,0,821910
BANKNIFTY-II.NFO,17/03/2025,09:48:32,48799.85,48782,30,48793.4,120,0,821910
BANKNIFTY-II.NFO,17/03/2025,09:48:34,48799.85,48782,30,48791.2,90,0,821910
BANKNIFTY-II.NFO,17/03/2025,09:48:36,48799.85,48782.05,30,48793.5,90,0,821910
BANKNIFTY-II.NFO,17/03/2025,09:48:37,48799.85,48783.35,240,48797.15,90,0,821910
BANKNIFTY-II.NFO,17/03/2025,09:48:39,48799.85,48782.55,240,48796.1,90,0,821910
BANKNIFTY-II.NFO,17/03/2025,09:48:41,48795.9,48786.25,30,48796.25,30,30,821910
BANKNIFTY-II.NFO,17/03/2025,09:48:42,48795.9,48782.2,240,48796.3,60,0,821910
BANKNIFTY-II.NFO,17/03/2025,09:48:44,48795.9,48783,30,48796.4,60,0,821910
BANKNIFTY-II.NFO,17/03/2025,09:48:46,48782.05,48782,30,48794.8,60,30,821910
BANKNIFTY-II.NFO,17/03/2025,09:48:47,48782.05,48782.05,270,48798.7,60,0,821910
BANKNIFTY-II.NFO,17/03/2025,09:48:49,48782.05,48788.65,30,48799.1,60,0,821910
BANKNIFTY-II.NFO,17/03/2025,09:48:51,48796.3,48785.65,240,48799.95,30,90,821910
BANKNIFTY-II.NFO,17/03/2025,09:48:52,48796.3,48784.1,240,48799.9,90,0,821910
BANKNIFTY-II.NFO,17/03/2025,09:48:54,48784.55,48784.8,240,48799.9,90,30,821910
BANKNIFTY-II.NFO,17/03/2025,09:48:56,48784.55,48785.9,240,48799.95,30,0,821910
BANKNIFTY-II.NFO,17/03/2025,09:48:57,48784.55,48787.15,30,48799.95,30,0,821910
BANKNIFTY-II.NFO,17/03/2025,09:48:59,48784.55,48784.1,30,48791.55,60,0,821910
BANKNIFTY-II.NFO,17/03/2025,09:49:01,48784.1,48784.1,30,48799.05,90,60,821910
BANKNIFTY-II.NFO,17/03/2025,09:49:03,48785.1,48785,30,48798.95,240,30,821910
BANKNIFTY-II.NFO,17/03/2025,09:49:04,48785.1,48785,30,48796.5,90,0,821910
BANKNIFTY-II.NFO,17/03/2025,09:49:06,48785.1,48785,30,48796.3,240,0,821910
BANKNIFTY-II.NFO,17/03/2025,09:49:08,48785.1,48785,30,48798.1,30,0,821910
BANKNIFTY-II.NFO,17/03/2025,09:49:09,48785.1,48788,30,48799.9,60,0,821910
BANKNIFTY-II.NFO,17/03/2025,09:49:12,48785.1,48788,30,48799.75,60,0,821910
BANKNIFTY-II.NFO,17/03/2025,09:49:16,48785.1,48788,30,48799.75,90,0,821910
BANKNIFTY-II.NFO,17/03/2025,09:49:17,48799.75,48788,30,48798.45,30,30,821910
BANKNIFTY-II.NFO,17/03/2025,09:49:19,48796.6,48785,30,48795.9,90,30,821910
BANKNIFTY-II.NFO,17/03/2025,09:49:21,48796.6,48785,30,48795.85,60,0,821910
BANKNIFTY-II.NFO,17/03/2025,09:49:22,48796.6,48785,30,48796.05,60,0,821910
BANKNIFTY-II.NFO,17/03/2025,09:49:24,48796.6,48785.05,30,48797.2,90,0,821910
BANKNIFTY-II.NFO,17/03/2025,09:49:26,48796.6,48785,30,48795,60,0,821910
BANKNIFTY-II.NFO,17/03/2025,09:49:27,48796.6,48785,30,48793.55,90,0,821910
BANKNIFTY-II.NFO,17/03/2025,09:49:29,48796.6,48785,30,48792.9,60,0,821910
BANKNIFTY-II.NFO,17/03/2025,09:49:31,48796.6,48785.05,30,48798.1,90,0,821910
BANKNIFTY-II.NFO,17/03/2025,09:49:32,48796.6,48789.35,30,48800,120,0,821910
BANKNIFTY-II.NFO,17/03/2025,09:49:34,48785,48782.9,240,48799.95,60,60,821910
BANKNIFTY-II.NFO,17/03/2025,09:49:36,48785,48782.05,30,48799.1,60,0,821910
BANKNIFTY-II.NFO,17/03/2025,09:49:37,48785,48782.05,30,48798.35,60,0,821910
BANKNIFTY-II.NFO,17/03/2025,09:49:39,48785,48781.7,240,48797.9,90,0,821910
BANKNIFTY-II.NFO,17/03/2025,09:49:41,48785,48781.25,30,48797.15,90,0,821910
BANKNIFTY-II.NFO,17/03/2025,09:49:42,48785,48778.1,30,48795.85,60,0,821910
BANKNIFTY-II.NFO,17/03/2025,09:49:44,48785,48776.05,30,48793.85,60,0,821910
BANKNIFTY-II.NFO,17/03/2025,09:49:46,48785,48777.25,240,48794.2,90,0,821910
BANKNIFTY-II.NFO,17/03/2025,09:49:47,48785,48777.8,240,48794.2,90,0,821910
BANKNIFTY-II.NFO,17/03/2025,09:49:49,48785,48778.1,30,48793.95,60,0,821910
BANKNIFTY-II.NFO,17/03/2025,09:49:51,48785,48768.15,30,48788.4,60,0,821910
BANKNIFTY-II.NFO,17/03/2025,09:49:52,48785,48770.2,240,48787.8,60,0,821910
BANKNIFTY-II.NFO,17/03/2025,09:49:54,48785,48773,240,48785,30,0,821910
BANKNIFTY-II.NFO,17/03/2025,09:49:56,48785,48775.1,240,48785,30,0,821910
BANKNIFTY-II.NFO,17/03/2025,09:49:57,48785,48772.55,240,48785,30,0,821910
BANKNIFTY-II.NFO,17/03/2025,09:49:59,48785,48772.7,240,48789.55,90,30,821910
BANKNIFTY-II.NFO,17/03/2025,09:50:00,48785,48774.7,240,48788.55,30,0,821910
BANKNIFTY-II.NFO,17/03/2025,09:50:02,48785,48772.2,240,48790.15,90,0,821910
BANKNIFTY-II.NFO,17/03/2025,09:50:04,48785,48774.15,240,48784.95,30,0,821910
BANKNIFTY-II.NFO,17/03/2025,09:50:05,48785,48777.4,240,48785,30,0,821910
BANKNIFTY-II.NFO,17/03/2025,09:50:07,48785,48778.6,240,48795.3,90,30,821910
BANKNIFTY-II.NFO,17/03/2025,09:50:09,48785,48779,240,48795.1,60,0,821910
BANKNIFTY-II.NFO,17/03/2025,09:50:10,48785,48780,240,48796.15,60,0,821910
BANKNIFTY-II.NFO,17/03/2025,09:50:12,48780.2,48778.1,240,48795.1,30,30,821910
BANKNIFTY-II.NFO,17/03/2025,09:50:14,48780.2,48775,240,48791.8,30,0,821910
BANKNIFTY-II.NFO,17/03/2025,09:50:16,48780.2,48775.9,240,48790.9,60,0,821910
BANKNIFTY-II.NFO,17/03/2025,09:50:17,48780.2,48773.95,240,48790.1,30,0,821910
BANKNIFTY-II.NFO,17/03/2025,09:50:19,48780.2,48777.55,270,48790.45,30,0,821910
BANKNIFTY-II.NFO,17/03/2025,09:50:21,48780.2,48776.4,240,48790.4,60,0,821910
BANKNIFTY-II.NFO,17/03/2025,09:50:22,48780.2,48775.8,240,48790.4,60,0,821910
BANKNIFTY-II.NFO,17/03/2025,09:50:24,48780.2,48778.45,240,48790.45,30,0,821910
BANKNIFTY-II.NFO,17/03/2025,09:50:26,48780.2,48779.65,240,48790.45,30,0,821910
BANKNIFTY-II.NFO,17/03/2025,09:50:27,48780.2,48777.65,270,48790.75,30,0,821910
BANKNIFTY-II.NFO,17/03/2025,09:50:29,48780.2,48772.05,240,48784,30,0,821910
BANKNIFTY-II.NFO,17/03/2025,09:50:31,48780.2,48771.55,30,48783.7,30,0,821910
BANKNIFTY-II.NFO,17/03/2025,09:50:32,48780.2,48771.55,30,48783.65,60,0,821910
BANKNIFTY-II.NFO,17/03/2025,09:50:34,48780.2,48771.5,30,48783.95,30,0,821910
BANKNIFTY-II.NFO,17/03/2025,09:50:36,48780.2,48771.55,30,48783.95,30,0,821910
BANKNIFTY-II.NFO,17/03/2025,09:50:37,48780.2,48772.4,240,48784,30,0,821910
BANKNIFTY-II.NFO,17/03/2025,09:50:39,48780.2,48770.05,30,48783.25,30,0,821910
BANKNIFTY-II.NFO,17/03/2025,09:50:40,48780.2,48770.4,240,48783.95,30,0,821910
BANKNIFTY-II.NFO,17/03/2025,09:50:42,48770.6,48769.95,300,48780,30,90,821910
BANKNIFTY-II.NFO,17/03/2025,09:50:44,48770.6,48770.2,240,48780,30,0,821910
BANKNIFTY-II.NFO,17/03/2025,09:50:45,48770.6,48769.35,240,48780,30,0,821910
BANKNIFTY-II.NFO,17/03/2025,09:50:47,48770.6,48768.65,270,48778,30,0,821910
