Ticker,Date,Time,LTP,BuyPrice,BuyQty,SellPrice,SellQty,LTQ,OpenInterest
BANKNIFTY-III.NFO,25/09/2024,09:15:00,54450,54356.2,60,54405.5,30,15,0
BANKNIFTY-III.NFO,25/09/2024,09:15:00,54450,54356.2,60,54405.5,30,0,0
BANKNIFTY-III.NFO,25/09/2024,09:15:00,54450,54356.2,60,54405.5,30,0,0
BANKNIFTY-III.NFO,25/09/2024,09:15:00,54450,54356.2,60,54405.5,30,0,0
BANKNIFTY-III.NFO,25/09/2024,09:15:01,54395,54361.8,60,54395,45,60,181500
BANKNIFTY-III.NFO,25/09/2024,09:15:01,54380.8,54361.8,60,54395,45,0,181500
BANKNIFTY-III.NFO,25/09/2024,09:15:02,54400,54369.8,60,54410.7,45,15,181500
BANKNIFTY-III.NFO,25/09/2024,09:15:03,54371.1,54371.05,30,54413.75,60,75,181500
BANKNIFTY-III.NFO,25/09/2024,09:15:03,54371.1,54371.05,30,54413.75,60,0,181500
BANKNIFTY-III.NFO,25/09/2024,09:15:05,54371.1,54371.1,15,54403.85,60,45,181500
BANKNIFTY-III.NFO,25/09/2024,09:15:06,54371.1,54369.8,30,54399.95,60,15,181500
BANKNIFTY-III.NFO,25/09/2024,09:15:07,54399.95,54374.85,15,54400,15,15,181500
BANKNIFTY-III.NFO,25/09/2024,09:15:09,54421.55,54388.5,45,54422.25,60,45,181500
BANKNIFTY-III.NFO,25/09/2024,09:15:10,54421.55,54400,15,54415.7,60,0,181500
BANKNIFTY-III.NFO,25/09/2024,09:15:11,54421.55,54401.35,45,54422.7,60,0,181500
BANKNIFTY-III.NFO,25/09/2024,09:15:13,54391.85,54391.1,15,54423.1,60,330,181500
BANKNIFTY-III.NFO,25/09/2024,09:15:14,54414.1,54400,15,54412.9,60,15,181500
BANKNIFTY-III.NFO,25/09/2024,09:15:16,54378.65,54378.75,15,54407.7,60,30,181500
BANKNIFTY-III.NFO,25/09/2024,09:15:17,54378.65,54376.5,15,54408.15,60,0,181500
BANKNIFTY-III.NFO,25/09/2024,09:15:19,54378.65,54368.9,15,54399.35,60,0,181500
BANKNIFTY-III.NFO,25/09/2024,09:15:20,54399.5,54377.2,30,54399.5,60,15,181500
BANKNIFTY-III.NFO,25/09/2024,09:15:21,54399.4,54383.75,45,54421.05,60,15,181500
BANKNIFTY-III.NFO,25/09/2024,09:15:23,54399.4,54384.4,45,54400,15,0,181500
BANKNIFTY-III.NFO,25/09/2024,09:15:24,54399.95,54378.25,45,54399.75,60,15,181440
BANKNIFTY-III.NFO,25/09/2024,09:15:26,54403.55,54381.85,60,54402.2,15,105,181440
BANKNIFTY-III.NFO,25/09/2024,09:15:27,54403.55,54378.7,60,54401.7,15,0,181440
BANKNIFTY-III.NFO,25/09/2024,09:15:29,54403.55,54376.65,60,54400.85,15,0,181440
BANKNIFTY-III.NFO,25/09/2024,09:15:30,54400.7,54392.5,30,54408.45,135,30,181440
BANKNIFTY-III.NFO,25/09/2024,09:15:32,54399.5,54399.4,15,54407.9,120,45,181440
BANKNIFTY-III.NFO,25/09/2024,09:15:33,54399.4,54396.15,60,54403.5,15,30,181440
BANKNIFTY-III.NFO,25/09/2024,09:15:35,54403.3,54392.55,60,54403.55,15,30,181440
BANKNIFTY-III.NFO,25/09/2024,09:15:36,54403.3,54392.55,75,54403.5,15,0,181440
BANKNIFTY-III.NFO,25/09/2024,09:15:38,54403.3,54392.55,165,54403.5,15,0,181440
BANKNIFTY-III.NFO,25/09/2024,09:15:39,54403.3,54399.4,15,54399.5,15,0,181440
BANKNIFTY-III.NFO,25/09/2024,09:15:41,54403.3,54399.4,30,54403.55,15,0,181440
BANKNIFTY-III.NFO,25/09/2024,09:15:42,54403.55,54400,15,54405.6,135,15,181440
BANKNIFTY-III.NFO,25/09/2024,09:15:43,54403.55,54400.05,60,54410.55,135,0,181440
BANKNIFTY-III.NFO,25/09/2024,09:15:45,54403.55,54400.05,75,54414.1,390,0,181440
BANKNIFTY-III.NFO,25/09/2024,09:15:46,54403.55,54400,15,54410.75,150,0,181440
BANKNIFTY-III.NFO,25/09/2024,09:15:48,54398,54398,15,54403.7,150,75,181440
BANKNIFTY-III.NFO,25/09/2024,09:15:49,54398,54391,15,54400.95,135,30,181440
BANKNIFTY-III.NFO,25/09/2024,09:15:51,54403.65,54390.05,75,54408.25,15,30,181440
BANKNIFTY-III.NFO,25/09/2024,09:15:52,54407,54390,30,54404.2,15,15,181440
BANKNIFTY-III.NFO,25/09/2024,09:15:54,54409.15,54390,45,54398.75,120,60,181440
BANKNIFTY-III.NFO,25/09/2024,09:15:55,54409.15,54390.05,60,54407.7,15,0,181440
BANKNIFTY-III.NFO,25/09/2024,09:15:56,54406.25,54400,15,54404.15,120,15,181440
BANKNIFTY-III.NFO,25/09/2024,09:15:58,54397.6,54390,30,54397.65,45,60,181440
BANKNIFTY-III.NFO,25/09/2024,09:15:59,54397.6,54390,30,54396.1,60,0,181440
BANKNIFTY-III.NFO,25/09/2024,09:16:01,54399.7,54390,30,54401.1,150,120,181440
BANKNIFTY-III.NFO,25/09/2024,09:16:02,54399.7,54397.6,30,54406.3,150,0,181440
BANKNIFTY-III.NFO,25/09/2024,09:16:04,54403,54397.6,15,54400.9,120,15,181440
BANKNIFTY-III.NFO,25/09/2024,09:16:05,54397.6,54390,30,54392.6,135,15,181440
BANKNIFTY-III.NFO,25/09/2024,09:16:07,54397.6,54390,30,54396.55,135,0,181440
BANKNIFTY-III.NFO,25/09/2024,09:16:08,54397.6,54390,30,54395.35,135,0,181440
BANKNIFTY-III.NFO,25/09/2024,09:16:10,54397.6,54390,30,54403.3,120,0,181440
BANKNIFTY-III.NFO,25/09/2024,09:16:11,54397.6,54390,30,54401.6,30,0,181440
BANKNIFTY-III.NFO,25/09/2024,09:16:13,54397.6,54390,30,54399.9,120,0,181440
BANKNIFTY-III.NFO,25/09/2024,09:16:14,54397.6,54390,30,54404.6,30,0,181440
BANKNIFTY-III.NFO,25/09/2024,09:16:16,54397.6,54397.6,15,54403.05,30,0,181440
BANKNIFTY-III.NFO,25/09/2024,09:16:17,54397.6,54397.6,15,54406.4,30,0,181440
BANKNIFTY-III.NFO,25/09/2024,09:16:19,54397.6,54397.6,15,54407.3,30,0,181440
BANKNIFTY-III.NFO,25/09/2024,09:16:20,54408.15,54397.6,15,54410,30,15,181440
BANKNIFTY-III.NFO,25/09/2024,09:16:22,54403.3,54397.65,30,54410,30,15,181440
BANKNIFTY-III.NFO,25/09/2024,09:16:23,54403.3,54397.65,30,54410,30,0,181440
BANKNIFTY-III.NFO,25/09/2024,09:16:24,54403.3,54397.6,15,54410,30,0,181440
BANKNIFTY-III.NFO,25/09/2024,09:16:26,54403.3,54397.65,30,54410,30,0,181440
BANKNIFTY-III.NFO,25/09/2024,09:16:27,54410,54391.6,15,54410,15,45,181440
BANKNIFTY-III.NFO,25/09/2024,09:16:29,54391.6,54390.05,30,54409.95,30,15,181440
BANKNIFTY-III.NFO,25/09/2024,09:16:30,54391.6,54391.75,30,54410,15,0,181440
BANKNIFTY-III.NFO,25/09/2024,09:16:32,54391.6,54394.05,45,54410,15,0,181440
BANKNIFTY-III.NFO,25/09/2024,09:16:33,54391.6,54396.15,30,54410,15,0,181440
BANKNIFTY-III.NFO,25/09/2024,09:16:34,54391.6,54397.55,15,54410,15,0,181440
BANKNIFTY-III.NFO,25/09/2024,09:16:36,54391.6,54398.4,15,54410,15,0,181440
BANKNIFTY-III.NFO,25/09/2024,09:16:37,54398.4,54397.55,15,54410,15,15,181440
BANKNIFTY-III.NFO,25/09/2024,09:16:39,54398.4,54394.05,15,54410,15,0,181440
BANKNIFTY-III.NFO,25/09/2024,09:16:40,54398.4,54394.1,30,54410,15,0,181440
BANKNIFTY-III.NFO,25/09/2024,09:16:42,54398.4,54394.05,15,54409.95,30,0,181440
BANKNIFTY-III.NFO,25/09/2024,09:16:43,54398.4,54392.85,15,54409.55,30,0,181440
BANKNIFTY-III.NFO,25/09/2024,09:16:44,54398.4,54395,30,54409.95,30,0,181440
BANKNIFTY-III.NFO,25/09/2024,09:16:46,54409.95,54395,30,54410,15,15,181440
BANKNIFTY-III.NFO,25/09/2024,09:16:47,54409.75,54395,15,54409.75,15,30,181440
BANKNIFTY-III.NFO,25/09/2024,09:16:49,54410.5,54398.5,150,54409.55,30,15,181440
BANKNIFTY-III.NFO,25/09/2024,09:16:50,54410.5,54398.5,150,54404.9,105,0,181440
BANKNIFTY-III.NFO,25/09/2024,09:16:52,54410.5,54398.5,150,54405.45,135,0,181440
BANKNIFTY-III.NFO,25/09/2024,09:16:53,54410.5,54398.5,150,54408.35,105,0,181440
BANKNIFTY-III.NFO,25/09/2024,09:16:55,54405,54398.5,150,54404.8,120,15,181440
BANKNIFTY-III.NFO,25/09/2024,09:16:56,54405,54398.5,150,54409.3,120,0,181440
BANKNIFTY-III.NFO,25/09/2024,09:16:58,54408.85,54395,15,54405.6,60,165,181440
BANKNIFTY-III.NFO,25/09/2024,09:16:59,54408.85,54395,30,54409.75,60,0,181440
BANKNIFTY-III.NFO,25/09/2024,09:17:00,54408.85,54395.05,105,54408.6,60,0,181440
BANKNIFTY-III.NFO,25/09/2024,09:17:02,54408.85,54395,15,54404.55,60,0,181440
BANKNIFTY-III.NFO,25/09/2024,09:17:03,54408.85,54395.05,90,54404.15,60,0,181440
BANKNIFTY-III.NFO,25/09/2024,09:17:05,54408.85,54395.95,105,54408.85,30,0,181440
BANKNIFTY-III.NFO,25/09/2024,09:17:06,54408.85,54400,15,54408.85,30,0,181440
BANKNIFTY-III.NFO,25/09/2024,09:17:08,54408.85,54400.05,30,54408.85,15,15,181440
BANKNIFTY-III.NFO,25/09/2024,09:17:09,54408.85,54400.05,120,54408.85,30,0,181440
BANKNIFTY-III.NFO,25/09/2024,09:17:14,54400.05,54400.05,30,54408.85,15,15,181440
BANKNIFTY-III.NFO,25/09/2024,09:17:15,54400.05,54400.05,30,54408.85,15,0,181440
BANKNIFTY-III.NFO,25/09/2024,09:17:17,54408.85,54400.05,30,54414.1,240,15,181440
BANKNIFTY-III.NFO,25/09/2024,09:17:18,54408.85,54400,30,54414.1,240,0,181440
BANKNIFTY-III.NFO,25/09/2024,09:17:20,54408.85,54400.05,30,54414.1,240,0,181440
BANKNIFTY-III.NFO,25/09/2024,09:17:21,54408.85,54400,15,54414.1,240,0,181440
BANKNIFTY-III.NFO,25/09/2024,09:17:23,54390.4,54390.05,30,54408.2,15,255,181440
BANKNIFTY-III.NFO,25/09/2024,09:17:24,54390.4,54390.05,45,54406.65,15,0,181440
BANKNIFTY-III.NFO,25/09/2024,09:17:26,54390.05,54390,105,54406.65,15,15,181440
BANKNIFTY-III.NFO,25/09/2024,09:17:27,54390.05,54390.05,15,54408.2,45,15,181440
BANKNIFTY-III.NFO,25/09/2024,09:17:29,54390.05,54390.2,30,54406,240,0,181440
BANKNIFTY-III.NFO,25/09/2024,09:17:30,54390.05,54393.55,165,54406,240,0,181440
BANKNIFTY-III.NFO,25/09/2024,09:17:32,54390.05,54396.05,315,54406,240,0,181440
BANKNIFTY-III.NFO,25/09/2024,09:17:33,54390.05,54396.65,300,54406,240,0,181440
BANKNIFTY-III.NFO,25/09/2024,09:17:35,54390.05,54396.75,300,54406,240,0,181440
BANKNIFTY-III.NFO,25/09/2024,09:17:36,54406,54399.5,165,54406,225,15,181440
BANKNIFTY-III.NFO,25/09/2024,09:17:38,54406,54400.55,300,54406,180,45,181440
BANKNIFTY-III.NFO,25/09/2024,09:17:39,54406,54401.45,315,54406,180,0,181440
BANKNIFTY-III.NFO,25/09/2024,09:17:41,54406,54402.45,315,54406,180,0,181440
BANKNIFTY-III.NFO,25/09/2024,09:17:42,54402.85,54403.15,315,54415,225,210,181440
BANKNIFTY-III.NFO,25/09/2024,09:17:44,54402.85,54403.15,15,54415,225,0,181440
BANKNIFTY-III.NFO,25/09/2024,09:17:50,54402.85,54402.85,15,54414.95,15,0,181440
BANKNIFTY-III.NFO,25/09/2024,09:17:51,54415,54402.85,15,54415,225,15,181440
BANKNIFTY-III.NFO,25/09/2024,09:17:53,54415,54402.85,15,54415,210,0,181440
BANKNIFTY-III.NFO,25/09/2024,09:17:54,54415,54405.6,315,54415,210,0,181440
BANKNIFTY-III.NFO,25/09/2024,09:17:56,54415,54405.6,15,54415,210,0,181440
BANKNIFTY-III.NFO,25/09/2024,09:17:57,54415,54399.55,30,54415,210,0,181440
BANKNIFTY-III.NFO,25/09/2024,09:17:59,54415,54401,30,54415,195,60,181440
BANKNIFTY-III.NFO,25/09/2024,09:18:00,54415,54400,30,54415,210,0,181440
BANKNIFTY-III.NFO,25/09/2024,09:18:02,54415,54402.3,15,54415,195,0,181440
BANKNIFTY-III.NFO,25/09/2024,09:18:03,54415,54402.3,15,54415,180,15,181440
BANKNIFTY-III.NFO,25/09/2024,09:18:05,54415,54405.6,30,54415,165,15,181440
BANKNIFTY-III.NFO,25/09/2024,09:18:08,54415,54405.55,15,54415,180,0,181440
BANKNIFTY-III.NFO,25/09/2024,09:18:11,54405.55,54405.1,15,54415,180,15,181440
BANKNIFTY-III.NFO,25/09/2024,09:18:12,54405.55,54406.3,120,54415,180,0,181440
BANKNIFTY-III.NFO,25/09/2024,09:18:14,54405.55,54406.3,15,54415,180,0,181440
BANKNIFTY-III.NFO,25/09/2024,09:18:17,54415,54405.65,15,54415,165,15,181440
BANKNIFTY-III.NFO,25/09/2024,09:18:18,54415,54405.65,15,54415,165,0,181440
BANKNIFTY-III.NFO,25/09/2024,09:18:20,54415,54403,15,54415,165,0,181440
BANKNIFTY-III.NFO,25/09/2024,09:18:21,54415,54400,45,54415,180,0,181440
BANKNIFTY-III.NFO,25/09/2024,09:18:23,54415,54400.05,60,54414.95,45,0,181440
BANKNIFTY-III.NFO,25/09/2024,09:18:24,54399.4,54400.1,60,54414.95,75,150,181440
BANKNIFTY-III.NFO,25/09/2024,09:18:26,54399.4,54400.1,60,54414.95,75,0,181530
BANKNIFTY-III.NFO,25/09/2024,09:18:27,54414.95,54401.8,30,54414.95,45,15,181530
BANKNIFTY-III.NFO,25/09/2024,09:18:29,54405.65,54403.4,30,54414.95,45,30,181530
BANKNIFTY-III.NFO,25/09/2024,09:18:30,54405.65,54406.4,45,54414.95,45,0,181530
BANKNIFTY-III.NFO,25/09/2024,09:18:32,54405.65,54410.25,15,54414.95,45,0,181530
BANKNIFTY-III.NFO,25/09/2024,09:18:33,54411.15,54411.15,255,54414.95,150,150,181530
BANKNIFTY-III.NFO,25/09/2024,09:18:35,54411.15,54411.2,165,54414.95,150,0,181530
BANKNIFTY-III.NFO,25/09/2024,09:18:38,54411.15,54410,30,54414.95,150,0,181530
BANKNIFTY-III.NFO,25/09/2024,09:18:39,54411.15,54410.3,15,54414.95,150,0,181530
BANKNIFTY-III.NFO,25/09/2024,09:18:41,54411.15,54414.9,15,54414.95,150,0,181530
BANKNIFTY-III.NFO,25/09/2024,09:18:45,54414.9,54411.15,15,54414.95,150,15,181530
BANKNIFTY-III.NFO,25/09/2024,09:18:47,54414.9,54411.15,15,54414.95,150,0,181530
BANKNIFTY-III.NFO,25/09/2024,09:18:50,54414.9,54411.15,15,54414.95,150,15,181530
BANKNIFTY-III.NFO,25/09/2024,09:18:51,54414.9,54411.15,15,54414.95,150,0,181530
BANKNIFTY-III.NFO,25/09/2024,09:18:54,54414.9,54411.15,15,54414.95,165,0,181530
BANKNIFTY-III.NFO,25/09/2024,09:18:56,54414.95,54411.15,15,54414.95,135,15,181530
BANKNIFTY-III.NFO,25/09/2024,09:18:57,54414.9,54411.15,15,54414.95,135,15,181530
BANKNIFTY-III.NFO,25/09/2024,09:18:59,54414.95,54414.9,15,54414.95,90,45,181530
BANKNIFTY-III.NFO,25/09/2024,09:19:00,54414.9,54411.15,15,54414.95,105,15,181530
BANKNIFTY-III.NFO,25/09/2024,09:19:02,54414.9,54411.15,15,54414.95,105,0,181530
BANKNIFTY-III.NFO,25/09/2024,09:19:03,54410,54399.45,75,54413.65,30,45,181530
BANKNIFTY-III.NFO,25/09/2024,09:19:05,54414.9,54399.45,75,54413.95,30,495,181530
BANKNIFTY-III.NFO,25/09/2024,09:19:06,54414.9,54399.45,75,54413.95,30,0,181530
BANKNIFTY-III.NFO,25/09/2024,09:19:09,54414.9,54399.45,60,54413.15,30,0,181530
BANKNIFTY-III.NFO,25/09/2024,09:19:11,54414.9,54399.45,60,54411.75,30,0,181530
BANKNIFTY-III.NFO,25/09/2024,09:19:14,54414.9,54399.45,60,54410.45,30,0,181530
BANKNIFTY-III.NFO,25/09/2024,09:19:16,54414.9,54399.45,60,54410,30,0,181530
BANKNIFTY-III.NFO,25/09/2024,09:19:18,54414.9,54409.9,15,54414.15,30,0,181530
BANKNIFTY-III.NFO,25/09/2024,09:19:21,54414.9,54409.9,15,54413.2,30,0,181530
BANKNIFTY-III.NFO,25/09/2024,09:19:22,54414.9,54399.85,60,54412.25,30,0,181530
BANKNIFTY-III.NFO,25/09/2024,09:19:24,54412.15,54401.15,60,54413.85,45,15,181530
BANKNIFTY-III.NFO,25/09/2024,09:19:25,54412.15,54401.55,60,54413.85,45,0,181530
BANKNIFTY-III.NFO,25/09/2024,09:19:27,54412.15,54414.6,15,54414.7,15,0,181530
BANKNIFTY-III.NFO,25/09/2024,09:19:28,54414.7,54414.85,15,54414.95,90,15,181530
BANKNIFTY-III.NFO,25/09/2024,09:19:30,54414.7,54414.85,15,54414.9,15,0,181530
BANKNIFTY-III.NFO,25/09/2024,09:19:31,54414.95,54419.9,15,54420,15,105,181530
BANKNIFTY-III.NFO,25/09/2024,09:19:33,54414.95,54419.9,15,54420,15,0,181530
BANKNIFTY-III.NFO,25/09/2024,09:19:40,54415,54415,15,54420,15,45,181530
BANKNIFTY-III.NFO,25/09/2024,09:19:42,54415,54419.9,15,54420,15,0,181530
BANKNIFTY-III.NFO,25/09/2024,09:19:43,54419.9,54415,15,54420,15,15,181530
BANKNIFTY-III.NFO,25/09/2024,09:19:45,54419.9,54414.95,30,54420,15,0,181530
BANKNIFTY-III.NFO,25/09/2024,09:19:46,54420,54415.1,90,54423,225,15,181530
BANKNIFTY-III.NFO,25/09/2024,09:19:48,54420,54420,45,54423,225,0,181530
BANKNIFTY-III.NFO,25/09/2024,09:19:54,54423,54420,165,54423,210,15,181530
BANKNIFTY-III.NFO,25/09/2024,09:19:55,54423,54420,165,54423,210,0,181530
BANKNIFTY-III.NFO,25/09/2024,09:19:57,54423,54420.05,60,54423,210,0,181530
BANKNIFTY-III.NFO,25/09/2024,09:19:58,54423,54420.05,60,54423,165,45,181530
BANKNIFTY-III.NFO,25/09/2024,09:20:00,54423,54420.05,60,54423,165,0,181530
BANKNIFTY-III.NFO,25/09/2024,09:20:01,54423,54423.55,60,54425,60,165,181530
BANKNIFTY-III.NFO,25/09/2024,09:20:03,54425,54427.3,75,54443.75,15,60,181530
BANKNIFTY-III.NFO,25/09/2024,09:20:04,54433.6,54433.65,60,54444.4,15,15,181530
BANKNIFTY-III.NFO,25/09/2024,09:20:06,54433.6,54429.15,60,54444.35,30,0,181530
BANKNIFTY-III.NFO,25/09/2024,09:20:07,54442.15,54423.05,60,54438.85,45,15,181530
BANKNIFTY-III.NFO,25/09/2024,09:20:08,54429.15,54423.05,60,54429.15,15,15,181530
BANKNIFTY-III.NFO,25/09/2024,09:20:13,54429.15,54420.1,60,54436.2,15,15,181530
BANKNIFTY-III.NFO,25/09/2024,09:20:14,54429.15,54420.05,60,54431.8,45,0,181530
BANKNIFTY-III.NFO,25/09/2024,09:20:16,54434.1,54430.05,60,54443.45,15,30,181530
BANKNIFTY-III.NFO,25/09/2024,09:20:17,54434.1,54430.05,60,54435.85,90,0,181530
BANKNIFTY-III.NFO,25/09/2024,09:20:19,54434.1,54430.05,60,54436.15,45,0,181530
BANKNIFTY-III.NFO,25/09/2024,09:20:20,54432.65,54430.05,60,54436.5,150,30,181530
BANKNIFTY-III.NFO,25/09/2024,09:20:22,54432.65,54430.05,60,54442,15,0,181530
BANKNIFTY-III.NFO,25/09/2024,09:20:23,54432.65,54430.05,60,54444,75,0,181530
BANKNIFTY-III.NFO,25/09/2024,09:20:25,54432.65,54430.05,75,54444,75,0,181530
BANKNIFTY-III.NFO,25/09/2024,09:20:28,54444,54430.05,60,54430.1,15,15,181530
BANKNIFTY-III.NFO,25/09/2024,09:20:30,54438.8,54430.05,60,54441.5,15,90,181530
BANKNIFTY-III.NFO,25/09/2024,09:20:31,54438.8,54430.05,75,54443.7,30,0,181530
BANKNIFTY-III.NFO,25/09/2024,09:20:33,54438.05,54438.05,60,54444,60,15,181530
BANKNIFTY-III.NFO,25/09/2024,09:20:35,54438.05,54438.05,60,54440.1,15,0,181530
BANKNIFTY-III.NFO,25/09/2024,09:20:38,54450,54443.2,60,54450,15,105,181530
BANKNIFTY-III.NFO,25/09/2024,09:20:40,54450,54438.05,60,54450,30,0,181530
BANKNIFTY-III.NFO,25/09/2024,09:20:41,54450,54438.05,75,54450,30,0,181530
BANKNIFTY-III.NFO,25/09/2024,09:20:43,54450,54439.05,90,54450,15,0,181530
BANKNIFTY-III.NFO,25/09/2024,09:20:45,54453,54451.7,60,54470.4,15,30,181530
BANKNIFTY-III.NFO,25/09/2024,09:20:45,54453,54451.7,60,54470.4,15,0,181530
BANKNIFTY-III.NFO,25/09/2024,09:20:46,54472.7,54458.8,90,54478.4,30,15,181530
BANKNIFTY-III.NFO,25/09/2024,09:20:46,54472.7,54458.8,90,54478.4,30,0,181530
BANKNIFTY-III.NFO,25/09/2024,09:20:48,54450,54452.6,60,54467.75,45,30,181530
BANKNIFTY-III.NFO,25/09/2024,09:20:50,54450,54456.2,75,54473,15,0,181530
BANKNIFTY-III.NFO,25/09/2024,09:20:51,54450,54459.35,60,54475.1,45,0,181530
BANKNIFTY-III.NFO,25/09/2024,09:20:53,54464.85,54458.95,60,54464.5,30,30,181530
BANKNIFTY-III.NFO,25/09/2024,09:20:55,54464.85,54458.95,75,54474.75,45,0,181530
BANKNIFTY-III.NFO,25/09/2024,09:20:56,54464.85,54458.95,60,54464.85,15,0,181530
BANKNIFTY-III.NFO,25/09/2024,09:21:00,54458.9,54440.35,60,54456.05,15,180,181530
BANKNIFTY-III.NFO,25/09/2024,09:21:01,54458.9,54438.05,75,54453.4,15,0,181530
BANKNIFTY-III.NFO,25/09/2024,09:21:03,54453.4,54441.1,60,54458.05,30,15,181530
BANKNIFTY-III.NFO,25/09/2024,09:21:05,54453.4,54438,15,54451.35,30,0,181530
BANKNIFTY-III.NFO,25/09/2024,09:21:06,54453.4,54438,15,54444.7,30,0,181530
BANKNIFTY-III.NFO,25/09/2024,09:21:08,54438,54420.05,75,54436.05,30,15,181530
BANKNIFTY-III.NFO,25/09/2024,09:21:09,54438,54423.1,60,54440.8,30,0,181530
BANKNIFTY-III.NFO,25/09/2024,09:21:11,54438,54423.7,60,54440.15,15,0,181530
BANKNIFTY-III.NFO,25/09/2024,09:21:13,54438,54422.15,60,54438,30,0,181530
BANKNIFTY-III.NFO,25/09/2024,09:21:14,54438,54423.65,75,54438,30,0,181530
BANKNIFTY-III.NFO,25/09/2024,09:21:16,54438,54422.1,75,54438,30,0,181530
BANKNIFTY-III.NFO,25/09/2024,09:21:18,54438,54423.1,75,54437.3,15,0,181530
BANKNIFTY-III.NFO,25/09/2024,09:21:19,54438,54423.8,165,54438.65,15,15,181530
BANKNIFTY-III.NFO,25/09/2024,09:21:21,54438,54423.95,60,54440.6,15,0,181530
BANKNIFTY-III.NFO,25/09/2024,09:21:23,54438,54422.75,60,54437.9,60,0,181530
BANKNIFTY-III.NFO,25/09/2024,09:21:24,54438,54420.55,60,54436.9,60,0,181530
BANKNIFTY-III.NFO,25/09/2024,09:21:26,54438,54420.95,75,54436.25,15,0,181530
BANKNIFTY-III.NFO,25/09/2024,09:21:28,54438,54423,75,54439,15,0,181530
BANKNIFTY-III.NFO,25/09/2024,09:21:29,54438,54420.5,75,54436.7,45,0,181530
BANKNIFTY-III.NFO,25/09/2024,09:21:31,54438,54422.9,60,54440.8,15,0,181530
BANKNIFTY-III.NFO,25/09/2024,09:21:33,54438,54422.4,75,54438.3,15,0,181530
BANKNIFTY-III.NFO,25/09/2024,09:21:34,54437.9,54420.25,60,54436.25,15,15,182040
BANKNIFTY-III.NFO,25/09/2024,09:21:36,54437.9,54421.45,60,54437.4,15,0,182040
BANKNIFTY-III.NFO,25/09/2024,09:21:38,54437.9,54422.95,60,54439.9,15,0,182040
BANKNIFTY-III.NFO,25/09/2024,09:21:39,54437.9,54424.9,105,54442.05,15,0,182040
BANKNIFTY-III.NFO,25/09/2024,09:21:41,54437.9,54437.1,75,54450,30,0,182040
BANKNIFTY-III.NFO,25/09/2024,09:21:43,54437.9,54444.2,60,54450,30,0,182040
BANKNIFTY-III.NFO,25/09/2024,09:21:44,54437.9,54439.55,75,54450,30,0,182040
BANKNIFTY-III.NFO,25/09/2024,09:21:46,54437.9,54442.85,75,54450,30,0,182040
BANKNIFTY-III.NFO,25/09/2024,09:21:48,54437.9,54444.05,60,54450,30,0,182040
BANKNIFTY-III.NFO,25/09/2024,09:21:49,54437.9,54438.45,75,54450,30,0,182040
BANKNIFTY-III.NFO,25/09/2024,09:21:51,54437.9,54443.55,60,54450,30,0,182040
BANKNIFTY-III.NFO,25/09/2024,09:21:53,54450,54441.3,60,54459.25,60,30,182040
BANKNIFTY-III.NFO,25/09/2024,09:21:54,54450,54441.95,60,54459.25,15,0,182040
BANKNIFTY-III.NFO,25/09/2024,09:21:56,54450,54443.35,75,54460.5,15,0,182040
BANKNIFTY-III.NFO,25/09/2024,09:21:58,54450,54444.9,75,54460.5,15,0,182040
BANKNIFTY-III.NFO,25/09/2024,09:21:59,54450,54439.55,90,54457.05,15,0,182040
BANKNIFTY-III.NFO,25/09/2024,09:22:01,54450,54436.1,90,54454.75,30,0,182040
BANKNIFTY-III.NFO,25/09/2024,09:22:03,54453.05,54436.55,60,54454.8,15,15,182040
BANKNIFTY-III.NFO,25/09/2024,09:22:04,54453.05,54433.75,60,54452.8,30,0,182040
BANKNIFTY-III.NFO,25/09/2024,09:22:06,54450,54436.45,60,54453.5,30,15,182040
BANKNIFTY-III.NFO,25/09/2024,09:22:08,54450,54450,15,54452.35,45,0,182040
BANKNIFTY-III.NFO,25/09/2024,09:22:09,54450,54431.8,60,54449.85,30,15,182040
BANKNIFTY-III.NFO,25/09/2024,09:22:11,54433,54433.2,60,54451.05,15,15,182040
BANKNIFTY-III.NFO,25/09/2024,09:22:13,54433,54434,60,54451.4,45,0,182040
BANKNIFTY-III.NFO,25/09/2024,09:22:14,54433,54434.65,60,54451.4,15,0,182040
BANKNIFTY-III.NFO,25/09/2024,09:22:16,54433,54434,60,54451.25,15,0,182040
BANKNIFTY-III.NFO,25/09/2024,09:22:18,54433,54430.8,90,54448.65,15,0,182040
BANKNIFTY-III.NFO,25/09/2024,09:22:19,54433,54431.6,90,54447.3,15,0,182040
BANKNIFTY-III.NFO,25/09/2024,09:22:21,54433,54435.05,75,54449.85,30,0,182040
BANKNIFTY-III.NFO,25/09/2024,09:22:23,54433,54435.05,75,54451.8,15,0,182040
BANKNIFTY-III.NFO,25/09/2024,09:22:24,54433,54435.05,75,54451.2,15,0,182040
BANKNIFTY-III.NFO,25/09/2024,09:22:26,54433,54435.05,75,54449.1,30,0,182040
BANKNIFTY-III.NFO,25/09/2024,09:22:28,54448.65,54435.05,75,54450.3,15,15,182040
BANKNIFTY-III.NFO,25/09/2024,09:22:29,54431.6,54431.6,60,54448.75,45,90,182040
BANKNIFTY-III.NFO,25/09/2024,09:22:31,54431.6,54434,75,54449.7,30,0,182040
BANKNIFTY-III.NFO,25/09/2024,09:22:33,54431.6,54431.95,60,54447.9,30,0,182040
BANKNIFTY-III.NFO,25/09/2024,09:22:34,54431.6,54430.05,75,54445.5,30,0,182040
BANKNIFTY-III.NFO,25/09/2024,09:22:36,54431.6,54430,15,54441.75,30,0,182040
BANKNIFTY-III.NFO,25/09/2024,09:22:37,54431.6,54430.05,75,54446.3,30,0,182040
BANKNIFTY-III.NFO,25/09/2024,09:22:39,54431.6,54430.05,75,54447.2,30,0,182040
BANKNIFTY-III.NFO,25/09/2024,09:22:41,54431.6,54430.05,75,54446.95,30,0,182040
BANKNIFTY-III.NFO,25/09/2024,09:22:42,54431.6,54430.05,75,54443.9,30,0,182040
BANKNIFTY-III.NFO,25/09/2024,09:22:44,54431.6,54430,15,54443.1,30,0,182040
BANKNIFTY-III.NFO,25/09/2024,09:22:46,54431.6,54430,15,54441.55,30,0,182040
BANKNIFTY-III.NFO,25/09/2024,09:22:47,54430.05,54430,15,54440.7,60,45,182040
BANKNIFTY-III.NFO,25/09/2024,09:22:49,54430.05,54431.1,45,54447.3,60,0,182040
BANKNIFTY-III.NFO,25/09/2024,09:22:51,54430.05,54434.7,45,54451.2,60,0,182040
BANKNIFTY-III.NFO,25/09/2024,09:22:52,54430.05,54430.05,45,54443.15,75,0,182040
BANKNIFTY-III.NFO,25/09/2024,09:22:54,54430.05,54430.05,60,54445.05,60,0,182040
BANKNIFTY-III.NFO,25/09/2024,09:22:56,54444.55,54430.05,75,54444.3,45,30,182040
BANKNIFTY-III.NFO,25/09/2024,09:22:58,54444.55,54430,15,54441.35,60,0,182040
BANKNIFTY-III.NFO,25/09/2024,09:22:59,54444.55,54430,15,54439.25,45,0,182040
BANKNIFTY-III.NFO,25/09/2024,09:23:01,54444.55,54430,15,54440.4,45,0,182040
BANKNIFTY-III.NFO,25/09/2024,09:23:03,54444.55,54432,75,54447.5,45,0,182040
BANKNIFTY-III.NFO,25/09/2024,09:23:04,54444.55,54434.9,75,54450.6,45,0,182040
BANKNIFTY-III.NFO,25/09/2024,09:23:06,54444.55,54435.3,75,54451.5,45,0,182040
BANKNIFTY-III.NFO,25/09/2024,09:23:08,54444.55,54433.75,60,54450.35,45,0,182040
BANKNIFTY-III.NFO,25/09/2024,09:23:09,54444.55,54437.05,75,54453.5,45,0,182040
BANKNIFTY-III.NFO,25/09/2024,09:23:11,54434.95,54436.2,90,54444,30,15,182040
BANKNIFTY-III.NFO,25/09/2024,09:23:13,54434.95,54438,90,54444,30,0,182040
BANKNIFTY-III.NFO,25/09/2024,09:23:14,54434.95,54432.95,105,54444,30,0,182040
BANKNIFTY-III.NFO,25/09/2024,09:23:16,54434.95,54434.95,60,54444,30,0,182040
BANKNIFTY-III.NFO,25/09/2024,09:23:18,54434.95,54430.1,165,54444,45,0,182040
BANKNIFTY-III.NFO,25/09/2024,09:23:21,54434.95,54434.45,75,54444,30,0,182040
BANKNIFTY-III.NFO,25/09/2024,09:23:23,54434.95,54431.45,60,54444,30,0,182040
BANKNIFTY-III.NFO,25/09/2024,09:23:24,54434.95,54433.8,60,54444,30,0,182040
BANKNIFTY-III.NFO,25/09/2024,09:23:26,54434.95,54435.9,60,54444,30,0,182040
BANKNIFTY-III.NFO,25/09/2024,09:23:27,54444,54434.85,60,54444,15,15,182040
BANKNIFTY-III.NFO,25/09/2024,09:23:29,54444,54436.15,75,54444,15,0,182040
BANKNIFTY-III.NFO,25/09/2024,09:23:31,54444,54445.1,60,54461.4,15,15,182040
BANKNIFTY-III.NFO,25/09/2024,09:23:32,54444,54450.35,60,54466.2,15,0,182040
BANKNIFTY-III.NFO,25/09/2024,09:23:34,54472.5,54456,75,54472.35,60,15,182040
BANKNIFTY-III.NFO,25/09/2024,09:23:36,54472.5,54453.55,60,54470.75,60,0,182040
BANKNIFTY-III.NFO,25/09/2024,09:23:37,54451.15,54451.15,30,54466.85,60,30,182040
BANKNIFTY-III.NFO,25/09/2024,09:23:39,54451.15,54444.5,45,54460.85,60,0,182040
BANKNIFTY-III.NFO,25/09/2024,09:23:41,54451.15,54445.15,30,54460.85,60,0,182040
BANKNIFTY-III.NFO,25/09/2024,09:23:42,54451.15,54451.2,30,54462.05,60,0,182040
BANKNIFTY-III.NFO,25/09/2024,09:23:44,54451.2,54451.15,15,54464.6,60,30,182040
BANKNIFTY-III.NFO,25/09/2024,09:23:46,54451.2,54451.15,15,54457.85,60,0,182040
BANKNIFTY-III.NFO,25/09/2024,09:23:47,54451.2,54451.15,15,54456.15,15,0,182040
BANKNIFTY-III.NFO,25/09/2024,09:23:49,54455.7,54451.15,15,54458.85,75,30,182040
BANKNIFTY-III.NFO,25/09/2024,09:23:51,54455.7,54451.15,15,54455.75,15,0,182040
BANKNIFTY-III.NFO,25/09/2024,09:23:52,54455.7,54451.15,15,54460.55,60,0,182040
BANKNIFTY-III.NFO,25/09/2024,09:23:54,54451.15,54450,45,54464,75,15,182040
BANKNIFTY-III.NFO,25/09/2024,09:23:56,54451.15,54451.6,105,54466,75,0,182040
BANKNIFTY-III.NFO,25/09/2024,09:23:57,54451.15,54455.7,45,54466.8,60,0,182040
BANKNIFTY-III.NFO,25/09/2024,09:23:59,54451.15,54455.7,45,54466.2,75,0,182040
BANKNIFTY-III.NFO,25/09/2024,09:24:01,54451.15,54455.7,45,54465.65,60,0,182040
BANKNIFTY-III.NFO,25/09/2024,09:24:02,54455.7,54455.7,30,54465.8,75,15,182040
BANKNIFTY-III.NFO,25/09/2024,09:24:04,54455.7,54455.7,45,54469.05,75,0,182040
BANKNIFTY-III.NFO,25/09/2024,09:24:05,54455.7,54455.7,30,54467.5,60,0,182040
BANKNIFTY-III.NFO,25/09/2024,09:24:07,54455.7,54455.7,45,54469.65,75,0,182040
BANKNIFTY-III.NFO,25/09/2024,09:24:09,54468.05,54455.7,30,54464.75,75,15,182040
BANKNIFTY-III.NFO,25/09/2024,09:24:10,54468.05,54455.7,30,54465.2,75,0,182040
BANKNIFTY-III.NFO,25/09/2024,09:24:12,54468.05,54455.7,30,54465.35,60,0,182040
BANKNIFTY-III.NFO,25/09/2024,09:24:14,54468.05,54455.75,15,54468,75,0,182040
BANKNIFTY-III.NFO,25/09/2024,09:24:15,54468.05,54455.7,30,54468,120,0,182040
BANKNIFTY-III.NFO,25/09/2024,09:24:17,54467,54460,15,54466.85,75,15,182040
BANKNIFTY-III.NFO,25/09/2024,09:24:19,54467,54460,15,54467.4,105,0,182040
BANKNIFTY-III.NFO,25/09/2024,09:24:20,54467,54460,15,54464.35,60,0,182040
BANKNIFTY-III.NFO,25/09/2024,09:24:22,54467,54460,15,54466.05,60,0,182040
BANKNIFTY-III.NFO,25/09/2024,09:24:24,54449.1,54449.25,30,54465.85,60,225,182040
BANKNIFTY-III.NFO,25/09/2024,09:24:26,54449.1,54453.15,30,54468,60,0,182040
BANKNIFTY-III.NFO,25/09/2024,09:24:27,54449.1,54451.1,15,54467.8,60,0,182040
BANKNIFTY-III.NFO,25/09/2024,09:24:29,54449.1,54450,30,54464.8,60,0,182040
BANKNIFTY-III.NFO,25/09/2024,09:24:31,54463.75,54450.05,15,54463.7,60,15,182055
BANKNIFTY-III.NFO,25/09/2024,09:24:32,54463.75,54450.05,15,54464,60,0,182055
BANKNIFTY-III.NFO,25/09/2024,09:24:34,54463.75,54450.05,15,54464.05,75,0,182055
BANKNIFTY-III.NFO,25/09/2024,09:24:36,54463.75,54450.85,15,54466.05,60,0,182055
BANKNIFTY-III.NFO,25/09/2024,09:24:37,54463.75,54450.7,15,54465.75,60,0,182055
BANKNIFTY-III.NFO,25/09/2024,09:24:39,54463.75,54450.05,15,54463.9,60,0,182055
BANKNIFTY-III.NFO,25/09/2024,09:24:41,54463.75,54450,30,54460.95,60,0,182055
BANKNIFTY-III.NFO,25/09/2024,09:24:42,54463.75,54450,30,54456.9,60,0,182055
BANKNIFTY-III.NFO,25/09/2024,09:24:44,54463.75,54450,30,54459.2,60,0,182055
BANKNIFTY-III.NFO,25/09/2024,09:24:46,54450,54450,15,54461.65,60,15,182055
BANKNIFTY-III.NFO,25/09/2024,09:24:47,54450,54450,15,54458.5,60,0,182055
BANKNIFTY-III.NFO,25/09/2024,09:24:49,54450,54450,15,54457.8,75,0,182055
BANKNIFTY-III.NFO,25/09/2024,09:24:51,54450,54450,15,54457.3,60,0,182055
BANKNIFTY-III.NFO,25/09/2024,09:24:52,54450,54450,15,54459.65,75,0,182055
BANKNIFTY-III.NFO,25/09/2024,09:24:54,54459,54450,15,54458.95,60,15,182055
BANKNIFTY-III.NFO,25/09/2024,09:24:56,54459,54450,30,54458.25,60,0,182055
BANKNIFTY-III.NFO,25/09/2024,09:24:57,54459,54450,30,54454,75,0,182055
BANKNIFTY-III.NFO,25/09/2024,09:24:59,54459,54450,30,54456.7,60,0,182055
BANKNIFTY-III.NFO,25/09/2024,09:25:01,54459,54450,30,54456,75,0,182055
BANKNIFTY-III.NFO,25/09/2024,09:25:02,54459,54450,30,54454.5,75,0,182055
BANKNIFTY-III.NFO,25/09/2024,09:25:04,54459,54450,30,54458.55,120,0,182055
BANKNIFTY-III.NFO,25/09/2024,09:25:06,54459,54450,30,54456.95,60,0,182055
BANKNIFTY-III.NFO,25/09/2024,09:25:07,54459,54450,30,54460.65,75,0,182055
BANKNIFTY-III.NFO,25/09/2024,09:25:09,54459,54450,30,54461.65,60,0,182055
BANKNIFTY-III.NFO,25/09/2024,09:25:11,54459,54450.05,45,54463.25,60,0,182055
BANKNIFTY-III.NFO,25/09/2024,09:25:12,54455,54455.75,45,54470.45,60,15,182055
BANKNIFTY-III.NFO,25/09/2024,09:25:14,54455,54459.5,30,54475.9,60,0,182055
BANKNIFTY-III.NFO,25/09/2024,09:25:16,54455,54464.4,30,54480,30,0,182055
BANKNIFTY-III.NFO,25/09/2024,09:25:17,54455,54459.2,45,54474.8,60,0,182055
BANKNIFTY-III.NFO,25/09/2024,09:25:19,54455,54456.3,30,54473.6,60,0,182055
BANKNIFTY-III.NFO,25/09/2024,09:25:21,54455,54457.65,30,54472.65,60,0,182055
BANKNIFTY-III.NFO,25/09/2024,09:25:22,54455,54460.55,75,54476.45,150,0,182055
BANKNIFTY-III.NFO,25/09/2024,09:25:24,54455,54461.7,45,54479.45,60,0,182055
BANKNIFTY-III.NFO,25/09/2024,09:25:26,54478.7,54462.7,45,54477.45,15,15,182055
BANKNIFTY-III.NFO,25/09/2024,09:25:26,54478.7,54462.7,45,54477.45,15,0,182055
BANKNIFTY-III.NFO,25/09/2024,09:25:27,54478.7,54462.2,45,54479.1,15,0,182055
BANKNIFTY-III.NFO,25/09/2024,09:25:29,54478.7,54462.45,60,54478.25,60,0,182055
BANKNIFTY-III.NFO,25/09/2024,09:25:31,54478.7,54463.9,60,54478.25,15,0,182055
BANKNIFTY-III.NFO,25/09/2024,09:25:32,54478.7,54464.7,45,54479.55,60,0,182055
BANKNIFTY-III.NFO,25/09/2024,09:25:34,54478.7,54464.6,60,54479.95,75,0,182055
BANKNIFTY-III.NFO,25/09/2024,09:25:36,54480,54464.25,75,54479.7,30,90,182055
BANKNIFTY-III.NFO,25/09/2024,09:25:36,54480,54464.25,75,54479.7,30,0,182055
BANKNIFTY-III.NFO,25/09/2024,09:25:37,54480,54467.1,60,54480,45,0,182055
BANKNIFTY-III.NFO,25/09/2024,09:25:39,54479.95,54464.5,60,54480,60,30,182055
BANKNIFTY-III.NFO,25/09/2024,09:25:41,54479.95,54461.6,75,54477.3,45,0,182055
BANKNIFTY-III.NFO,25/09/2024,09:25:42,54479.95,54467.45,60,54480,45,0,182055
BANKNIFTY-III.NFO,25/09/2024,09:25:44,54479.95,54476.1,75,54479.95,120,60,182055
BANKNIFTY-III.NFO,25/09/2024,09:25:46,54480,54480.7,75,54497.6,30,135,182055
BANKNIFTY-III.NFO,25/09/2024,09:25:47,54480,54478.75,60,54494.95,60,0,182055
BANKNIFTY-III.NFO,25/09/2024,09:25:49,54480,54467.95,90,54485.65,15,0,182055
BANKNIFTY-III.NFO,25/09/2024,09:25:51,54469.35,54466.65,75,54483.1,15,15,182055
BANKNIFTY-III.NFO,25/09/2024,09:25:52,54469.35,54459.6,75,54476.05,15,0,182055
BANKNIFTY-III.NFO,25/09/2024,09:25:54,54469.35,54457.15,60,54473.3,15,0,182055
BANKNIFTY-III.NFO,25/09/2024,09:25:56,54469.35,54456.25,60,54473.3,15,0,182055
BANKNIFTY-III.NFO,25/09/2024,09:25:57,54469.35,54461.85,60,54476.8,15,0,182055
BANKNIFTY-III.NFO,25/09/2024,09:25:59,54469.35,54461.9,90,54478.2,15,0,182055
BANKNIFTY-III.NFO,25/09/2024,09:26:00,54476.55,54461.15,105,54479.15,15,15,182055
BANKNIFTY-III.NFO,25/09/2024,09:26:02,54476.55,54466.35,75,54482.6,15,0,182055
BANKNIFTY-III.NFO,25/09/2024,09:26:04,54476.55,54467.5,75,54482.55,15,0,182055
BANKNIFTY-III.NFO,25/09/2024,09:26:05,54476.55,54467.05,60,54483.4,15,0,182055
BANKNIFTY-III.NFO,25/09/2024,09:26:07,54476.55,54481.9,15,54484.5,45,0,182055
BANKNIFTY-III.NFO,25/09/2024,09:26:09,54469.1,54466.65,75,54482.9,90,105,182055
BANKNIFTY-III.NFO,25/09/2024,09:26:09,54483.7,54466.65,75,54482.9,90,0,182055
BANKNIFTY-III.NFO,25/09/2024,09:26:10,54469.1,54464,75,54481.4,60,0,182055
BANKNIFTY-III.NFO,25/09/2024,09:26:12,54469.1,54469.1,15,54479.9,75,0,182055
BANKNIFTY-III.NFO,25/09/2024,09:26:14,54469.1,54469.15,60,54479.5,75,0,182055
BANKNIFTY-III.NFO,25/09/2024,09:26:15,54469.1,54469.1,30,54477,60,0,182055
BANKNIFTY-III.NFO,25/09/2024,09:26:17,54469.1,54459.05,60,54474.6,60,30,182055
BANKNIFTY-III.NFO,25/09/2024,09:26:19,54474.25,54457.95,105,54473.9,75,15,182055
BANKNIFTY-III.NFO,25/09/2024,09:26:20,54474.25,54460.05,60,54472.85,60,0,182055
BANKNIFTY-III.NFO,25/09/2024,09:26:22,54474.25,54460.05,60,54471.25,60,0,182055
BANKNIFTY-III.NFO,25/09/2024,09:26:25,54474.25,54460.05,75,54475.25,45,0,182055
BANKNIFTY-III.NFO,25/09/2024,09:26:27,54474.25,54461.05,60,54477,45,0,182055
BANKNIFTY-III.NFO,25/09/2024,09:26:28,54478.05,54460.35,90,54476.3,15,120,182055
BANKNIFTY-III.NFO,25/09/2024,09:26:30,54478.05,54462.6,60,54478.9,15,0,182055
BANKNIFTY-III.NFO,25/09/2024,09:26:32,54478.05,54462.5,60,54476.8,165,0,182055
BANKNIFTY-III.NFO,25/09/2024,09:26:33,54478.05,54461.2,60,54474.25,30,0,182055
BANKNIFTY-III.NFO,25/09/2024,09:26:35,54478.05,54460.7,90,54473.45,165,0,182055
BANKNIFTY-III.NFO,25/09/2024,09:26:37,54472.55,54462.35,60,54474.25,15,15,182055
BANKNIFTY-III.NFO,25/09/2024,09:26:38,54472.55,54460.65,90,54473.05,165,0,182055
BANKNIFTY-III.NFO,25/09/2024,09:26:40,54472.55,54460.25,90,54472.35,165,0,182055
BANKNIFTY-III.NFO,25/09/2024,09:26:42,54472.55,54461.95,105,54474.2,165,0,182055
BANKNIFTY-III.NFO,25/09/2024,09:26:43,54472.55,54460,15,54471.5,165,0,182055
BANKNIFTY-III.NFO,25/09/2024,09:26:45,54472.55,54460,15,54474.1,150,0,182055
BANKNIFTY-III.NFO,25/09/2024,09:26:47,54472.55,54460.05,75,54474.25,30,0,182055
BANKNIFTY-III.NFO,25/09/2024,09:26:48,54472.55,54461.35,75,54474.25,15,0,182055
BANKNIFTY-III.NFO,25/09/2024,09:26:50,54472.55,54464.8,60,54474.25,15,0,182055
BANKNIFTY-III.NFO,25/09/2024,09:26:52,54472.55,54470.85,60,54474.25,15,0,182055
BANKNIFTY-III.NFO,25/09/2024,09:26:53,54474.25,54471.05,105,54485,15,15,182055
BANKNIFTY-III.NFO,25/09/2024,09:26:55,54474.25,54471.95,60,54485,15,0,182055
BANKNIFTY-III.NFO,25/09/2024,09:26:57,54474.25,54468.65,75,54485,30,0,182055
BANKNIFTY-III.NFO,25/09/2024,09:26:58,54474.25,54467.55,60,54484,15,0,182055
BANKNIFTY-III.NFO,25/09/2024,09:27:00,54474.25,54464.25,75,54481.8,15,0,182055
BANKNIFTY-III.NFO,25/09/2024,09:27:02,54474.25,54472.7,60,54485,15,0,182055
BANKNIFTY-III.NFO,25/09/2024,09:27:03,54474.25,54467.5,75,54474.25,30,0,182055
BANKNIFTY-III.NFO,25/09/2024,09:27:05,54474.25,54469.85,60,54474.25,30,0,182055
BANKNIFTY-III.NFO,25/09/2024,09:27:07,54474.25,54471.2,150,54474.25,30,0,182055
BANKNIFTY-III.NFO,25/09/2024,09:27:08,54474.25,54479,60,54485,15,30,182055
BANKNIFTY-III.NFO,25/09/2024,09:27:10,54485,54485.3,60,54490,60,15,182055
BANKNIFTY-III.NFO,25/09/2024,09:27:10,54485,54485.3,60,54490,60,0,182055
BANKNIFTY-III.NFO,25/09/2024,09:27:12,54482.45,54477.7,60,54490,60,15,182055
BANKNIFTY-III.NFO,25/09/2024,09:27:13,54482.45,54474.3,75,54489,15,0,182055
BANKNIFTY-III.NFO,25/09/2024,09:27:15,54482.45,54474.3,60,54487.5,15,0,182055
BANKNIFTY-III.NFO,25/09/2024,09:27:17,54482.45,54474.5,75,54490,75,0,182055
BANKNIFTY-III.NFO,25/09/2024,09:27:19,54489.45,54474.3,75,54489.4,150,15,182055
BANKNIFTY-III.NFO,25/09/2024,09:27:19,54489.45,54474.3,75,54489.4,150,0,182055
BANKNIFTY-III.NFO,25/09/2024,09:27:20,54489.45,54474.4,75,54489.55,165,0,182055
BANKNIFTY-III.NFO,25/09/2024,09:27:22,54489.45,54474.4,90,54488.75,15,0,182055
BANKNIFTY-III.NFO,25/09/2024,09:27:24,54489.45,54482.45,300,54485.95,165,0,182055
BANKNIFTY-III.NFO,25/09/2024,09:27:25,54482.45,54482.45,210,54485.75,165,90,182055
BANKNIFTY-III.NFO,25/09/2024,09:27:27,54483.65,54482.45,255,54483,165,30,181875
BANKNIFTY-III.NFO,25/09/2024,09:27:29,54480,54474.25,15,54477.95,75,270,181875
BANKNIFTY-III.NFO,25/09/2024,09:27:30,54476.3,54474.25,15,54480.5,75,30,181875
BANKNIFTY-III.NFO,25/09/2024,09:27:32,54476.3,54474.25,15,54477.25,75,0,181875
BANKNIFTY-III.NFO,25/09/2024,09:27:34,54476.3,54474.25,15,54477.5,75,0,181875
BANKNIFTY-III.NFO,25/09/2024,09:27:35,54476.3,54474.25,15,54478.55,75,0,181875
BANKNIFTY-III.NFO,25/09/2024,09:27:37,54477.85,54474.25,15,54482.85,60,30,181875
BANKNIFTY-III.NFO,25/09/2024,09:27:39,54477.85,54474.25,15,54484.6,75,0,181875
BANKNIFTY-III.NFO,25/09/2024,09:27:40,54481.2,54474.25,15,54480.05,45,30,181875
BANKNIFTY-III.NFO,25/09/2024,09:27:42,54481.2,54474.25,15,54481.35,30,0,181875
BANKNIFTY-III.NFO,25/09/2024,09:27:44,54481.2,54474.25,15,54480,900,0,181875
BANKNIFTY-III.NFO,25/09/2024,09:27:55,54481.2,54474.35,60,54480,900,0,181875
BANKNIFTY-III.NFO,25/09/2024,09:27:57,54481.2,54474.3,15,54480,900,0,181875
BANKNIFTY-III.NFO,25/09/2024,09:27:59,54481.2,54474.3,75,54480,900,0,181875
BANKNIFTY-III.NFO,25/09/2024,09:28:04,54481.2,54474.9,60,54480,900,0,181875
BANKNIFTY-III.NFO,25/09/2024,09:28:05,54480,54475.75,75,54480,855,45,181875
BANKNIFTY-III.NFO,25/09/2024,09:28:07,54480,54475.75,75,54480,855,0,181875
BANKNIFTY-III.NFO,25/09/2024,09:28:09,54480,54474.3,75,54480,855,0,181875
BANKNIFTY-III.NFO,25/09/2024,09:28:10,54480,54474.3,60,54480,855,0,181875
BANKNIFTY-III.NFO,25/09/2024,09:28:12,54474.3,54474.3,75,54480,855,15,181875
BANKNIFTY-III.NFO,25/09/2024,09:28:14,54474.3,54475.55,60,54480,855,0,181875
BANKNIFTY-III.NFO,25/09/2024,09:28:15,54474.3,54474.3,60,54480,855,0,181875
BANKNIFTY-III.NFO,25/09/2024,09:28:17,54474.3,54474.3,75,54480,855,0,181875
BANKNIFTY-III.NFO,25/09/2024,09:28:19,54480,54474.3,75,54480,840,15,181875
BANKNIFTY-III.NFO,25/09/2024,09:28:20,54480,54474.3,75,54480,825,30,181875
BANKNIFTY-III.NFO,25/09/2024,09:28:22,54480,54474.25,15,54480,810,15,181875
BANKNIFTY-III.NFO,25/09/2024,09:28:24,54480,54474.25,15,54480,795,15,181875
BANKNIFTY-III.NFO,25/09/2024,09:28:25,54480,54474.25,15,54480,795,0,181875
BANKNIFTY-III.NFO,25/09/2024,09:28:27,54480,54474.25,15,54478.85,45,0,181875
BANKNIFTY-III.NFO,25/09/2024,09:28:29,54480,54474.25,15,54478.15,45,0,181875
BANKNIFTY-III.NFO,25/09/2024,09:28:30,54480,54474.25,15,54479.95,45,0,181875
BANKNIFTY-III.NFO,25/09/2024,09:28:32,54480,54474.25,15,54480,795,0,181875
BANKNIFTY-III.NFO,25/09/2024,09:28:34,54480,54474.25,15,54479.95,30,0,181875
BANKNIFTY-III.NFO,25/09/2024,09:28:37,54480,54474.25,15,54479.95,45,0,181875
BANKNIFTY-III.NFO,25/09/2024,09:28:39,54479.95,54474.25,15,54479.95,15,15,181875
BANKNIFTY-III.NFO,25/09/2024,09:28:40,54479.95,54474.25,15,54480,855,0,181875
BANKNIFTY-III.NFO,25/09/2024,09:28:44,54479.95,54474.3,75,54480,870,0,181875
BANKNIFTY-III.NFO,25/09/2024,09:28:45,54479.95,54474.25,15,54480,870,0,181875
BANKNIFTY-III.NFO,25/09/2024,09:28:47,54479.95,54474.3,75,54480,870,0,181875
BANKNIFTY-III.NFO,25/09/2024,09:28:50,54479.95,54474.5,60,54480,870,0,181875
BANKNIFTY-III.NFO,25/09/2024,09:28:52,54481.2,54481.55,90,54490,60,915,181875
BANKNIFTY-III.NFO,25/09/2024,09:28:54,54481.2,54474.3,75,54489.45,15,0,181875
BANKNIFTY-III.NFO,25/09/2024,09:28:55,54481.2,54480.95,90,54490,60,0,181875
BANKNIFTY-III.NFO,25/09/2024,09:28:57,54481.2,54477.8,90,54490,60,0,181875
BANKNIFTY-III.NFO,25/09/2024,09:28:59,54481.2,54477.65,60,54490,60,0,181875
BANKNIFTY-III.NFO,25/09/2024,09:29:00,54481.2,54474.55,60,54489.95,30,0,181875
BANKNIFTY-III.NFO,25/09/2024,09:29:02,54481.2,54475.6,60,54489.95,30,0,181875
BANKNIFTY-III.NFO,25/09/2024,09:29:04,54481.2,54474.55,60,54489.25,15,0,181875
BANKNIFTY-III.NFO,25/09/2024,09:29:05,54481.2,54474.55,105,54489.25,15,0,181875
BANKNIFTY-III.NFO,25/09/2024,09:29:07,54481.2,54474.85,105,54489.95,15,0,181875
BANKNIFTY-III.NFO,25/09/2024,09:29:09,54481.2,54474.9,60,54489.95,30,0,181875
BANKNIFTY-III.NFO,25/09/2024,09:29:10,54481.2,54474.9,90,54489.95,30,0,181875
BANKNIFTY-III.NFO,25/09/2024,09:29:12,54481.2,54474.9,105,54489.8,15,0,181875
BANKNIFTY-III.NFO,25/09/2024,09:29:14,54481.2,54474.55,75,54489.2,15,0,181875
BANKNIFTY-III.NFO,25/09/2024,09:29:15,54481.2,54474.5,15,54485.35,15,0,181875
BANKNIFTY-III.NFO,25/09/2024,09:29:17,54481.2,54476,15,54481.15,30,0,181875
BANKNIFTY-III.NFO,25/09/2024,09:29:20,54481.2,54476,15,54481.2,60,45,181875
BANKNIFTY-III.NFO,25/09/2024,09:29:22,54481.2,54476,15,54481.2,45,0,181875
BANKNIFTY-III.NFO,25/09/2024,09:29:24,54476,54474.25,15,54478.45,30,15,181875
BANKNIFTY-III.NFO,25/09/2024,09:29:25,54476,54474.25,15,54480,30,0,181875
BANKNIFTY-III.NFO,25/09/2024,09:29:27,54476,54474.25,15,54479.05,30,0,181875
BANKNIFTY-III.NFO,25/09/2024,09:29:29,54476,54474.25,15,54477.85,30,0,181875
BANKNIFTY-III.NFO,25/09/2024,09:29:30,54476,54474.25,15,54474.75,15,0,181875
BANKNIFTY-III.NFO,25/09/2024,09:29:32,54474.75,54474.25,15,54476.2,165,15,181875
BANKNIFTY-III.NFO,25/09/2024,09:29:34,54474.75,54474.25,15,54476.95,150,0,181875
BANKNIFTY-III.NFO,25/09/2024,09:29:35,54474.25,54470,30,54474.25,60,15,181875
BANKNIFTY-III.NFO,25/09/2024,09:29:37,54474.25,54470,30,54474.25,45,15,181875
BANKNIFTY-III.NFO,25/09/2024,09:29:39,54474.25,54470,30,54476.35,165,0,181875
BANKNIFTY-III.NFO,25/09/2024,09:29:40,54474.25,54470,30,54477.85,30,0,181875
BANKNIFTY-III.NFO,25/09/2024,09:29:42,54474.25,54470,30,54477.8,165,0,181875
BANKNIFTY-III.NFO,25/09/2024,09:29:44,54474.25,54470,30,54475,45,0,181875
BANKNIFTY-III.NFO,25/09/2024,09:29:45,54474.25,54470,30,54475,60,0,181875
BANKNIFTY-III.NFO,25/09/2024,09:29:47,54474.25,54470,30,54475,45,0,181875
BANKNIFTY-III.NFO,25/09/2024,09:29:52,54474.25,54470,30,54473.5,150,0,181875
BANKNIFTY-III.NFO,25/09/2024,09:29:53,54474.25,54470,30,54473.45,165,0,181875
BANKNIFTY-III.NFO,25/09/2024,09:29:55,54474.25,54470,30,54472.25,180,0,181875
BANKNIFTY-III.NFO,25/09/2024,09:29:56,54470,54454.15,60,54470,165,30,181875
BANKNIFTY-III.NFO,25/09/2024,09:29:58,54454.15,54454.15,90,54471.65,15,15,181875
BANKNIFTY-III.NFO,25/09/2024,09:30:00,54454.15,54454.9,90,54472.4,15,0,181875
BANKNIFTY-III.NFO,25/09/2024,09:30:01,54454.15,54456.75,90,54474.25,30,0,181875
BANKNIFTY-III.NFO,25/09/2024,09:30:03,54459.15,54462.95,60,54475,60,15,181875
BANKNIFTY-III.NFO,25/09/2024,09:30:05,54475,54464.85,60,54475,30,15,181875
BANKNIFTY-III.NFO,25/09/2024,09:30:06,54475,54465.9,105,54475,30,0,181875
BANKNIFTY-III.NFO,25/09/2024,09:30:08,54475,54467.45,210,54475,30,0,181875
BANKNIFTY-III.NFO,25/09/2024,09:30:09,54475,54468.5,60,54475,30,0,181875
BANKNIFTY-III.NFO,25/09/2024,09:30:11,54475,54469.6,60,54479,15,90,181875
BANKNIFTY-III.NFO,25/09/2024,09:30:13,54475,54470.75,75,54479,15,0,181875
BANKNIFTY-III.NFO,25/09/2024,09:30:16,54475,54469.6,60,54479,15,0,181875
BANKNIFTY-III.NFO,25/09/2024,09:30:18,54475,54472.7,75,54479,15,0,181875
BANKNIFTY-III.NFO,25/09/2024,09:30:19,54475,54470.15,75,54479,15,0,181875
BANKNIFTY-III.NFO,25/09/2024,09:30:21,54482.3,54470.65,60,54485.05,45,60,181875
BANKNIFTY-III.NFO,25/09/2024,09:30:23,54482.3,54469.15,60,54485.05,15,0,181875
BANKNIFTY-III.NFO,25/09/2024,09:30:24,54482.3,54474.7,60,54488.25,30,0,181875
BANKNIFTY-III.NFO,25/09/2024,09:30:26,54482.3,54475.6,60,54490,15,0,181875
BANKNIFTY-III.NFO,25/09/2024,09:30:27,54482.3,54483.75,75,54490,15,0,181875
BANKNIFTY-III.NFO,25/09/2024,09:30:29,54490,54479.7,60,54495.45,30,15,181830
BANKNIFTY-III.NFO,25/09/2024,09:30:29,54490,54479.7,60,54495.45,30,0,181830
BANKNIFTY-III.NFO,25/09/2024,09:30:31,54490,54487.3,60,54497.6,15,0,181830
BANKNIFTY-III.NFO,25/09/2024,09:30:32,54487.3,54486.05,75,54497.6,15,15,181830
BANKNIFTY-III.NFO,25/09/2024,09:30:34,54487.3,54487.4,60,54497.6,15,0,181830
BANKNIFTY-III.NFO,25/09/2024,09:30:36,54487.3,54486.95,60,54497.6,15,0,181830
BANKNIFTY-III.NFO,25/09/2024,09:30:37,54487.3,54480.35,60,54496.7,30,0,181830
BANKNIFTY-III.NFO,25/09/2024,09:30:39,54496.15,54477.5,60,54495.1,30,15,181830
BANKNIFTY-III.NFO,25/09/2024,09:30:39,54496.15,54477.5,60,54495.1,30,0,181830
BANKNIFTY-III.NFO,25/09/2024,09:30:41,54496.15,54463.9,60,54482.7,30,0,181830
BANKNIFTY-III.NFO,25/09/2024,09:30:42,54496.15,54462.5,60,54481.5,30,0,181830
BANKNIFTY-III.NFO,25/09/2024,09:30:44,54496.15,54466.75,75,54483.3,30,0,181830
BANKNIFTY-III.NFO,25/09/2024,09:30:46,54496.15,54467.05,60,54483.25,30,0,181830
BANKNIFTY-III.NFO,25/09/2024,09:30:47,54496.15,54465.3,75,54482.75,30,0,181830
BANKNIFTY-III.NFO,25/09/2024,09:30:49,54496.15,54462.4,60,54480.65,30,0,181830
BANKNIFTY-III.NFO,25/09/2024,09:30:51,54496.15,54463.6,75,54479.55,15,0,181830
BANKNIFTY-III.NFO,25/09/2024,09:30:52,54496.15,54465.3,75,54480.15,15,0,181830
BANKNIFTY-III.NFO,25/09/2024,09:30:54,54496.15,54469.85,75,54484.15,30,0,181830
BANKNIFTY-III.NFO,25/09/2024,09:30:56,54496.15,54471.45,60,54487.5,30,0,181830
BANKNIFTY-III.NFO,25/09/2024,09:30:57,54496.15,54471.9,60,54487.5,30,0,181830
BANKNIFTY-III.NFO,25/09/2024,09:30:59,54496.15,54475.6,225,54491.8,15,0,181830
BANKNIFTY-III.NFO,25/09/2024,09:31:01,54496.15,54477.25,75,54492.7,15,0,181830
BANKNIFTY-III.NFO,25/09/2024,09:31:02,54496.15,54476.1,60,54493.25,30,0,181830
BANKNIFTY-III.NFO,25/09/2024,09:31:04,54496.15,54475.8,75,54493.4,30,0,181830
BANKNIFTY-III.NFO,25/09/2024,09:31:06,54496.15,54479.2,60,54495.15,45,0,181830
BANKNIFTY-III.NFO,25/09/2024,09:31:07,54496.15,54480.55,75,54496.15,165,0,181830
BANKNIFTY-III.NFO,25/09/2024,09:31:09,54496.15,54476.5,60,54494.8,30,0,181830
BANKNIFTY-III.NFO,25/09/2024,09:31:11,54496.15,54479.1,225,54492.9,15,0,181830
BANKNIFTY-III.NFO,25/09/2024,09:31:12,54496.15,54475.95,60,54493.9,30,0,181830
BANKNIFTY-III.NFO,25/09/2024,09:31:14,54496.15,54474.7,60,54492.3,30,0,181830
BANKNIFTY-III.NFO,25/09/2024,09:31:16,54496.15,54477.9,60,54493.8,30,0,181830
BANKNIFTY-III.NFO,25/09/2024,09:31:17,54496.15,54475.4,60,54492,30,0,181830
BANKNIFTY-III.NFO,25/09/2024,09:31:19,54496.15,54474.7,225,54491.75,30,0,181830
BANKNIFTY-III.NFO,25/09/2024,09:31:21,54496.15,54478.6,75,54493.85,30,0,181830
BANKNIFTY-III.NFO,25/09/2024,09:31:22,54496.15,54478.1,60,54493.35,45,0,181830
BANKNIFTY-III.NFO,25/09/2024,09:31:24,54496.15,54475.7,60,54493.4,30,0,181830
BANKNIFTY-III.NFO,25/09/2024,09:31:25,54496.15,54477.4,60,54493.05,15,0,181830
BANKNIFTY-III.NFO,25/09/2024,09:31:27,54496.15,54480.25,60,54494.8,15,0,181830
BANKNIFTY-III.NFO,25/09/2024,09:31:29,54496.15,54478.55,60,54493.95,30,0,181830
BANKNIFTY-III.NFO,25/09/2024,09:31:30,54496.15,54479.55,75,54495.2,30,0,181830
BANKNIFTY-III.NFO,25/09/2024,09:31:32,54496.15,54480.6,60,54496,15,0,181830
BANKNIFTY-III.NFO,25/09/2024,09:31:34,54480.9,54479.15,75,54494.8,15,15,181830
BANKNIFTY-III.NFO,25/09/2024,09:31:35,54480.9,54476.35,75,54493.15,15,0,181830
BANKNIFTY-III.NFO,25/09/2024,09:31:37,54480.9,54480.7,75,54495.3,30,0,181830
BANKNIFTY-III.NFO,25/09/2024,09:31:38,54481.9,54479.5,225,54494.6,45,30,181830
BANKNIFTY-III.NFO,25/09/2024,09:31:40,54481.9,54485.85,60,54496.15,150,0,181830
BANKNIFTY-III.NFO,25/09/2024,09:31:42,54485.85,54482.15,75,54496.15,165,15,181830
BANKNIFTY-III.NFO,25/09/2024,09:31:44,54485.85,54494.6,15,54496.15,150,0,181830
BANKNIFTY-III.NFO,25/09/2024,09:31:50,54496.15,54494.6,15,54496.15,135,15,181830
BANKNIFTY-III.NFO,25/09/2024,09:31:52,54496.15,54494.6,15,54496.15,135,0,181830
BANKNIFTY-III.NFO,25/09/2024,09:31:53,54496.15,54494.6,15,54496.15,120,15,181830
BANKNIFTY-III.NFO,25/09/2024,09:31:55,54496.15,54494.6,15,54496.15,120,0,181830
BANKNIFTY-III.NFO,25/09/2024,09:31:56,54496.15,54494.6,15,54496.15,105,15,181830
BANKNIFTY-III.NFO,25/09/2024,09:31:58,54496.15,54494.6,15,54496.15,105,0,181830
BANKNIFTY-III.NFO,25/09/2024,09:32:03,54494.6,54480.05,75,54495.75,60,15,181830
BANKNIFTY-III.NFO,25/09/2024,09:32:04,54494.6,54480.05,75,54491.15,60,0,181830
BANKNIFTY-III.NFO,25/09/2024,09:32:06,54494.6,54480.05,75,54495.35,75,0,181830
BANKNIFTY-III.NFO,25/09/2024,09:32:09,54494.6,54480.05,60,54493.95,60,0,181830
BANKNIFTY-III.NFO,25/09/2024,09:32:11,54494.6,54480.05,75,54493.95,60,0,181830
BANKNIFTY-III.NFO,25/09/2024,09:32:12,54494.6,54480.05,75,54494.4,60,0,181830
BANKNIFTY-III.NFO,25/09/2024,09:32:14,54494.6,54480,60,54491.75,75,0,181830
BANKNIFTY-III.NFO,25/09/2024,09:32:15,54494.6,54480,60,54492.95,60,0,181830
BANKNIFTY-III.NFO,25/09/2024,09:32:17,54494.6,54480,60,54490.25,75,0,181830
BANKNIFTY-III.NFO,25/09/2024,09:32:19,54494.6,54480,60,54487,75,0,181830
BANKNIFTY-III.NFO,25/09/2024,09:32:20,54494.6,54480,60,54488.65,75,0,181830
BANKNIFTY-III.NFO,25/09/2024,09:32:22,54494.6,54480,60,54484.95,60,0,181830
BANKNIFTY-III.NFO,25/09/2024,09:32:23,54494.6,54480,60,54487.35,75,0,181830
BANKNIFTY-III.NFO,25/09/2024,09:32:25,54494.6,54480,60,54488.05,60,0,181830
BANKNIFTY-III.NFO,25/09/2024,09:32:27,54494.6,54480.05,60,54489.95,60,0,181830
BANKNIFTY-III.NFO,25/09/2024,09:32:28,54494.6,54480.05,75,54492.05,60,0,181830
BANKNIFTY-III.NFO,25/09/2024,09:32:30,54494.6,54480.05,75,54491.65,60,0,181830
BANKNIFTY-III.NFO,25/09/2024,09:32:32,54494.6,54480.05,60,54490.4,60,0,181830
BANKNIFTY-III.NFO,25/09/2024,09:32:33,54494.6,54480,60,54489.45,60,0,181830
BANKNIFTY-III.NFO,25/09/2024,09:32:35,54489.2,54480,60,54489.2,60,15,181830
BANKNIFTY-III.NFO,25/09/2024,09:32:37,54489.2,54480,60,54490,90,0,181830
BANKNIFTY-III.NFO,25/09/2024,09:32:38,54489.2,54480,60,54489.9,45,0,181830
BANKNIFTY-III.NFO,25/09/2024,09:32:40,54489.2,54480,60,54490.85,60,0,181830
BANKNIFTY-III.NFO,25/09/2024,09:32:42,54489.2,54480.05,60,54490.3,45,0,181830
BANKNIFTY-III.NFO,25/09/2024,09:32:43,54489.2,54480.05,75,54492.05,45,0,181830
BANKNIFTY-III.NFO,25/09/2024,09:32:45,54489.2,54480.05,75,54495.25,60,0,181830
BANKNIFTY-III.NFO,25/09/2024,09:32:47,54489.2,54480.05,75,54494.65,45,0,181830
BANKNIFTY-III.NFO,25/09/2024,09:32:48,54489.2,54480.05,75,54493.05,90,0,181830
BANKNIFTY-III.NFO,25/09/2024,09:32:50,54495.85,54480.05,75,54495.55,30,15,181830
BANKNIFTY-III.NFO,25/09/2024,09:32:51,54495.1,54480.05,75,54494.65,30,15,181830
BANKNIFTY-III.NFO,25/09/2024,09:32:53,54495.1,54483.2,75,54496,300,0,181830
BANKNIFTY-III.NFO,25/09/2024,09:32:55,54495.1,54482.05,60,54496,315,0,181830
BANKNIFTY-III.NFO,25/09/2024,09:32:56,54495.1,54482.05,60,54496,300,0,181830
BANKNIFTY-III.NFO,25/09/2024,09:32:58,54495.1,54482.8,60,54496,300,0,181830
BANKNIFTY-III.NFO,25/09/2024,09:33:00,54495.1,54495,15,54496,300,0,181830
BANKNIFTY-III.NFO,25/09/2024,09:33:05,54495,54490,60,54495.75,15,15,181830
BANKNIFTY-III.NFO,25/09/2024,09:33:06,54495,54490,60,54493,30,0,181830
BANKNIFTY-III.NFO,25/09/2024,09:33:08,54490,54475,15,54485.45,15,60,181830
BANKNIFTY-III.NFO,25/09/2024,09:33:10,54490,54475.05,75,54489.15,15,0,181830
BANKNIFTY-III.NFO,25/09/2024,09:33:11,54490,54475,15,54486.6,15,0,181830
BANKNIFTY-III.NFO,25/09/2024,09:33:13,54486.6,54475,15,54485.4,30,15,181830
BANKNIFTY-III.NFO,25/09/2024,09:33:15,54475,54468,15,54480.85,30,15,181830
BANKNIFTY-III.NFO,25/09/2024,09:33:16,54475,54468,15,54481.2,30,0,181830
BANKNIFTY-III.NFO,25/09/2024,09:33:18,54475,54468,30,54482.7,15,0,181830
BANKNIFTY-III.NFO,25/09/2024,09:33:20,54475,54468.05,60,54482.9,45,0,181830
BANKNIFTY-III.NFO,25/09/2024,09:33:21,54475,54468.65,60,54486.65,30,0,181830
BANKNIFTY-III.NFO,25/09/2024,09:33:23,54475,54468.65,60,54485.25,30,0,181830
BANKNIFTY-III.NFO,25/09/2024,09:33:25,54475,54469,60,54486.85,30,0,181830
BANKNIFTY-III.NFO,25/09/2024,09:33:26,54475,54469,60,54486.2,30,0,181830
BANKNIFTY-III.NFO,25/09/2024,09:33:28,54475,54469,60,54486.1,30,0,181830
BANKNIFTY-III.NFO,25/09/2024,09:33:30,54469,54469,60,54483.35,15,15,181950
BANKNIFTY-III.NFO,25/09/2024,09:33:31,54469,54468.05,75,54480.95,30,0,181950
BANKNIFTY-III.NFO,25/09/2024,09:33:33,54469,54468.05,60,54480.3,15,0,181950
BANKNIFTY-III.NFO,25/09/2024,09:33:35,54469,54468,30,54479.95,45,0,181950
BANKNIFTY-III.NFO,25/09/2024,09:33:36,54469,54468,30,54479.95,15,0,181950
BANKNIFTY-III.NFO,25/09/2024,09:33:38,54469,54468.05,60,54479.95,15,0,181950
BANKNIFTY-III.NFO,25/09/2024,09:33:40,54469,54469,60,54485.3,15,0,181950
BANKNIFTY-III.NFO,25/09/2024,09:33:41,54469,54469.05,75,54481.1,30,15,181950
BANKNIFTY-III.NFO,25/09/2024,09:33:43,54469,54469.05,75,54479.75,30,0,181950
BANKNIFTY-III.NFO,25/09/2024,09:33:45,54469,54469,30,54483,45,0,181950
BANKNIFTY-III.NFO,25/09/2024,09:33:46,54469,54469,15,54479.3,30,0,181950
BANKNIFTY-III.NFO,25/09/2024,09:33:48,54469,54469,15,54479.45,30,0,181950
BANKNIFTY-III.NFO,25/09/2024,09:33:50,54469,54469,30,54481.55,45,0,181950
BANKNIFTY-III.NFO,25/09/2024,09:33:51,54469,54469,15,54477.45,30,0,181950
BANKNIFTY-III.NFO,25/09/2024,09:33:53,54469,54468,15,54471.05,30,15,181950
BANKNIFTY-III.NFO,25/09/2024,09:33:55,54468,54450.55,90,54467.35,30,15,181950
BANKNIFTY-III.NFO,25/09/2024,09:33:56,54466.35,54454.3,60,54473.15,30,15,181950
BANKNIFTY-III.NFO,25/09/2024,09:33:58,54466.35,54452.5,60,54468.3,30,0,181950
BANKNIFTY-III.NFO,25/09/2024,09:34:00,54460,54460,45,54468.9,15,15,181950
BANKNIFTY-III.NFO,25/09/2024,09:34:01,54460,54460,45,54463.7,15,0,181950
BANKNIFTY-III.NFO,25/09/2024,09:34:03,54460,54460,30,54462.4,15,15,181950
BANKNIFTY-III.NFO,25/09/2024,09:34:05,54450,54450,345,54455.15,15,45,181950
BANKNIFTY-III.NFO,25/09/2024,09:34:06,54455.85,54450,345,54455.2,30,15,181950
BANKNIFTY-III.NFO,25/09/2024,09:34:08,54455.85,54451.45,30,54466.4,15,0,181950
BANKNIFTY-III.NFO,25/09/2024,09:34:10,54455.85,54450,360,54463.85,30,0,181950
BANKNIFTY-III.NFO,25/09/2024,09:34:11,54455.85,54451.35,90,54468.85,15,0,181950
BANKNIFTY-III.NFO,25/09/2024,09:34:13,54455.85,54457.25,60,54474.7,30,0,181950
BANKNIFTY-III.NFO,25/09/2024,09:34:15,54455.85,54454.1,60,54469.95,45,0,181950
BANKNIFTY-III.NFO,25/09/2024,09:34:16,54455.85,54455.9,15,54469.55,30,0,181950
BANKNIFTY-III.NFO,25/09/2024,09:34:18,54455.85,54455.85,30,54470,30,0,181950
BANKNIFTY-III.NFO,25/09/2024,09:34:20,54455.85,54455.85,15,54468.95,30,0,181950
BANKNIFTY-III.NFO,25/09/2024,09:34:21,54455.85,54455.9,60,54468.45,30,0,181950
BANKNIFTY-III.NFO,25/09/2024,09:34:23,54455.85,54455.85,15,54468.6,30,0,181950
BANKNIFTY-III.NFO,25/09/2024,09:34:25,54455.85,54455.9,60,54469.95,30,0,181950
BANKNIFTY-III.NFO,25/09/2024,09:34:27,54455.85,54455.9,75,54469.95,30,0,181950
BANKNIFTY-III.NFO,25/09/2024,09:34:28,54455.85,54457.45,60,54469.95,30,0,181950
BANKNIFTY-III.NFO,25/09/2024,09:34:30,54455.85,54458.05,75,54469.95,30,0,181950
BANKNIFTY-III.NFO,25/09/2024,09:34:32,54455.85,54458.6,75,54470,90,0,181950
BANKNIFTY-III.NFO,25/09/2024,09:34:33,54455.85,54462.6,60,54470,90,0,181950
BANKNIFTY-III.NFO,25/09/2024,09:34:35,54455.85,54462.7,105,54470,90,0,181950
BANKNIFTY-III.NFO,25/09/2024,09:34:37,54455.85,54460.75,105,54470,90,0,181950
BANKNIFTY-III.NFO,25/09/2024,09:34:38,54470,54461.65,105,54470,75,15,181950
BANKNIFTY-III.NFO,25/09/2024,09:34:40,54457.95,54459.7,60,54470,75,15,181950
BANKNIFTY-III.NFO,25/09/2024,09:34:42,54457.95,54463.9,90,54470,45,0,181950
BANKNIFTY-III.NFO,25/09/2024,09:34:43,54457.95,54463.85,60,54470,45,0,181950
BANKNIFTY-III.NFO,25/09/2024,09:34:45,54457.95,54460.05,60,54470,45,0,181950
BANKNIFTY-III.NFO,25/09/2024,09:34:47,54457.95,54460.05,60,54470,60,0,181950
BANKNIFTY-III.NFO,25/09/2024,09:34:48,54457.95,54460.05,60,54469.95,15,0,181950
BANKNIFTY-III.NFO,25/09/2024,09:34:50,54457.95,54460.05,60,54469.7,30,0,181950
BANKNIFTY-III.NFO,25/09/2024,09:34:51,54457.95,54460,15,54469.95,30,0,181950
BANKNIFTY-III.NFO,25/09/2024,09:34:53,54457.95,54460,15,54469.35,15,0,181950
BANKNIFTY-III.NFO,25/09/2024,09:34:55,54457.95,54460,15,54467.9,15,0,181950
BANKNIFTY-III.NFO,25/09/2024,09:34:56,54457.95,54460,15,54468.1,15,0,181950
BANKNIFTY-III.NFO,25/09/2024,09:34:58,54457.95,54460,15,54467.9,30,0,181950
BANKNIFTY-III.NFO,25/09/2024,09:35:00,54457.95,54462.25,90,54470,45,0,181950
BANKNIFTY-III.NFO,25/09/2024,09:35:01,54457.95,54461.95,75,54470,45,0,181950
BANKNIFTY-III.NFO,25/09/2024,09:35:03,54457.95,54462.85,60,54470,45,0,181950
BANKNIFTY-III.NFO,25/09/2024,09:35:05,54457.95,54463.2,60,54470,45,0,181950
BANKNIFTY-III.NFO,25/09/2024,09:35:06,54457.95,54460.05,60,54470,45,0,181950
BANKNIFTY-III.NFO,25/09/2024,09:35:08,54457.95,54460.05,75,54470,45,0,181950
BANKNIFTY-III.NFO,25/09/2024,09:35:10,54457.95,54461.45,60,54470,45,0,181950
BANKNIFTY-III.NFO,25/09/2024,09:35:11,54457.95,54460.05,105,54470,45,0,181950
BANKNIFTY-III.NFO,25/09/2024,09:35:13,54457.95,54460.05,60,54470,45,0,181950
BANKNIFTY-III.NFO,25/09/2024,09:35:16,54457.95,54461.55,105,54470,45,0,181950
BANKNIFTY-III.NFO,25/09/2024,09:35:18,54457.95,54464.6,90,54470,45,0,181950
BANKNIFTY-III.NFO,25/09/2024,09:35:20,54464.1,54464.3,30,54470,45,30,181950
BANKNIFTY-III.NFO,25/09/2024,09:35:21,54464.1,54460.95,105,54470,45,0,181950
BANKNIFTY-III.NFO,25/09/2024,09:35:23,54464.1,54460.05,75,54470,45,0,181950
BANKNIFTY-III.NFO,25/09/2024,09:35:25,54464.1,54460.05,60,54470,45,0,181950
BANKNIFTY-III.NFO,25/09/2024,09:35:26,54464.1,54460,15,54469.85,45,0,181950
BANKNIFTY-III.NFO,25/09/2024,09:35:28,54464.1,54460,15,54469.95,45,0,181950
BANKNIFTY-III.NFO,25/09/2024,09:35:30,54464.1,54460.05,60,54469.95,45,0,181950
BANKNIFTY-III.NFO,25/09/2024,09:35:31,54460,54458,60,54460,135,15,181950
BANKNIFTY-III.NFO,25/09/2024,09:35:33,54460,54458,75,54460,105,30,181950
BANKNIFTY-III.NFO,25/09/2024,09:35:34,54460,54462,90,54470,45,105,181950
BANKNIFTY-III.NFO,25/09/2024,09:35:36,54463.55,54463.7,75,54464.1,150,15,181950
BANKNIFTY-III.NFO,25/09/2024,09:35:38,54464.1,54462.8,60,54470,45,150,181950
BANKNIFTY-III.NFO,25/09/2024,09:35:39,54464.1,54461.1,60,54470,45,0,181950
BANKNIFTY-III.NFO,25/09/2024,09:35:41,54464.1,54460.25,75,54470,75,0,181950
BANKNIFTY-III.NFO,25/09/2024,09:35:43,54464.1,54458,75,54469.95,75,0,181950
BANKNIFTY-III.NFO,25/09/2024,09:35:44,54464.1,54457.95,15,54464.1,135,0,181950
BANKNIFTY-III.NFO,25/09/2024,09:35:46,54455.85,54455,15,54464.1,135,30,181950
BANKNIFTY-III.NFO,25/09/2024,09:35:48,54455.85,54455,15,54464.05,75,0,181950
BANKNIFTY-III.NFO,25/09/2024,09:35:49,54455.85,54455,15,54460.9,60,0,181950
BANKNIFTY-III.NFO,25/09/2024,09:35:51,54455.85,54455,15,54460.5,75,0,181950
BANKNIFTY-III.NFO,25/09/2024,09:35:53,54455.85,54455,15,54458.6,60,0,181950
BANKNIFTY-III.NFO,25/09/2024,09:35:54,54459.5,54455,15,54459.5,15,60,181950
BANKNIFTY-III.NFO,25/09/2024,09:35:56,54455,54450,345,54455,30,15,181950
BANKNIFTY-III.NFO,25/09/2024,09:35:58,54455,54450,345,54454.95,30,0,181950
BANKNIFTY-III.NFO,25/09/2024,09:35:59,54455,54450,345,54455,30,0,181950
BANKNIFTY-III.NFO,25/09/2024,09:36:01,54455,54450,345,54460.8,15,15,181950
BANKNIFTY-III.NFO,25/09/2024,09:36:03,54455,54450,345,54460.75,30,0,181950
BANKNIFTY-III.NFO,25/09/2024,09:36:04,54455,54450,345,54458.1,30,0,181950
BANKNIFTY-III.NFO,25/09/2024,09:36:06,54457.4,54450,345,54460.8,15,60,181950
BANKNIFTY-III.NFO,25/09/2024,09:36:07,54450,54450,315,54462.4,15,30,181950
BANKNIFTY-III.NFO,25/09/2024,09:36:09,54450,54450.05,75,54463.1,30,0,181950
BANKNIFTY-III.NFO,25/09/2024,09:36:11,54467,54451.95,90,54464.55,15,300,181950
BANKNIFTY-III.NFO,25/09/2024,09:36:13,54467,54451.55,75,54467.85,60,0,181950
BANKNIFTY-III.NFO,25/09/2024,09:36:14,54467,54452.5,60,54465.5,15,0,181950
BANKNIFTY-III.NFO,25/09/2024,09:36:16,54467,54451,60,54465.75,15,0,181950
BANKNIFTY-III.NFO,25/09/2024,09:36:18,54467,54450.05,75,54464.6,15,0,181950
BANKNIFTY-III.NFO,25/09/2024,09:36:21,54467,54450.05,75,54460,15,0,181950
BANKNIFTY-III.NFO,25/09/2024,09:36:23,54467,54450,315,54460,15,0,181950
BANKNIFTY-III.NFO,25/09/2024,09:36:24,54467,54450,345,54460,15,0,181950
BANKNIFTY-III.NFO,25/09/2024,09:36:26,54467,54450,345,54455.8,15,0,181950
BANKNIFTY-III.NFO,25/09/2024,09:36:28,54467,54450,345,54458.6,15,0,181950
BANKNIFTY-III.NFO,25/09/2024,09:36:29,54467,54450,345,54457.9,15,0,181950
BANKNIFTY-III.NFO,25/09/2024,09:36:31,54450,54450,330,54456.6,15,15,182415
BANKNIFTY-III.NFO,25/09/2024,09:36:33,54450,54450,330,54456.95,150,0,182415
BANKNIFTY-III.NFO,25/09/2024,09:36:34,54450,54436.1,60,54453.35,60,330,182415
BANKNIFTY-III.NFO,25/09/2024,09:36:36,54450,54438.5,60,54452.7,15,0,182415
BANKNIFTY-III.NFO,25/09/2024,09:36:38,54450,54438.5,60,54451.2,15,0,182415
BANKNIFTY-III.NFO,25/09/2024,09:36:39,54450,54436,30,54448.5,15,0,182415
BANKNIFTY-III.NFO,25/09/2024,09:36:41,54450,54436.05,60,54450.25,60,0,182415
BANKNIFTY-III.NFO,25/09/2024,09:36:43,54450,54436.05,60,54449.85,15,0,182415
BANKNIFTY-III.NFO,25/09/2024,09:36:44,54450,54436,15,54445,15,0,182415
BANKNIFTY-III.NFO,25/09/2024,09:36:46,54445,54436,30,54445.1,60,15,182415
BANKNIFTY-III.NFO,25/09/2024,09:36:48,54445,54436,15,54443,15,0,182415
BANKNIFTY-III.NFO,25/09/2024,09:36:49,54445,54436,30,54446.5,15,0,182415
BANKNIFTY-III.NFO,25/09/2024,09:36:51,54445,54436,30,54446.3,15,0,182415
BANKNIFTY-III.NFO,25/09/2024,09:36:53,54445,54436,30,54445.85,15,0,182415
BANKNIFTY-III.NFO,25/09/2024,09:36:54,54445,54436.05,60,54445.55,15,0,182415
BANKNIFTY-III.NFO,25/09/2024,09:36:56,54445,54436.05,75,54446.45,15,0,182415
BANKNIFTY-III.NFO,25/09/2024,09:36:58,54445.9,54436.05,60,54448.65,60,15,182415
BANKNIFTY-III.NFO,25/09/2024,09:36:59,54445.9,54436,15,54444.75,15,0,182415
BANKNIFTY-III.NFO,25/09/2024,09:37:01,54445.9,54436,15,54442.95,15,0,182415
BANKNIFTY-III.NFO,25/09/2024,09:37:03,54445.9,54436,30,54446.25,15,0,182415
BANKNIFTY-III.NFO,25/09/2024,09:37:04,54436,54436,15,54446.3,15,15,182415
BANKNIFTY-III.NFO,25/09/2024,09:37:06,54436,54442.95,60,54450,15,0,182415
BANKNIFTY-III.NFO,25/09/2024,09:37:08,54436,54445.9,30,54450,15,0,182415
BANKNIFTY-III.NFO,25/09/2024,09:37:09,54446,54446,60,54450,15,15,182415
BANKNIFTY-III.NFO,25/09/2024,09:37:11,54446,54445.95,75,54450,15,0,182415
BANKNIFTY-III.NFO,25/09/2024,09:37:13,54446,54447.2,60,54450,15,0,182415
BANKNIFTY-III.NFO,25/09/2024,09:37:14,54446,54448.55,60,54450,15,0,182415
BANKNIFTY-III.NFO,25/09/2024,09:37:16,54450,54453.15,60,54465.9,15,15,182415
BANKNIFTY-III.NFO,25/09/2024,09:37:18,54453.85,54453.15,60,54465.9,60,30,182415
BANKNIFTY-III.NFO,25/09/2024,09:37:19,54453.85,54452.5,60,54463.5,15,0,182415
BANKNIFTY-III.NFO,25/09/2024,09:37:21,54453.85,54453.9,75,54462.35,15,0,182415
BANKNIFTY-III.NFO,25/09/2024,09:37:23,54453.85,54453.9,75,54463.15,15,0,182415
BANKNIFTY-III.NFO,25/09/2024,09:37:24,54453.9,54453.85,15,54461.8,15,15,182415
BANKNIFTY-III.NFO,25/09/2024,09:37:26,54453.9,54453.9,60,54460.75,15,0,182415
BANKNIFTY-III.NFO,25/09/2024,09:37:28,54453.9,54453.85,15,54460.45,15,0,182415
BANKNIFTY-III.NFO,25/09/2024,09:37:29,54453.85,54445.95,75,54457.6,60,15,182415
BANKNIFTY-III.NFO,25/09/2024,09:37:31,54453.85,54445.95,60,54453.35,15,0,182415
BANKNIFTY-III.NFO,25/09/2024,09:37:32,54453.85,54445.9,15,54451.05,15,0,182415
BANKNIFTY-III.NFO,25/09/2024,09:37:34,54453.85,54445.95,75,54453.7,15,0,182415
BANKNIFTY-III.NFO,25/09/2024,09:37:36,54453.85,54445.9,15,54450.7,120,0,182415
BANKNIFTY-III.NFO,25/09/2024,09:37:37,54445.9,54435.85,60,54447.7,15,15,182415
BANKNIFTY-III.NFO,25/09/2024,09:37:39,54445.9,54434.85,60,54447,15,0,182415
BANKNIFTY-III.NFO,25/09/2024,09:37:41,54445.9,54434.3,90,54447.4,15,0,182415
BANKNIFTY-III.NFO,25/09/2024,09:37:42,54435.7,54434.3,30,54447.5,15,30,182415
BANKNIFTY-III.NFO,25/09/2024,09:37:44,54435.7,54434.3,30,54446.35,15,0,182415
BANKNIFTY-III.NFO,25/09/2024,09:37:46,54435.7,54433.05,30,54445.5,15,0,182415
BANKNIFTY-III.NFO,25/09/2024,09:37:47,54435.7,54433.4,30,54445.65,15,0,182415
BANKNIFTY-III.NFO,25/09/2024,09:37:49,54435.7,54435.75,45,54449.4,60,0,182415
BANKNIFTY-III.NFO,25/09/2024,09:37:51,54435.7,54435.8,30,54447,15,0,182415
BANKNIFTY-III.NFO,25/09/2024,09:37:52,54435.7,54435.75,45,54445.75,15,0,182415
BANKNIFTY-III.NFO,25/09/2024,09:37:54,54435.7,54435.75,45,54447.05,15,0,182415
BANKNIFTY-III.NFO,25/09/2024,09:37:55,54433.95,54433.7,15,54445,15,120,182415
BANKNIFTY-III.NFO,25/09/2024,09:37:57,54433.95,54431.5,45,54444.2,60,0,182415
BANKNIFTY-III.NFO,25/09/2024,09:37:59,54433.95,54431.5,15,54443.45,15,0,182415
BANKNIFTY-III.NFO,25/09/2024,09:38:00,54433.95,54431.8,150,54445.05,60,0,182415
BANKNIFTY-III.NFO,25/09/2024,09:38:02,54433.95,54443.7,15,54455.8,15,0,182415
BANKNIFTY-III.NFO,25/09/2024,09:38:03,54433.95,54444.5,30,54459.5,60,0,182415
BANKNIFTY-III.NFO,25/09/2024,09:38:05,54433.95,54448,15,54460,60,0,182415
BANKNIFTY-III.NFO,25/09/2024,09:38:07,54433.95,54447.65,15,54459.35,15,0,182415
BANKNIFTY-III.NFO,25/09/2024,09:38:08,54433.95,54447.55,15,54462.35,135,0,182415
BANKNIFTY-III.NFO,25/09/2024,09:38:10,54433.95,54446.6,15,54457.35,15,0,182415
BANKNIFTY-III.NFO,25/09/2024,09:38:11,54433.95,54447.05,45,54459.15,60,0,182415
BANKNIFTY-III.NFO,25/09/2024,09:38:13,54458.65,54443.3,15,54455.95,60,15,182415
BANKNIFTY-III.NFO,25/09/2024,09:38:15,54458.65,54439,15,54453.2,60,0,182415
BANKNIFTY-III.NFO,25/09/2024,09:38:16,54458.65,54437.7,15,54449.25,60,0,182415
BANKNIFTY-III.NFO,25/09/2024,09:38:18,54458.65,54436.85,30,54448.45,60,0,182415
BANKNIFTY-III.NFO,25/09/2024,09:38:20,54433.85,54436.2,60,54439,15,15,182415
BANKNIFTY-III.NFO,25/09/2024,09:38:21,54449.7,54434.6,30,54450.2,75,45,182415
BANKNIFTY-III.NFO,25/09/2024,09:38:23,54449.7,54437,45,54447.7,60,0,182415
BANKNIFTY-III.NFO,25/09/2024,09:38:25,54449.7,54439.9,30,54452.8,60,0,182415
BANKNIFTY-III.NFO,25/09/2024,09:38:26,54449.7,54440.65,30,54451.85,60,0,182415
BANKNIFTY-III.NFO,25/09/2024,09:38:28,54449.7,54443.15,30,54457.7,75,0,182415
BANKNIFTY-III.NFO,25/09/2024,09:38:30,54449.7,54445.55,30,54457.25,15,0,182415
BANKNIFTY-III.NFO,25/09/2024,09:38:31,54449.7,54446.65,30,54458.1,60,0,182415
BANKNIFTY-III.NFO,25/09/2024,09:38:33,54449.7,54450.35,45,54464.95,60,0,182415
BANKNIFTY-III.NFO,25/09/2024,09:38:35,54449.7,54449.45,45,54461.9,60,0,182415
BANKNIFTY-III.NFO,25/09/2024,09:38:36,54449.1,54449.05,165,54461.5,60,75,182415
BANKNIFTY-III.NFO,25/09/2024,09:38:38,54449.1,54448.35,60,54460.95,60,0,182415
BANKNIFTY-III.NFO,25/09/2024,09:38:40,54449.1,54450.1,60,54462.2,60,0,182415
BANKNIFTY-III.NFO,25/09/2024,09:38:41,54449.1,54452.4,15,54465,15,0,182415
BANKNIFTY-III.NFO,25/09/2024,09:38:43,54449.1,54452.4,60,54464.5,15,0,182415
BANKNIFTY-III.NFO,25/09/2024,09:38:45,54449.1,54457.25,15,54465,15,0,182415
BANKNIFTY-III.NFO,25/09/2024,09:38:46,54457.25,54458.75,165,54465,15,15,182415
BANKNIFTY-III.NFO,25/09/2024,09:38:48,54457.25,54454.35,15,54465,15,0,182415
BANKNIFTY-III.NFO,25/09/2024,09:38:50,54457.25,54449.3,15,54462.95,75,0,182415
BANKNIFTY-III.NFO,25/09/2024,09:38:51,54457.25,54450.75,165,54463.9,30,0,182415
BANKNIFTY-III.NFO,25/09/2024,09:38:53,54457.25,54449.6,60,54464.35,75,0,182415
BANKNIFTY-III.NFO,25/09/2024,09:38:55,54457.25,54452.4,165,54465,15,0,182415
BANKNIFTY-III.NFO,25/09/2024,09:38:56,54457.25,54454.85,60,54465,15,0,182415
BANKNIFTY-III.NFO,25/09/2024,09:38:58,54457.25,54451.4,15,54467,45,0,182415
BANKNIFTY-III.NFO,25/09/2024,09:39:00,54457.25,54451.75,45,54465.2,15,0,182415
BANKNIFTY-III.NFO,25/09/2024,09:39:01,54457.25,54465,15,54467,30,0,182415
BANKNIFTY-III.NFO,25/09/2024,09:39:10,54457.25,54465,15,54466.95,60,0,182415
BANKNIFTY-III.NFO,25/09/2024,09:39:11,54457.25,54465,15,54467,30,0,182415
BANKNIFTY-III.NFO,25/09/2024,09:39:19,54470,54469,45,54470,30,45,182415
BANKNIFTY-III.NFO,25/09/2024,09:39:21,54470,54474.2,120,54480,15,45,182415
BANKNIFTY-III.NFO,25/09/2024,09:39:23,54470,54470.8,165,54480,15,0,182415
BANKNIFTY-III.NFO,25/09/2024,09:39:24,54470,54468.25,15,54480,15,0,182415
BANKNIFTY-III.NFO,25/09/2024,09:39:26,54473.15,54472.35,150,54480,15,15,182415
BANKNIFTY-III.NFO,25/09/2024,09:39:28,54473.15,54466.7,165,54480,15,0,182415
BANKNIFTY-III.NFO,25/09/2024,09:39:29,54473.15,54470.25,45,54480,15,0,182415
BANKNIFTY-III.NFO,25/09/2024,09:39:31,54473.15,54466.9,45,54480,30,0,182415
BANKNIFTY-III.NFO,25/09/2024,09:39:33,54473.15,54468.55,150,54480,15,0,182415
BANKNIFTY-III.NFO,25/09/2024,09:39:34,54473.15,54470.2,45,54480,15,0,182415
BANKNIFTY-III.NFO,25/09/2024,09:39:36,54473.15,54469.15,45,54480,15,0,182415
BANKNIFTY-III.NFO,25/09/2024,09:39:38,54473.15,54468.45,165,54480,15,0,182415
BANKNIFTY-III.NFO,25/09/2024,09:39:39,54473.15,54465.65,15,54479.5,15,0,182415
BANKNIFTY-III.NFO,25/09/2024,09:39:41,54473.15,54466.85,15,54480,30,0,182415
BANKNIFTY-III.NFO,25/09/2024,09:39:43,54473.15,54466,165,54479.65,15,0,182415
BANKNIFTY-III.NFO,25/09/2024,09:39:44,54473.15,54466.85,195,54480,30,0,182415
BANKNIFTY-III.NFO,25/09/2024,09:39:46,54473.15,54468,45,54480,15,0,182415
BANKNIFTY-III.NFO,25/09/2024,09:39:48,54473.15,54469.4,45,54480,15,0,182415
BANKNIFTY-III.NFO,25/09/2024,09:39:49,54473.15,54469.5,150,54480,30,0,182415
BANKNIFTY-III.NFO,25/09/2024,09:39:51,54473.15,54467.65,30,54478.45,15,0,182415
BANKNIFTY-III.NFO,25/09/2024,09:39:53,54473.15,54469.85,30,54473.15,165,0,182415
BANKNIFTY-III.NFO,25/09/2024,09:39:54,54473.15,54469.4,150,54473.15,165,0,182415
BANKNIFTY-III.NFO,25/09/2024,09:39:56,54473.15,54469.95,30,54473.15,165,0,182415
BANKNIFTY-III.NFO,25/09/2024,09:39:58,54473.15,54468.95,150,54473.15,75,90,182445
BANKNIFTY-III.NFO,25/09/2024,09:39:59,54473.15,54468.65,45,54473.15,60,15,182445
BANKNIFTY-III.NFO,25/09/2024,09:40:01,54473.15,54466.5,150,54473.15,60,0,182445
BANKNIFTY-III.NFO,25/09/2024,09:40:03,54473.15,54466,15,54473.15,60,0,182445
BANKNIFTY-III.NFO,25/09/2024,09:40:04,54473.1,54466,15,54473.1,60,15,182445
BANKNIFTY-III.NFO,25/09/2024,09:40:06,54473.1,54466,15,54473.15,60,0,182445
BANKNIFTY-III.NFO,25/09/2024,09:40:08,54473.1,54466.9,15,54473.15,60,0,182445
BANKNIFTY-III.NFO,25/09/2024,09:40:09,54473.1,54467.4,15,54473.15,60,0,182445
BANKNIFTY-III.NFO,25/09/2024,09:40:11,54473.1,54467.75,15,54473.15,60,0,182445
BANKNIFTY-III.NFO,25/09/2024,09:40:13,54473.1,54471.05,30,54473.15,60,0,182445
BANKNIFTY-III.NFO,25/09/2024,09:40:14,54473.1,54471.85,15,54473.15,60,0,182445
BANKNIFTY-III.NFO,25/09/2024,09:40:16,54473.1,54470.75,15,54473.15,60,0,182445
BANKNIFTY-III.NFO,25/09/2024,09:40:18,54473.1,54471.1,15,54473.15,60,0,182445
BANKNIFTY-III.NFO,25/09/2024,09:40:19,54473.1,54472.9,15,54473.15,60,0,182445
BANKNIFTY-III.NFO,25/09/2024,09:40:21,54480,54482.1,15,54495,15,90,182445
BANKNIFTY-III.NFO,25/09/2024,09:40:23,54480,54477.9,30,54488.95,15,0,182445
BANKNIFTY-III.NFO,25/09/2024,09:40:24,54494.95,54477.4,30,54493,75,15,182445
BANKNIFTY-III.NFO,25/09/2024,09:40:26,54494.95,54476.95,30,54489.15,30,0,182445
BANKNIFTY-III.NFO,25/09/2024,09:40:28,54494.95,54473.05,45,54485.5,15,0,182445
BANKNIFTY-III.NFO,25/09/2024,09:40:29,54494.95,54473.35,45,54483.85,15,0,182445
BANKNIFTY-III.NFO,25/09/2024,09:40:31,54494.95,54474.05,30,54484.6,15,0,182445
BANKNIFTY-III.NFO,25/09/2024,09:40:33,54494.95,54475.2,45,54487.9,75,0,182445
BANKNIFTY-III.NFO,25/09/2024,09:40:34,54494.95,54473.05,30,54484.9,60,0,182445
BANKNIFTY-III.NFO,25/09/2024,09:40:36,54494.95,54473.1,45,54482.7,15,0,182445
BANKNIFTY-III.NFO,25/09/2024,09:40:38,54494.95,54473,15,54482.25,60,0,182445
BANKNIFTY-III.NFO,25/09/2024,09:40:39,54473.05,54473,15,54481.15,15,30,182445
BANKNIFTY-III.NFO,25/09/2024,09:40:41,54480.4,54469.25,30,54480,15,15,182445
BANKNIFTY-III.NFO,25/09/2024,09:40:43,54480.4,54465.65,30,54477.6,75,0,182445
BANKNIFTY-III.NFO,25/09/2024,09:40:44,54480.4,54467.55,30,54478,60,0,182445
BANKNIFTY-III.NFO,25/09/2024,09:40:46,54480.4,54469.25,45,54482.1,75,0,182445
BANKNIFTY-III.NFO,25/09/2024,09:40:48,54478.55,54471.2,15,54479.5,15,15,182445
BANKNIFTY-III.NFO,25/09/2024,09:40:49,54478.55,54472.95,15,54480.4,45,0,182445
BANKNIFTY-III.NFO,25/09/2024,09:40:51,54478.55,54475.55,15,54480.4,45,0,182445
BANKNIFTY-III.NFO,25/09/2024,09:40:53,54476.85,54477.5,150,54480.4,45,15,182445
BANKNIFTY-III.NFO,25/09/2024,09:40:54,54480.4,54478.5,135,54490.1,60,45,182445
BANKNIFTY-III.NFO,25/09/2024,09:40:56,54480.4,54476.55,30,54486.5,15,0,182445
BANKNIFTY-III.NFO,25/09/2024,09:40:58,54480.4,54478.95,30,54487.8,15,0,182445
BANKNIFTY-III.NFO,25/09/2024,09:40:59,54480.4,54480.6,30,54489.2,15,0,182445
BANKNIFTY-III.NFO,25/09/2024,09:41:01,54480.4,54479.45,45,54488.45,15,0,182445
BANKNIFTY-III.NFO,25/09/2024,09:41:03,54480.4,54481.35,135,54489.6,15,0,182445
BANKNIFTY-III.NFO,25/09/2024,09:41:04,54480.4,54481.25,135,54488.9,15,0,182445
BANKNIFTY-III.NFO,25/09/2024,09:41:06,54480.4,54480.75,30,54490.85,15,0,182445
BANKNIFTY-III.NFO,25/09/2024,09:41:08,54480.4,54482.95,135,54489,180,0,182445
BANKNIFTY-III.NFO,25/09/2024,09:41:09,54480.4,54485.35,150,54489,180,0,182445
BANKNIFTY-III.NFO,25/09/2024,09:41:11,54480.4,54487.35,30,54489,180,0,182445
BANKNIFTY-III.NFO,25/09/2024,09:41:13,54489,54481.15,45,54489,105,75,182445
BANKNIFTY-III.NFO,25/09/2024,09:41:14,54489,54485.7,30,54489,105,0,182445
BANKNIFTY-III.NFO,25/09/2024,09:41:16,54489,54482.45,30,54489,105,0,182445
BANKNIFTY-III.NFO,25/09/2024,09:41:18,54489,54483.5,135,54489,105,0,182445
BANKNIFTY-III.NFO,25/09/2024,09:41:19,54489,54480,15,54489,105,0,182445
BANKNIFTY-III.NFO,25/09/2024,09:41:21,54489,54481.25,30,54489,105,0,182445
BANKNIFTY-III.NFO,25/09/2024,09:41:23,54489,54484.25,135,54489,105,0,182445
BANKNIFTY-III.NFO,25/09/2024,09:41:24,54489,54483.65,30,54489,105,0,182445
BANKNIFTY-III.NFO,25/09/2024,09:41:26,54489,54484.8,30,54489,105,0,182445
BANKNIFTY-III.NFO,25/09/2024,09:41:28,54489,54485.75,135,54489,105,0,182445
BANKNIFTY-III.NFO,25/09/2024,09:41:29,54489,54481.25,30,54489,105,0,182445
BANKNIFTY-III.NFO,25/09/2024,09:41:31,54489,54481.1,30,54489,105,0,182445
BANKNIFTY-III.NFO,25/09/2024,09:41:33,54489,54480.7,30,54489,105,0,182445
BANKNIFTY-III.NFO,25/09/2024,09:41:34,54489,54480,15,54487.45,75,0,182445
BANKNIFTY-III.NFO,25/09/2024,09:41:36,54489,54480,15,54485.6,60,0,182445
BANKNIFTY-III.NFO,25/09/2024,09:41:38,54489,54480,15,54483.55,60,0,182445
BANKNIFTY-III.NFO,25/09/2024,09:41:39,54489,54480,15,54485.8,60,0,182445
BANKNIFTY-III.NFO,25/09/2024,09:41:41,54489,54480,15,54485.05,60,0,182445
BANKNIFTY-III.NFO,25/09/2024,09:41:43,54489,54480,15,54484.4,60,0,182445
BANKNIFTY-III.NFO,25/09/2024,09:41:44,54489,54480,15,54482.9,60,0,182445
BANKNIFTY-III.NFO,25/09/2024,09:41:46,54480,54468.95,135,54479.8,75,15,182445
BANKNIFTY-III.NFO,25/09/2024,09:41:48,54480,54468.7,135,54479.8,60,0,182445
BANKNIFTY-III.NFO,25/09/2024,09:41:49,54480,54469.65,30,54479.95,75,0,182445
BANKNIFTY-III.NFO,25/09/2024,09:41:51,54480,54469.85,135,54479.9,60,0,182445
BANKNIFTY-III.NFO,25/09/2024,09:41:53,54480,54468.4,135,54479.95,75,0,182445
BANKNIFTY-III.NFO,25/09/2024,09:41:54,54480,54466.25,135,54477.85,75,0,182445
BANKNIFTY-III.NFO,25/09/2024,09:41:56,54480,54466.45,135,54477.45,75,0,182445
BANKNIFTY-III.NFO,25/09/2024,09:41:58,54480,54466.45,135,54477.65,75,0,182445
BANKNIFTY-III.NFO,25/09/2024,09:41:59,54480,54465.85,30,54477.05,75,0,182445
BANKNIFTY-III.NFO,25/09/2024,09:42:01,54480,54464.7,30,54476.35,75,0,182445
BANKNIFTY-III.NFO,25/09/2024,09:42:03,54480,54464.2,135,54475.6,75,0,182445
BANKNIFTY-III.NFO,25/09/2024,09:42:04,54480,54463.25,150,54475.95,75,0,182445
BANKNIFTY-III.NFO,25/09/2024,09:42:06,54480,54463.55,135,54463.6,15,0,182445
BANKNIFTY-III.NFO,25/09/2024,09:42:08,54463.6,54463.3,120,54473,60,15,182445
BANKNIFTY-III.NFO,25/09/2024,09:42:09,54463.1,54462.3,150,54475.35,60,150,182445
BANKNIFTY-III.NFO,25/09/2024,09:42:11,54463.1,54462.9,165,54476.1,75,0,182445
BANKNIFTY-III.NFO,25/09/2024,09:42:13,54463.1,54461.5,15,54474.95,75,0,182445
BANKNIFTY-III.NFO,25/09/2024,09:42:14,54463.1,54462.55,150,54476.1,75,0,182445
BANKNIFTY-III.NFO,25/09/2024,09:42:16,54463.1,54460.1,15,54474.45,60,0,182445
BANKNIFTY-III.NFO,25/09/2024,09:42:18,54463.1,54460.2,165,54474,75,0,182445
BANKNIFTY-III.NFO,25/09/2024,09:42:19,54463.1,54464.5,15,54475.45,30,0,182445
BANKNIFTY-III.NFO,25/09/2024,09:42:21,54463.1,54460.6,15,54474.5,75,0,182445
BANKNIFTY-III.NFO,25/09/2024,09:42:23,54463.1,54462.85,165,54476.05,30,0,182445
BANKNIFTY-III.NFO,25/09/2024,09:42:24,54463.1,54463.75,165,54475.95,15,0,182445
BANKNIFTY-III.NFO,25/09/2024,09:42:26,54463.1,54462.75,15,54476.75,75,0,182445
BANKNIFTY-III.NFO,25/09/2024,09:42:28,54463.1,54463.45,15,54476,15,0,182445
BANKNIFTY-III.NFO,25/09/2024,09:42:29,54463.3,54465.6,15,54479.7,75,15,182820
BANKNIFTY-III.NFO,25/09/2024,09:42:31,54463.3,54462.45,300,54475.3,30,0,182820
BANKNIFTY-III.NFO,25/09/2024,09:42:33,54463.3,54464,15,54475.85,15,0,182820
BANKNIFTY-III.NFO,25/09/2024,09:42:34,54463.3,54463.45,165,54475.25,15,0,182820
BANKNIFTY-III.NFO,25/09/2024,09:42:36,54478.9,54467.1,150,54478.3,15,15,182820
BANKNIFTY-III.NFO,25/09/2024,09:42:37,54478.9,54467.95,30,54479.15,15,0,182820
BANKNIFTY-III.NFO,25/09/2024,09:42:39,54478.9,54471.5,15,54480,15,0,182820
BANKNIFTY-III.NFO,25/09/2024,09:42:41,54478.9,54466.2,150,54477.6,15,0,182820
BANKNIFTY-III.NFO,25/09/2024,09:42:42,54478.9,54464.7,150,54477.25,60,0,182820
BANKNIFTY-III.NFO,25/09/2024,09:42:44,54478.9,54464.75,225,54475.3,15,0,182820
BANKNIFTY-III.NFO,25/09/2024,09:42:46,54478.9,54463.05,150,54474.45,60,0,182820
BANKNIFTY-III.NFO,25/09/2024,09:42:47,54474.5,54463.05,150,54475.9,60,15,182820
BANKNIFTY-III.NFO,25/09/2024,09:42:49,54474.5,54462.2,225,54473.55,15,0,182820
BANKNIFTY-III.NFO,25/09/2024,09:42:51,54474.5,54463.35,15,54476.15,75,0,182820
BANKNIFTY-III.NFO,25/09/2024,09:42:52,54474.5,54458.9,150,54471.7,60,0,182820
BANKNIFTY-III.NFO,25/09/2024,09:42:54,54474.5,54458.85,150,54470.25,15,0,182820
BANKNIFTY-III.NFO,25/09/2024,09:42:56,54474.5,54459.25,60,54470.9,15,0,182820
BANKNIFTY-III.NFO,25/09/2024,09:42:57,54474.5,54462.9,210,54473.1,15,0,182820
BANKNIFTY-III.NFO,25/09/2024,09:42:59,54474.5,54463.35,30,54475.25,75,0,182820
BANKNIFTY-III.NFO,25/09/2024,09:43:01,54474.5,54465.1,150,54476.1,15,0,182820
BANKNIFTY-III.NFO,25/09/2024,09:43:02,54474.5,54461.85,150,54473.65,75,0,182820
BANKNIFTY-III.NFO,25/09/2024,09:43:06,54474.5,54464.85,150,54475.3,15,0,182820
BANKNIFTY-III.NFO,25/09/2024,09:43:07,54474.5,54464.4,60,54475.9,15,0,182820
BANKNIFTY-III.NFO,25/09/2024,09:43:09,54474.5,54468.3,165,54480.2,60,0,182820
BANKNIFTY-III.NFO,25/09/2024,09:43:11,54474.5,54469.8,165,54481.5,15,0,182820
BANKNIFTY-III.NFO,25/09/2024,09:43:12,54474.5,54468.05,150,54480.75,60,0,182820
BANKNIFTY-III.NFO,25/09/2024,09:43:14,54474.5,54470.6,150,54482.35,75,0,182820
BANKNIFTY-III.NFO,25/09/2024,09:43:16,54474.5,54470.05,60,54482.45,60,0,182820
BANKNIFTY-III.NFO,25/09/2024,09:43:17,54474.5,54468.25,60,54480.8,60,0,182820
BANKNIFTY-III.NFO,25/09/2024,09:43:19,54474.5,54468,165,54480.55,75,0,182820
BANKNIFTY-III.NFO,25/09/2024,09:43:21,54474.5,54467.3,150,54479.75,75,0,182820
BANKNIFTY-III.NFO,25/09/2024,09:43:22,54474.5,54463.35,45,54477.55,75,0,182820
BANKNIFTY-III.NFO,25/09/2024,09:43:24,54474.5,54463.7,165,54477.45,75,0,182820
BANKNIFTY-III.NFO,25/09/2024,09:43:25,54474.5,54462.15,15,54474.95,75,0,182820
BANKNIFTY-III.NFO,25/09/2024,09:43:27,54474.5,54462,15,54474.2,75,0,182820
BANKNIFTY-III.NFO,25/09/2024,09:43:29,54474.5,54465.95,45,54480.35,60,0,182820
BANKNIFTY-III.NFO,25/09/2024,09:43:30,54474.5,54462.75,225,54476.2,75,0,182820
BANKNIFTY-III.NFO,25/09/2024,09:43:32,54474.95,54461,30,54473.7,60,15,182820
BANKNIFTY-III.NFO,25/09/2024,09:43:34,54461,54458.95,165,54471.7,75,15,182820
BANKNIFTY-III.NFO,25/09/2024,09:43:35,54461,54457.95,15,54471.35,75,0,182820
BANKNIFTY-III.NFO,25/09/2024,09:43:37,54461,54459.55,15,54472.05,75,0,182820
BANKNIFTY-III.NFO,25/09/2024,09:43:39,54461,54459.5,75,54473.4,75,0,182820
BANKNIFTY-III.NFO,25/09/2024,09:43:40,54461,54461.1,180,54473.75,75,0,182820
BANKNIFTY-III.NFO,25/09/2024,09:43:42,54461,54458.55,165,54472,75,0,182820
BANKNIFTY-III.NFO,25/09/2024,09:43:44,54461,54456.65,30,54469.1,75,0,182820
BANKNIFTY-III.NFO,25/09/2024,09:43:45,54461,54454,15,54465.95,60,0,182820
BANKNIFTY-III.NFO,25/09/2024,09:43:47,54461,54456.35,60,54469.7,75,0,182820
BANKNIFTY-III.NFO,25/09/2024,09:43:49,54461,54454.4,45,54467.15,60,0,182820
BANKNIFTY-III.NFO,25/09/2024,09:43:50,54461,54453.35,15,54465.3,60,0,182820
BANKNIFTY-III.NFO,25/09/2024,09:43:52,54461,54454.1,15,54467.05,75,0,182820
BANKNIFTY-III.NFO,25/09/2024,09:43:54,54461,54453.25,15,54466.35,75,0,182820
BANKNIFTY-III.NFO,25/09/2024,09:43:55,54461,54455.65,165,54467.05,60,0,182820
BANKNIFTY-III.NFO,25/09/2024,09:43:57,54461,54454.3,15,54466.85,75,0,182820
BANKNIFTY-III.NFO,25/09/2024,09:43:59,54461,54455.35,165,54468.15,75,0,182820
BANKNIFTY-III.NFO,25/09/2024,09:44:00,54461,54453.35,150,54466.6,75,0,182820
BANKNIFTY-III.NFO,25/09/2024,09:44:02,54461,54459.35,30,54471.05,60,0,182820
BANKNIFTY-III.NFO,25/09/2024,09:44:04,54461,54459.25,15,54473.05,75,0,182820
BANKNIFTY-III.NFO,25/09/2024,09:44:05,54461,54464,75,54475,15,0,182820
BANKNIFTY-III.NFO,25/09/2024,09:44:07,54461,54467.8,60,54475,15,0,182820
BANKNIFTY-III.NFO,25/09/2024,09:44:09,54461,54468.55,150,54475,15,0,182820
BANKNIFTY-III.NFO,25/09/2024,09:44:10,54461,54465.85,150,54475,15,0,182820
BANKNIFTY-III.NFO,25/09/2024,09:44:12,54461,54468.5,150,54475,15,0,182820
BANKNIFTY-III.NFO,25/09/2024,09:44:14,54480,54468.85,60,54475,15,90,182820
BANKNIFTY-III.NFO,25/09/2024,09:44:15,54480,54464.7,60,54475,15,0,182820
BANKNIFTY-III.NFO,25/09/2024,09:44:17,54480,54467.2,75,54475,15,0,182820
BANKNIFTY-III.NFO,25/09/2024,09:44:19,54480,54469.35,150,54475,15,0,182820
BANKNIFTY-III.NFO,25/09/2024,09:44:20,54480,54472,165,54475,15,0,182820
BANKNIFTY-III.NFO,25/09/2024,09:44:22,54480,54470.85,60,54475,15,0,182820
BANKNIFTY-III.NFO,25/09/2024,09:44:24,54480,54467.85,210,54475,15,0,182820
BANKNIFTY-III.NFO,25/09/2024,09:44:25,54480,54469.85,150,54475,15,0,182820
BANKNIFTY-III.NFO,25/09/2024,09:44:27,54480,54471.05,150,54475,15,0,182820
BANKNIFTY-III.NFO,25/09/2024,09:44:29,54480,54469.65,60,54475,15,0,182820
BANKNIFTY-III.NFO,25/09/2024,09:44:30,54480,54470.35,210,54475,15,0,182820
BANKNIFTY-III.NFO,25/09/2024,09:44:32,54480,54467.5,150,54475,15,0,182820
BANKNIFTY-III.NFO,25/09/2024,09:44:33,54480,54468.05,60,54475,15,0,182820
BANKNIFTY-III.NFO,25/09/2024,09:44:35,54480,54466.05,15,54475,15,0,182820
BANKNIFTY-III.NFO,25/09/2024,09:44:37,54480,54470.2,150,54475,15,0,182820
BANKNIFTY-III.NFO,25/09/2024,09:44:38,54480,54471.55,60,54475,15,0,182820
BANKNIFTY-III.NFO,25/09/2024,09:44:40,54475,54468.55,165,54479.95,60,15,182820
BANKNIFTY-III.NFO,25/09/2024,09:44:42,54475,54467.05,15,54479.7,60,0,182820
BANKNIFTY-III.NFO,25/09/2024,09:44:43,54475,54466.25,225,54478.85,75,0,182820
BANKNIFTY-III.NFO,25/09/2024,09:44:45,54475,54458.45,150,54471.35,135,0,182820
BANKNIFTY-III.NFO,25/09/2024,09:44:47,54475,54460.55,60,54474.85,75,0,182820
BANKNIFTY-III.NFO,25/09/2024,09:44:48,54475,54458.3,150,54468.8,60,0,182820
BANKNIFTY-III.NFO,25/09/2024,09:44:50,54475,54457.25,165,54468.65,60,0,182820
BANKNIFTY-III.NFO,25/09/2024,09:44:51,54475,54456.8,60,54467.95,75,0,182820
BANKNIFTY-III.NFO,25/09/2024,09:44:53,54475,54457.85,60,54467.85,60,0,182820
BANKNIFTY-III.NFO,25/09/2024,09:44:55,54475,54458.35,60,54471.55,60,0,182820
BANKNIFTY-III.NFO,25/09/2024,09:44:56,54475,54457.65,150,54469.7,60,0,182820
BANKNIFTY-III.NFO,25/09/2024,09:44:58,54475,54455.7,60,54466.8,60,0,182820
BANKNIFTY-III.NFO,25/09/2024,09:45:00,54475,54457.6,15,54469.15,60,0,182820
BANKNIFTY-III.NFO,25/09/2024,09:45:01,54475,54452.65,210,54464.7,75,0,182820
BANKNIFTY-III.NFO,25/09/2024,09:45:03,54475,54452.1,150,54464.85,60,0,182820
BANKNIFTY-III.NFO,25/09/2024,09:45:05,54475,54449.25,150,54461.3,60,0,182820
BANKNIFTY-III.NFO,25/09/2024,09:45:06,54475,54448.5,15,54460.1,60,0,182820
BANKNIFTY-III.NFO,25/09/2024,09:45:08,54475,54448.25,150,54460.95,60,0,182820
BANKNIFTY-III.NFO,25/09/2024,09:45:10,54475,54447.9,150,54460.8,75,0,182820
BANKNIFTY-III.NFO,25/09/2024,09:45:11,54475,54445.65,60,54462.15,60,0,182820
BANKNIFTY-III.NFO,25/09/2024,09:45:13,54475,54450.25,60,54463.95,60,0,182820
BANKNIFTY-III.NFO,25/09/2024,09:45:15,54475,54452.9,150,54463.95,60,0,182820
BANKNIFTY-III.NFO,25/09/2024,09:45:16,54475,54455.6,150,54466.15,60,0,182820
BANKNIFTY-III.NFO,25/09/2024,09:45:18,54475,54460.8,15,54463.95,60,0,182820
BANKNIFTY-III.NFO,25/09/2024,09:45:20,54475,54460.8,15,54470.55,60,0,182820
BANKNIFTY-III.NFO,25/09/2024,09:45:21,54475,54460.8,15,54470.9,60,0,182820
BANKNIFTY-III.NFO,25/09/2024,09:45:23,54475,54460.8,15,54472,60,0,182820
BANKNIFTY-III.NFO,25/09/2024,09:45:24,54475,54469,15,54474.05,15,0,182820
BANKNIFTY-III.NFO,25/09/2024,09:45:26,54475,54469,15,54479.95,75,0,182820
BANKNIFTY-III.NFO,25/09/2024,09:45:28,54475,54469,15,54472.75,15,0,182820
BANKNIFTY-III.NFO,25/09/2024,09:45:29,54475,54469,15,54472.35,15,0,182820
BANKNIFTY-III.NFO,25/09/2024,09:45:31,54475,54469,15,54475.9,15,0,182820
BANKNIFTY-III.NFO,25/09/2024,09:45:33,54475,54469,15,54479.95,60,0,182820
BANKNIFTY-III.NFO,25/09/2024,09:45:34,54477.9,54469.5,150,54480,60,15,182775
BANKNIFTY-III.NFO,25/09/2024,09:45:36,54477.9,54471.3,15,54480,60,0,182775
BANKNIFTY-III.NFO,25/09/2024,09:45:38,54477.9,54469.95,15,54480,60,0,182775
BANKNIFTY-III.NFO,25/09/2024,09:45:39,54477.9,54470.75,165,54480,60,0,182775
BANKNIFTY-III.NFO,25/09/2024,09:45:41,54477.9,54471,150,54480,60,0,182775
BANKNIFTY-III.NFO,25/09/2024,09:45:43,54477.9,54469.95,165,54480,60,0,182775
BANKNIFTY-III.NFO,25/09/2024,09:45:44,54477.9,54470.95,60,54480,60,0,182775
BANKNIFTY-III.NFO,25/09/2024,09:45:46,54477.9,54477.25,150,54480,60,0,182775
BANKNIFTY-III.NFO,25/09/2024,09:45:48,54480,54481.05,150,54484.75,15,60,182775
BANKNIFTY-III.NFO,25/09/2024,09:45:49,54477.9,54478.75,150,54484.75,15,15,182775
BANKNIFTY-III.NFO,25/09/2024,09:45:51,54477.9,54472.05,165,54484.75,30,0,182775
BANKNIFTY-III.NFO,25/09/2024,09:45:53,54477.9,54473.45,150,54484.75,15,0,182775
BANKNIFTY-III.NFO,25/09/2024,09:45:54,54477.9,54474.35,165,54484.75,15,0,182775
BANKNIFTY-III.NFO,25/09/2024,09:45:56,54477.9,54473.6,150,54477.9,120,0,182775
BANKNIFTY-III.NFO,25/09/2024,09:45:58,54477.9,54467.75,150,54477.9,120,0,182775
BANKNIFTY-III.NFO,25/09/2024,09:45:59,54477.9,54467.9,150,54477.9,120,0,182775
BANKNIFTY-III.NFO,25/09/2024,09:46:01,54477.9,54465.45,150,54477.4,75,0,182775
BANKNIFTY-III.NFO,25/09/2024,09:46:03,54477.9,54466.15,150,54477.9,135,0,182775
BANKNIFTY-III.NFO,25/09/2024,09:46:04,54477.9,54467.15,15,54477.9,120,0,182775
BANKNIFTY-III.NFO,25/09/2024,09:46:06,54477.9,54465.05,150,54477.85,75,0,182775
BANKNIFTY-III.NFO,25/09/2024,09:46:08,54477.9,54464.15,150,54475.9,75,0,182775
BANKNIFTY-III.NFO,25/09/2024,09:46:09,54477.9,54466.75,150,54477.9,135,0,182775
BANKNIFTY-III.NFO,25/09/2024,09:46:11,54477.9,54466.05,150,54477,60,0,182775
BANKNIFTY-III.NFO,25/09/2024,09:46:13,54477.9,54466.1,150,54477.75,15,0,182775
BANKNIFTY-III.NFO,25/09/2024,09:46:14,54477.9,54465.85,150,54476.85,60,0,182775
BANKNIFTY-III.NFO,25/09/2024,09:46:16,54477.9,54468,150,54477.9,120,0,182775
BANKNIFTY-III.NFO,25/09/2024,09:46:18,54477.9,54470,150,54477.9,120,0,182775
BANKNIFTY-III.NFO,25/09/2024,09:46:19,54477.9,54468.4,150,54480.5,75,0,182775
BANKNIFTY-III.NFO,25/09/2024,09:46:21,54477.9,54470.4,165,54482.85,60,0,182775
BANKNIFTY-III.NFO,25/09/2024,09:46:23,54477.9,54468.1,165,54480.55,75,0,182775
BANKNIFTY-III.NFO,25/09/2024,09:46:24,54477.9,54471.6,150,54482.3,60,0,182775
BANKNIFTY-III.NFO,25/09/2024,09:46:26,54477.9,54469.95,150,54481.7,75,0,182775
BANKNIFTY-III.NFO,25/09/2024,09:46:28,54477.9,54471.95,90,54482.5,60,0,182775
BANKNIFTY-III.NFO,25/09/2024,09:46:29,54477.9,54473.45,150,54484.25,60,0,182775
BANKNIFTY-III.NFO,25/09/2024,09:46:31,54477.9,54473.6,150,54483.95,60,0,182775
BANKNIFTY-III.NFO,25/09/2024,09:46:33,54477.9,54473.6,150,54484.5,120,0,182775
BANKNIFTY-III.NFO,25/09/2024,09:46:34,54484.1,54471.9,30,54483.15,60,15,182775
BANKNIFTY-III.NFO,25/09/2024,09:46:36,54484.1,54473.95,15,54484.55,60,0,182775
BANKNIFTY-III.NFO,25/09/2024,09:46:38,54484.1,54474,30,54484.75,15,0,182775
BANKNIFTY-III.NFO,25/09/2024,09:46:39,54484.1,54472.5,15,54482.85,60,0,182775
BANKNIFTY-III.NFO,25/09/2024,09:46:41,54484.1,54472.7,15,54482,15,0,182775
BANKNIFTY-III.NFO,25/09/2024,09:46:43,54484.1,54475.3,15,54482,15,0,182775
BANKNIFTY-III.NFO,25/09/2024,09:46:46,54484.1,54476.3,15,54482,15,0,182775
BANKNIFTY-III.NFO,25/09/2024,09:46:48,54484.1,54477.95,15,54482,15,0,182775
BANKNIFTY-III.NFO,25/09/2024,09:46:49,54484.1,54477.4,15,54482,15,0,182775
BANKNIFTY-III.NFO,25/09/2024,09:46:51,54484.1,54475.95,30,54482,15,0,182775
BANKNIFTY-III.NFO,25/09/2024,09:46:53,54484.1,54477.45,15,54482,15,0,182775
BANKNIFTY-III.NFO,25/09/2024,09:46:54,54484.1,54477.5,15,54482,15,0,182775
BANKNIFTY-III.NFO,25/09/2024,09:46:56,54484.1,54477.65,15,54482,15,0,182775
BANKNIFTY-III.NFO,25/09/2024,09:46:58,54484.1,54477.3,15,54482,15,0,182775
BANKNIFTY-III.NFO,25/09/2024,09:46:59,54484.1,54479.05,15,54482,15,0,182775
BANKNIFTY-III.NFO,25/09/2024,09:47:01,54484.1,54476.65,15,54482,15,0,182775
BANKNIFTY-III.NFO,25/09/2024,09:47:03,54474.95,54475.7,150,54482,15,105,182775
BANKNIFTY-III.NFO,25/09/2024,09:47:04,54474.95,54472.5,150,54482,15,0,182775
BANKNIFTY-III.NFO,25/09/2024,09:47:06,54474.95,54475.8,150,54482,15,0,182775
BANKNIFTY-III.NFO,25/09/2024,09:47:09,54474.95,54473.8,150,54482,15,0,182775
BANKNIFTY-III.NFO,25/09/2024,09:47:11,54474.95,54473,150,54482,15,0,182775
BANKNIFTY-III.NFO,25/09/2024,09:47:12,54474.95,54473.15,150,54482,15,0,182775
BANKNIFTY-III.NFO,25/09/2024,09:47:14,54474.95,54474.7,150,54482,15,0,182775
BANKNIFTY-III.NFO,25/09/2024,09:47:16,54474.95,54474.75,150,54482,15,0,182775
BANKNIFTY-III.NFO,25/09/2024,09:47:17,54474.95,54473.95,150,54482,15,0,182775
BANKNIFTY-III.NFO,25/09/2024,09:47:19,54474.95,54472.65,150,54480,15,0,182775
BANKNIFTY-III.NFO,25/09/2024,09:47:21,54474.95,54476.05,150,54480,15,0,182775
BANKNIFTY-III.NFO,25/09/2024,09:47:22,54474.95,54477.65,150,54480,15,0,182775
BANKNIFTY-III.NFO,25/09/2024,09:47:26,54474.95,54477.75,150,54480,15,0,182775
BANKNIFTY-III.NFO,25/09/2024,09:47:27,54474.95,54475.25,150,54480,15,0,182775
BANKNIFTY-III.NFO,25/09/2024,09:47:31,54474.95,54474.45,150,54480,15,0,182775
BANKNIFTY-III.NFO,25/09/2024,09:47:32,54474.95,54476.4,150,54480,15,0,182775
BANKNIFTY-III.NFO,25/09/2024,09:47:34,54474.95,54474.4,150,54480,15,0,182775
BANKNIFTY-III.NFO,25/09/2024,09:47:37,54474.95,54470.5,150,54480,15,0,182775
BANKNIFTY-III.NFO,25/09/2024,09:47:39,54474.95,54471.5,150,54480,15,0,182775
BANKNIFTY-III.NFO,25/09/2024,09:47:41,54474.95,54470.55,150,54479.95,60,0,182775
BANKNIFTY-III.NFO,25/09/2024,09:47:42,54474.95,54468.8,150,54479.95,75,0,182775
BANKNIFTY-III.NFO,25/09/2024,09:47:44,54474.95,54469.65,150,54479.95,75,0,182775
BANKNIFTY-III.NFO,25/09/2024,09:47:46,54474.95,54469.45,150,54479.95,75,0,182775
BANKNIFTY-III.NFO,25/09/2024,09:47:47,54474.95,54472.9,150,54478,15,0,182775
BANKNIFTY-III.NFO,25/09/2024,09:47:49,54474.95,54473.75,150,54478,15,0,182775
BANKNIFTY-III.NFO,25/09/2024,09:47:51,54474.95,54476.2,150,54478,15,0,182775
BANKNIFTY-III.NFO,25/09/2024,09:47:52,54474.95,54475.35,150,54478,15,0,182775
BANKNIFTY-III.NFO,25/09/2024,09:47:54,54474.95,54477.05,150,54478,15,0,182775
BANKNIFTY-III.NFO,25/09/2024,09:47:56,54478,54476.55,150,54484,15,15,182775
BANKNIFTY-III.NFO,25/09/2024,09:47:57,54478,54476.55,150,54484,15,0,182775
BANKNIFTY-III.NFO,25/09/2024,09:47:59,54478,54476.6,150,54484,15,0,182775
BANKNIFTY-III.NFO,25/09/2024,09:48:01,54478,54475.8,150,54483.95,60,0,182775
BANKNIFTY-III.NFO,25/09/2024,09:48:02,54483.95,54476.05,150,54484,15,15,182775
BANKNIFTY-III.NFO,25/09/2024,09:48:04,54483.95,54472.9,150,54483.95,75,0,182775
BANKNIFTY-III.NFO,25/09/2024,09:48:06,54483.95,54473.8,150,54483.95,60,0,182775
BANKNIFTY-III.NFO,25/09/2024,09:48:07,54483.95,54473.85,150,54483.95,60,0,182775
BANKNIFTY-III.NFO,25/09/2024,09:48:09,54483.95,54474.8,150,54483.95,60,0,182775
BANKNIFTY-III.NFO,25/09/2024,09:48:10,54483.95,54471.55,15,54483.95,75,0,182775
BANKNIFTY-III.NFO,25/09/2024,09:48:12,54483.95,54472.65,150,54483.95,75,0,182775
BANKNIFTY-III.NFO,25/09/2024,09:48:14,54483.95,54474.4,15,54484,15,0,182775
BANKNIFTY-III.NFO,25/09/2024,09:48:15,54483.95,54476.9,150,54484,15,0,182775
BANKNIFTY-III.NFO,25/09/2024,09:48:17,54483.95,54476.15,150,54484,15,0,182775
BANKNIFTY-III.NFO,25/09/2024,09:48:19,54483.95,54474.55,150,54483.95,60,0,182775
BANKNIFTY-III.NFO,25/09/2024,09:48:20,54483.95,54479.15,15,54484,15,0,182775
BANKNIFTY-III.NFO,25/09/2024,09:48:22,54483.95,54479,15,54484,15,0,182775
BANKNIFTY-III.NFO,25/09/2024,09:48:24,54483.95,54475.45,15,54484,15,0,182775
BANKNIFTY-III.NFO,25/09/2024,09:48:26,54483.95,54475.05,15,54484,15,0,182775
BANKNIFTY-III.NFO,25/09/2024,09:48:27,54483.95,54473.95,15,54483.95,60,0,182775
BANKNIFTY-III.NFO,25/09/2024,09:48:29,54483.95,54474.85,15,54484,15,0,182775
BANKNIFTY-III.NFO,25/09/2024,09:48:30,54483.95,54473.95,15,54483.95,60,0,182775
BANKNIFTY-III.NFO,25/09/2024,09:48:32,54483.95,54473.95,15,54483.95,75,0,182775
BANKNIFTY-III.NFO,25/09/2024,09:48:34,54483.95,54473.95,15,54483.75,60,0,182775
BANKNIFTY-III.NFO,25/09/2024,09:48:35,54473.95,54470,15,54476.3,75,30,182910
BANKNIFTY-III.NFO,25/09/2024,09:48:37,54473.95,54470,15,54478.7,75,0,182910
BANKNIFTY-III.NFO,25/09/2024,09:48:39,54473.95,54470,15,54476.25,60,0,182910
BANKNIFTY-III.NFO,25/09/2024,09:48:40,54473.95,54470,15,54477.45,30,0,182910
BANKNIFTY-III.NFO,25/09/2024,09:48:42,54473.95,54470,15,54476.15,90,0,182910
BANKNIFTY-III.NFO,25/09/2024,09:48:44,54473.95,54470,15,54476.6,75,0,182910
BANKNIFTY-III.NFO,25/09/2024,09:48:45,54473.95,54470,15,54476,90,0,182910
BANKNIFTY-III.NFO,25/09/2024,09:48:49,54473.95,54470,15,54476.05,105,0,182910
BANKNIFTY-III.NFO,25/09/2024,09:48:50,54473.95,54470,15,54479.1,75,0,182910
BANKNIFTY-III.NFO,25/09/2024,09:48:52,54473.95,54470.05,30,54479.4,30,0,182910
BANKNIFTY-III.NFO,25/09/2024,09:48:54,54470,54466.15,45,54479.95,75,15,182910
BANKNIFTY-III.NFO,25/09/2024,09:48:55,54470,54466.85,45,54479.95,75,0,182910
BANKNIFTY-III.NFO,25/09/2024,09:48:57,54470,54470,30,54479.95,75,0,182910
BANKNIFTY-III.NFO,25/09/2024,09:49:04,54470,54470.05,30,54479.95,60,0,182910
BANKNIFTY-III.NFO,25/09/2024,09:49:05,54470,54470,30,54479.95,75,0,182910
BANKNIFTY-III.NFO,25/09/2024,09:49:09,54470,54470,30,54477.6,90,0,182910
BANKNIFTY-III.NFO,25/09/2024,09:49:10,54470,54470,30,54479.45,60,0,182910
BANKNIFTY-III.NFO,25/09/2024,09:49:12,54470,54470,30,54477.7,60,0,182910
BANKNIFTY-III.NFO,25/09/2024,09:49:13,54470,54477.2,30,54480,15,0,182910
BANKNIFTY-III.NFO,25/09/2024,09:49:15,54470,54475.2,45,54480,15,0,182910
BANKNIFTY-III.NFO,25/09/2024,09:49:17,54470,54472.85,30,54480,15,0,182910
BANKNIFTY-III.NFO,25/09/2024,09:49:18,54470,54475.4,45,54480,15,0,182910
BANKNIFTY-III.NFO,25/09/2024,09:49:20,54470,54472.6,45,54480,15,0,182910
BANKNIFTY-III.NFO,25/09/2024,09:49:22,54470,54474.35,30,54480,15,0,182910
BANKNIFTY-III.NFO,25/09/2024,09:49:23,54470,54475.1,45,54480,15,0,182910
BANKNIFTY-III.NFO,25/09/2024,09:49:25,54470,54475.2,30,54480,15,0,182910
BANKNIFTY-III.NFO,25/09/2024,09:49:27,54470,54474.6,30,54480,15,0,182910
BANKNIFTY-III.NFO,25/09/2024,09:49:29,54470,54478.9,45,54480,15,0,182910
BANKNIFTY-III.NFO,25/09/2024,09:49:30,54470,54478.05,30,54480,15,0,182910
BANKNIFTY-III.NFO,25/09/2024,09:49:32,54478.9,54476.2,15,54480,15,15,182910
BANKNIFTY-III.NFO,25/09/2024,09:49:33,54484,54477.85,15,54484.75,15,30,182910
BANKNIFTY-III.NFO,25/09/2024,09:49:35,54484.75,54482.8,30,54495,300,15,182910
BANKNIFTY-III.NFO,25/09/2024,09:49:37,54484.75,54489.25,15,54495,300,0,182910
BANKNIFTY-III.NFO,25/09/2024,09:49:38,54484.75,54487.45,30,54495,300,0,182910
BANKNIFTY-III.NFO,25/09/2024,09:49:40,54488.6,54487.15,15,54495,300,15,182910
BANKNIFTY-III.NFO,25/09/2024,09:49:42,54488.6,54490.4,165,54495,300,0,182910
BANKNIFTY-III.NFO,25/09/2024,09:49:43,54488.6,54487.9,75,54495,300,0,182910
BANKNIFTY-III.NFO,25/09/2024,09:49:45,54488.6,54489.3,150,54495,300,0,182910
BANKNIFTY-III.NFO,25/09/2024,09:49:47,54487.65,54487.7,150,54495,300,15,182910
BANKNIFTY-III.NFO,25/09/2024,09:49:48,54487.65,54486.65,150,54495,300,0,182910
BANKNIFTY-III.NFO,25/09/2024,09:49:50,54487.65,54486,150,54495,300,0,182910
BANKNIFTY-III.NFO,25/09/2024,09:49:51,54487.65,54484.3,150,54495,300,0,182910
BANKNIFTY-III.NFO,25/09/2024,09:49:53,54495,54488.6,105,54494.95,60,30,182910
BANKNIFTY-III.NFO,25/09/2024,09:49:55,54495,54488.6,105,54495,270,0,182910
BANKNIFTY-III.NFO,25/09/2024,09:50:00,54495,54490.4,150,54495,270,0,182910
BANKNIFTY-III.NFO,25/09/2024,09:50:01,54495,54490.85,150,54495,270,0,182910
BANKNIFTY-III.NFO,25/09/2024,09:50:03,54495,54491.1,300,54495,270,0,182910
BANKNIFTY-III.NFO,25/09/2024,09:50:04,54495,54489.75,150,54495,270,0,182910
BANKNIFTY-III.NFO,25/09/2024,09:50:06,54495,54492.5,150,54495,270,0,182910
BANKNIFTY-III.NFO,25/09/2024,09:50:08,54495,54491.8,150,54495,270,0,182910
BANKNIFTY-III.NFO,25/09/2024,09:50:09,54495,54493.6,225,54495,90,180,182910
BANKNIFTY-III.NFO,25/09/2024,09:50:11,54496.15,54493.55,60,54495,15,390,182910
BANKNIFTY-III.NFO,25/09/2024,09:50:13,54495,54496,15,54497.6,15,15,182910
BANKNIFTY-III.NFO,25/09/2024,09:50:14,54495,54496,15,54497.6,15,0,182910
BANKNIFTY-III.NFO,25/09/2024,09:50:23,54495,54495,120,54497.55,75,0,182910
BANKNIFTY-III.NFO,25/09/2024,09:50:31,54495.55,54488.6,105,54495.2,60,150,182910
BANKNIFTY-III.NFO,25/09/2024,09:50:32,54495.55,54488.6,105,54495.4,60,0,182910
BANKNIFTY-III.NFO,25/09/2024,09:50:34,54495.55,54488.6,105,54493.65,60,0,182910
BANKNIFTY-III.NFO,25/09/2024,09:50:36,54495.55,54488.6,105,54495.8,60,0,182910
BANKNIFTY-III.NFO,25/09/2024,09:50:37,54495.55,54488.6,105,54494.85,60,0,182910
BANKNIFTY-III.NFO,25/09/2024,09:50:39,54495.55,54488.6,105,54495.1,75,0,182910
BANKNIFTY-III.NFO,25/09/2024,09:50:41,54495.55,54488.6,105,54493.1,75,0,182910
BANKNIFTY-III.NFO,25/09/2024,09:50:46,54495.55,54488.6,105,54495.05,75,0,182910
BANKNIFTY-III.NFO,25/09/2024,09:50:47,54495.55,54488.6,105,54494,75,0,182910
BANKNIFTY-III.NFO,25/09/2024,09:50:49,54495.55,54488.6,105,54492.3,75,0,182910
BANKNIFTY-III.NFO,25/09/2024,09:50:51,54495.55,54488.6,105,54493.1,75,0,182910
BANKNIFTY-III.NFO,25/09/2024,09:50:52,54495.55,54488.6,105,54491.55,60,0,182910
BANKNIFTY-III.NFO,25/09/2024,09:50:54,54495.55,54488.6,105,54491.45,75,0,182910
BANKNIFTY-III.NFO,25/09/2024,09:50:56,54495.55,54488.6,105,54492.5,75,0,182910
BANKNIFTY-III.NFO,25/09/2024,09:50:57,54495.55,54488.6,105,54492.7,60,0,182910
BANKNIFTY-III.NFO,25/09/2024,09:50:59,54495.55,54488.6,105,54494.1,60,0,182910
BANKNIFTY-III.NFO,25/09/2024,09:51:01,54495.55,54488.6,105,54492.45,75,0,182910
BANKNIFTY-III.NFO,25/09/2024,09:51:02,54495.55,54488.65,30,54495.55,15,0,182910
BANKNIFTY-III.NFO,25/09/2024,09:51:04,54497.6,54488.6,105,54496.85,75,45,182910
BANKNIFTY-III.NFO,25/09/2024,09:51:04,54497.6,54488.6,105,54496.85,75,0,182910
BANKNIFTY-III.NFO,25/09/2024,09:51:06,54497.6,54488.6,105,54497.2,75,0,182910
BANKNIFTY-III.NFO,25/09/2024,09:51:07,54497.6,54488.65,30,54498.05,30,0,182910
BANKNIFTY-III.NFO,25/09/2024,09:51:09,54497.6,54488.65,30,54499.9,60,0,182910
BANKNIFTY-III.NFO,25/09/2024,09:51:11,54497.6,54488.65,45,54499.95,15,0,182910
BANKNIFTY-III.NFO,25/09/2024,09:51:12,54497.6,54488.65,30,54499.9,15,0,182910
BANKNIFTY-III.NFO,25/09/2024,09:51:14,54497.6,54488.6,105,54498.05,75,0,182910
BANKNIFTY-III.NFO,25/09/2024,09:51:16,54497.6,54488.65,30,54499.35,60,0,182910
BANKNIFTY-III.NFO,25/09/2024,09:51:17,54497.6,54488.65,45,54499.95,15,0,182910
BANKNIFTY-III.NFO,25/09/2024,09:51:19,54497.6,54488.6,105,54499.4,60,0,182910
BANKNIFTY-III.NFO,25/09/2024,09:51:21,54497.6,54488.6,105,54499.4,120,0,182910
BANKNIFTY-III.NFO,25/09/2024,09:51:22,54497.6,54488.6,105,54499.9,75,0,182910
BANKNIFTY-III.NFO,25/09/2024,09:51:24,54497.6,54488.6,105,54499.45,150,0,182910
BANKNIFTY-III.NFO,25/09/2024,09:51:26,54497.6,54488.6,105,54497.3,60,0,182910
BANKNIFTY-III.NFO,25/09/2024,09:51:27,54497.6,54488.6,105,54495.7,75,0,182910
BANKNIFTY-III.NFO,25/09/2024,09:51:29,54497.6,54488.6,105,54492.55,60,0,182910
BANKNIFTY-III.NFO,25/09/2024,09:51:30,54497.6,54488.6,105,54492.55,75,0,182910
BANKNIFTY-III.NFO,25/09/2024,09:51:32,54488.6,54470.25,30,54487,60,105,183240
BANKNIFTY-III.NFO,25/09/2024,09:51:34,54488.6,54470.25,75,54485.4,75,0,183240
BANKNIFTY-III.NFO,25/09/2024,09:51:35,54488.6,54469.85,30,54484.8,75,0,183240
BANKNIFTY-III.NFO,25/09/2024,09:51:37,54488.6,54467.05,30,54482.8,60,0,183240
BANKNIFTY-III.NFO,25/09/2024,09:51:39,54488.6,54467.05,30,54482.7,60,0,183240
BANKNIFTY-III.NFO,25/09/2024,09:51:41,54482.7,54467.15,45,54481.45,60,15,183240
BANKNIFTY-III.NFO,25/09/2024,09:51:42,54482.7,54465.55,45,54480.05,75,0,183240
BANKNIFTY-III.NFO,25/09/2024,09:51:44,54482.7,54467.5,45,54482.9,75,0,183240
BANKNIFTY-III.NFO,25/09/2024,09:51:46,54468.45,54468.45,30,54483,75,15,183240
BANKNIFTY-III.NFO,25/09/2024,09:51:47,54468.45,54467.9,45,54483.15,60,0,183240
BANKNIFTY-III.NFO,25/09/2024,09:51:49,54468.45,54467.3,30,54481.8,75,0,183240
BANKNIFTY-III.NFO,25/09/2024,09:51:51,54468.45,54465.65,45,54480.55,60,0,183240
BANKNIFTY-III.NFO,25/09/2024,09:51:52,54482.65,54467.7,60,54482.55,75,30,183240
BANKNIFTY-III.NFO,25/09/2024,09:51:54,54482.5,54467.7,60,54482.55,75,75,183240
BANKNIFTY-III.NFO,25/09/2024,09:51:56,54482.5,54467.7,60,54481.95,75,0,183240
BANKNIFTY-III.NFO,25/09/2024,09:51:57,54482.5,54469.45,60,54482.7,105,0,183240
BANKNIFTY-III.NFO,25/09/2024,09:51:59,54482.5,54473.15,60,54482.7,105,0,183240
