Ticker,Date,Time,LTP,BuyPrice,BuyQty,SellPrice,SellQty,LTQ,OpenInterest
NIFTY-III.NFO,25/09/2024,09:15:02,26171,26145.25,100,26161.8,100,25,741200
NIFTY-III.NFO,25/09/2024,09:15:02,26171,26145.25,100,26161.8,100,0,741200
NIFTY-III.NFO,25/09/2024,09:15:02,26171,26145.25,100,26161.8,100,0,741200
NIFTY-III.NFO,25/09/2024,09:15:02,26171,26145.25,100,26161.8,100,0,741200
NIFTY-III.NFO,25/09/2024,09:15:04,26150,26147.35,75,26161.75,100,125,741200
NIFTY-III.NFO,25/09/2024,09:15:04,26145.25,26147.35,75,26161.75,100,0,741200
NIFTY-III.NFO,25/09/2024,09:15:06,26160,26160,250,26163.05,100,250,741200
NIFTY-III.NFO,25/09/2024,09:15:09,26160,26160,225,26165.8,50,775,741200
NIFTY-III.NFO,25/09/2024,09:15:09,26172.6,26160,225,26165.8,50,0,741200
NIFTY-III.NFO,25/09/2024,09:15:11,26160.05,26160,225,26165.75,25,25,741200
NIFTY-III.NFO,25/09/2024,09:15:13,26170.25,26160,275,26168.5,50,75,741200
NIFTY-III.NFO,25/09/2024,09:15:15,26160.05,26160,275,26165.3,50,50,741200
NIFTY-III.NFO,25/09/2024,09:15:17,26165.1,26160,300,26165.15,250,25,741200
NIFTY-III.NFO,25/09/2024,09:15:20,26160.05,26160,300,26162,25,25,741200
NIFTY-III.NFO,25/09/2024,09:15:22,26160.05,26160,300,26162,25,0,741200
NIFTY-III.NFO,25/09/2024,09:15:24,26160.05,26160.05,75,26166.45,25,100,741200
NIFTY-III.NFO,25/09/2024,09:15:27,26160.05,26160.05,50,26165.55,250,25,741200
NIFTY-III.NFO,25/09/2024,09:15:29,26160.05,26148.6,100,26163.2,50,425,741200
NIFTY-III.NFO,25/09/2024,09:15:31,26165.2,26150.65,100,26160,25,725,741200
NIFTY-III.NFO,25/09/2024,09:15:34,26165.2,26151.25,100,26160,25,0,741200
NIFTY-III.NFO,25/09/2024,09:15:36,26151.65,26151.85,100,26160.35,50,75,741575
NIFTY-III.NFO,25/09/2024,09:15:38,26160,26150.45,175,26160.25,125,250,741575
NIFTY-III.NFO,25/09/2024,09:15:41,26160.25,26151.15,100,26160.25,75,50,741575
NIFTY-III.NFO,25/09/2024,09:15:43,26160.25,26152.8,100,26160.4,75,75,741575
NIFTY-III.NFO,25/09/2024,09:15:46,26162.15,26155.5,100,26163.2,75,150,741575
NIFTY-III.NFO,25/09/2024,09:15:48,26162.45,26155,25,26160,100,75,741575
NIFTY-III.NFO,25/09/2024,09:15:50,26162.45,26155,25,26160,100,0,741575
NIFTY-III.NFO,25/09/2024,09:15:53,26160,26155.1,25,26161.75,75,25,741575
NIFTY-III.NFO,25/09/2024,09:15:55,26161.75,26155.05,175,26163.2,25,50,741575
NIFTY-III.NFO,25/09/2024,09:15:58,26161.75,26155.05,100,26163.2,25,0,741575
NIFTY-III.NFO,25/09/2024,09:16:00,26161.75,26155.05,175,26162.45,175,25,741575
NIFTY-III.NFO,25/09/2024,09:16:03,26162.45,26160,25,26162.45,75,25,741575
NIFTY-III.NFO,25/09/2024,09:16:05,26156,26155.05,100,26156,500,500,741575
NIFTY-III.NFO,25/09/2024,09:16:07,26156,26155.9,25,26156,500,0,741575
NIFTY-III.NFO,25/09/2024,09:16:10,26156,26155.05,100,26156,475,25,741575
NIFTY-III.NFO,25/09/2024,09:16:12,26155.05,26155.1,25,26156,450,50,741575
NIFTY-III.NFO,25/09/2024,09:16:15,26156,26155.05,200,26156,50,400,741575
NIFTY-III.NFO,25/09/2024,09:16:17,26156,26155.05,200,26156,50,0,741575
NIFTY-III.NFO,25/09/2024,09:16:19,26156,26155.1,100,26162,100,75,741575
NIFTY-III.NFO,25/09/2024,09:16:22,26162,26156.05,25,26162.4,25,75,741575
NIFTY-III.NFO,25/09/2024,09:16:24,26162,26156.45,25,26162.4,25,0,741575
NIFTY-III.NFO,25/09/2024,09:16:27,26164.5,26156.75,400,26164.5,50,125,741575
NIFTY-III.NFO,25/09/2024,09:16:29,26156.8,26156.8,25,26163.55,25,50,741575
NIFTY-III.NFO,25/09/2024,09:16:31,26156.8,26156.8,25,26163.55,25,0,741575
NIFTY-III.NFO,25/09/2024,09:16:34,26166.2,26158.05,25,26166.25,250,450,741575
NIFTY-III.NFO,25/09/2024,09:16:36,26166.7,26158.05,100,26166.7,50,125,741575
NIFTY-III.NFO,25/09/2024,09:16:39,26166.7,26158.05,25,26166.15,125,0,741575
NIFTY-III.NFO,25/09/2024,09:16:41,26166.7,26158.05,100,26166.15,75,0,741575
NIFTY-III.NFO,25/09/2024,09:16:43,26166,26158.05,100,26166,50,75,741575
NIFTY-III.NFO,25/09/2024,09:16:46,26166,26158.05,25,26164.95,75,0,741575
NIFTY-III.NFO,25/09/2024,09:16:48,26160,26158,25,26164.95,50,175,741575
NIFTY-III.NFO,25/09/2024,09:16:51,26165.1,26158,25,26164.65,225,100,741575
NIFTY-III.NFO,25/09/2024,09:16:53,26165.1,26160,50,26165.5,75,0,741575
NIFTY-III.NFO,25/09/2024,09:16:56,26165.1,26160,50,26165,125,0,741575
NIFTY-III.NFO,25/09/2024,09:17:00,26165.1,26160,50,26165,50,0,741575
NIFTY-III.NFO,25/09/2024,09:17:03,26165.1,26160,50,26165,125,0,741575
NIFTY-III.NFO,25/09/2024,09:17:05,26165,26160,325,26166.55,100,125,741575
NIFTY-III.NFO,25/09/2024,09:17:08,26167.3,26165,250,26167.3,75,75,741575
NIFTY-III.NFO,25/09/2024,09:17:10,26167.7,26165,250,26168.05,300,25,741575
NIFTY-III.NFO,25/09/2024,09:17:12,26168,26165,250,26168.55,300,25,741575
NIFTY-III.NFO,25/09/2024,09:17:15,26168.6,26166.6,400,26168.6,25,300,741575
NIFTY-III.NFO,25/09/2024,09:17:17,26166.6,26168.55,25,26169.7,250,25,741575
NIFTY-III.NFO,25/09/2024,09:17:20,26166.6,26168.55,25,26169.8,125,0,741575
NIFTY-III.NFO,25/09/2024,09:17:22,26167.7,26167.7,25,26168.2,125,50,741575
NIFTY-III.NFO,25/09/2024,09:17:24,26167.7,26166.6,375,26168.1,125,25,741575
NIFTY-III.NFO,25/09/2024,09:17:27,26166.6,26166.6,325,26167.2,200,75,741575
NIFTY-III.NFO,25/09/2024,09:17:29,26166.6,26166.6,75,26166.9,100,250,741575
NIFTY-III.NFO,25/09/2024,09:17:32,26166.6,26166,25,26167.15,125,75,741575
NIFTY-III.NFO,25/09/2024,09:17:34,26166.6,26166,25,26167.8,50,0,741575
NIFTY-III.NFO,25/09/2024,09:17:37,26166.6,26166,25,26167.6,100,25,741575
NIFTY-III.NFO,25/09/2024,09:17:39,26166,26165,25,26166.6,25,50,741575
NIFTY-III.NFO,25/09/2024,09:17:41,26166.6,26165,100,26166,100,25,741575
NIFTY-III.NFO,25/09/2024,09:17:44,26166,26165,25,26166,75,25,741575
NIFTY-III.NFO,25/09/2024,09:17:46,26166,26163,100,26166,50,25,741575
NIFTY-III.NFO,25/09/2024,09:17:49,26163,26165,25,26166,50,25,741575
NIFTY-III.NFO,25/09/2024,09:17:51,26166.6,26161.2,100,26167.45,50,225,741575
NIFTY-III.NFO,25/09/2024,09:17:53,26166.6,26161.2,100,26165,25,0,741575
NIFTY-III.NFO,25/09/2024,09:17:56,26168.3,26166,75,26167.9,25,175,741575
NIFTY-III.NFO,25/09/2024,09:17:58,26168.3,26166,75,26168.3,25,0,741575
NIFTY-III.NFO,25/09/2024,09:18:01,26166,26165,25,26166,25,450,741575
NIFTY-III.NFO,25/09/2024,09:18:03,26166,26165,25,26166.95,175,25,741575
NIFTY-III.NFO,25/09/2024,09:18:05,26165,26161.2,100,26167,25,25,741575
NIFTY-III.NFO,25/09/2024,09:18:08,26170,26166,25,26168.3,50,100,741575
NIFTY-III.NFO,25/09/2024,09:18:10,26170,26166,25,26167.3,25,0,741575
NIFTY-III.NFO,25/09/2024,09:18:13,26170,26166,25,26167.25,50,0,741575
NIFTY-III.NFO,25/09/2024,09:18:15,26170,26166,25,26167.3,75,0,741575
NIFTY-III.NFO,25/09/2024,09:18:17,26167.3,26166,25,26167.25,25,25,741575
NIFTY-III.NFO,25/09/2024,09:18:20,26167.25,26167,25,26167.45,25,25,741575
NIFTY-III.NFO,25/09/2024,09:18:22,26165,26162,100,26165,50,75,741575
NIFTY-III.NFO,25/09/2024,09:18:25,26165,26162,100,26168.85,25,50,741575
NIFTY-III.NFO,25/09/2024,09:18:27,26165,26163.1,50,26170,25,0,741575
NIFTY-III.NFO,25/09/2024,09:18:30,26165,26166.1,50,26170,25,0,741575
NIFTY-III.NFO,25/09/2024,09:18:32,26165,26167,325,26170,25,0,741575
NIFTY-III.NFO,25/09/2024,09:18:34,26167,26167.3,300,26170,25,25,743500
NIFTY-III.NFO,25/09/2024,09:18:37,26167,26167.3,75,26170,25,0,743500
NIFTY-III.NFO,25/09/2024,09:18:39,26167,26167,25,26170,50,0,743500
NIFTY-III.NFO,25/09/2024,09:18:42,26167,26167,100,26170,50,0,743500
NIFTY-III.NFO,25/09/2024,09:18:44,26167,26167,25,26170,50,0,743500
NIFTY-III.NFO,25/09/2024,09:18:47,26170,26167,50,26168,25,25,743500
NIFTY-III.NFO,25/09/2024,09:18:51,26168,26167,75,26170,25,25,743500
NIFTY-III.NFO,25/09/2024,09:18:54,26170,26167,75,26171,25,25,743500
NIFTY-III.NFO,25/09/2024,09:18:56,26170,26168,50,26168.95,250,0,743500
NIFTY-III.NFO,25/09/2024,09:18:59,26169.9,26168,50,26169.85,250,50,743500
NIFTY-III.NFO,25/09/2024,09:19:01,26169.9,26168,50,26170.4,25,0,743500
NIFTY-III.NFO,25/09/2024,09:19:04,26168.95,26168,50,26168.35,250,25,743500
NIFTY-III.NFO,25/09/2024,09:19:06,26168,26167,75,26167.5,250,50,743500
NIFTY-III.NFO,25/09/2024,09:19:08,26167,26165,100,26167.15,250,75,743500
NIFTY-III.NFO,25/09/2024,09:19:11,26167.9,26165,100,26168,100,25,743500
NIFTY-III.NFO,25/09/2024,09:19:13,26168,26165,100,26168,75,25,743500
NIFTY-III.NFO,25/09/2024,09:19:15,26168,26165,100,26167.1,75,0,743500
NIFTY-III.NFO,25/09/2024,09:19:20,26168,26165,100,26166.3,125,0,743500
NIFTY-III.NFO,25/09/2024,09:19:23,26165,26162.1,25,26164.8,25,100,743500
NIFTY-III.NFO,25/09/2024,09:19:25,26165,26162.1,25,26164,25,0,743500
NIFTY-III.NFO,25/09/2024,09:19:27,26164.9,26163,25,26164.65,125,25,743500
NIFTY-III.NFO,25/09/2024,09:19:30,26164.9,26163,25,26164.95,100,0,743500
NIFTY-III.NFO,25/09/2024,09:19:32,26164.9,26163,25,26165,50,0,743500
NIFTY-III.NFO,25/09/2024,09:19:35,26165,26163,25,26165,25,25,743500
NIFTY-III.NFO,25/09/2024,09:19:37,26165,26163,25,26165,25,25,743500
NIFTY-III.NFO,25/09/2024,09:19:39,26163,26162.1,25,26164.95,100,50,743500
NIFTY-III.NFO,25/09/2024,09:19:42,26162.1,26161,100,26166.9,100,25,743500
NIFTY-III.NFO,25/09/2024,09:19:44,26162.1,26161,100,26168,75,0,743500
NIFTY-III.NFO,25/09/2024,09:19:47,26162.1,26162.1,100,26168,75,0,743500
NIFTY-III.NFO,25/09/2024,09:19:49,26162.1,26162.1,75,26168,75,50,743500
NIFTY-III.NFO,25/09/2024,09:19:52,26162.1,26164,125,26168,75,625,743500
NIFTY-III.NFO,25/09/2024,09:19:54,26168,26164,125,26168,50,25,743500
NIFTY-III.NFO,25/09/2024,09:19:56,26168,26164,125,26168,25,25,743500
NIFTY-III.NFO,25/09/2024,09:19:59,26169.3,26164,200,26170,825,50,743500
NIFTY-III.NFO,25/09/2024,09:20:01,26169.3,26164.65,175,26170,750,0,743500
NIFTY-III.NFO,25/09/2024,09:20:04,26166.35,26166.65,150,26170,750,25,743500
NIFTY-III.NFO,25/09/2024,09:20:06,26164.65,26165.2,150,26170,750,50,743500
NIFTY-III.NFO,25/09/2024,09:20:08,26164.65,26165.25,75,26170,750,0,743500
NIFTY-III.NFO,25/09/2024,09:20:11,26164.65,26164.55,75,26170,825,0,743500
NIFTY-III.NFO,25/09/2024,09:20:13,26164.65,26164,125,26169.25,175,0,743500
NIFTY-III.NFO,25/09/2024,09:20:16,26164.65,26165,25,26168.1,200,0,743500
NIFTY-III.NFO,25/09/2024,09:20:18,26164,26163,25,26165.4,75,150,743500
NIFTY-III.NFO,25/09/2024,09:20:21,26161,26160,350,26165.35,150,50,743500
NIFTY-III.NFO,25/09/2024,09:20:23,26161,26160,425,26166.75,75,0,743500
NIFTY-III.NFO,25/09/2024,09:20:25,26165,26165,175,26166.75,150,25,743500
NIFTY-III.NFO,25/09/2024,09:20:28,26165,26165,125,26166.8,150,50,743500
NIFTY-III.NFO,25/09/2024,09:20:30,26165,26165,50,26166.2,100,75,743500
NIFTY-III.NFO,25/09/2024,09:20:33,26163,26163,25,26166,25,100,743500
NIFTY-III.NFO,25/09/2024,09:20:35,26163,26163,25,26164.85,25,0,743500
NIFTY-III.NFO,25/09/2024,09:20:38,26165,26163.65,75,26165,50,225,743500
NIFTY-III.NFO,25/09/2024,09:20:40,26165,26164.85,100,26165,25,25,743500
NIFTY-III.NFO,25/09/2024,09:20:43,26165,26164.85,175,26164.95,25,0,743500
NIFTY-III.NFO,25/09/2024,09:20:45,26164.95,26164.85,150,26165,25,100,743500
NIFTY-III.NFO,25/09/2024,09:20:48,26164.95,26164.85,150,26165.95,25,275,743500
NIFTY-III.NFO,25/09/2024,09:20:50,26166.4,26165.3,75,26170,750,75,743500
NIFTY-III.NFO,25/09/2024,09:20:53,26166.4,26165,125,26170,750,0,743500
NIFTY-III.NFO,25/09/2024,09:20:55,26166.4,26166,25,26170,750,0,743500
NIFTY-III.NFO,25/09/2024,09:20:58,26166.4,26166,25,26169.9,250,0,743500
NIFTY-III.NFO,25/09/2024,09:21:00,26166,26165,50,26166,300,100,743500
NIFTY-III.NFO,25/09/2024,09:21:03,26166,26165,50,26165.95,25,0,743500
NIFTY-III.NFO,25/09/2024,09:21:05,26165.95,26165,50,26166,300,25,743500
NIFTY-III.NFO,25/09/2024,09:21:08,26165,26164.85,75,26166,400,50,743500
NIFTY-III.NFO,25/09/2024,09:21:10,26165.95,26164.85,50,26166,325,50,743500
NIFTY-III.NFO,25/09/2024,09:21:13,26165.95,26164.85,50,26165,100,0,743500
NIFTY-III.NFO,25/09/2024,09:21:15,26162,26162,100,26165,100,75,743500
NIFTY-III.NFO,25/09/2024,09:21:18,26162,26160,100,26165,175,100,743500
NIFTY-III.NFO,25/09/2024,09:21:20,26158.85,26160,25,26165,100,425,743500
NIFTY-III.NFO,25/09/2024,09:21:23,26160,26159.2,75,26165,125,200,743500
NIFTY-III.NFO,25/09/2024,09:21:25,26160,26159.55,325,26164,25,100,743500
NIFTY-III.NFO,25/09/2024,09:21:28,26164,26160.4,75,26165,25,25,743500
NIFTY-III.NFO,25/09/2024,09:21:30,26160.55,26161.2,75,26165,25,25,743500
NIFTY-III.NFO,25/09/2024,09:21:33,26160.55,26164,25,26165,25,0,743500
NIFTY-III.NFO,25/09/2024,09:21:35,26160.55,26164,25,26165,75,0,743500
NIFTY-III.NFO,25/09/2024,09:21:38,26164,26160.55,100,26165,575,25,744425
NIFTY-III.NFO,25/09/2024,09:21:40,26160.55,26161.15,75,26165,575,25,744425
NIFTY-III.NFO,25/09/2024,09:21:43,26160.55,26162.3,50,26165,575,0,744425
NIFTY-III.NFO,25/09/2024,09:21:45,26160.55,26160.8,50,26165,575,0,744425
NIFTY-III.NFO,25/09/2024,09:21:48,26160.55,26161.1,75,26165,575,0,744425
NIFTY-III.NFO,25/09/2024,09:21:50,26160.95,26160.55,125,26165,575,100,744425
NIFTY-III.NFO,25/09/2024,09:21:53,26160.95,26161.15,75,26165,575,0,744425
NIFTY-III.NFO,25/09/2024,09:21:55,26162.25,26161.45,325,26165,575,25,744425
NIFTY-III.NFO,25/09/2024,09:21:58,26162.25,26161.45,325,26165,575,0,744425
NIFTY-III.NFO,25/09/2024,09:22:00,26160.85,26160.95,100,26165,575,75,744425
NIFTY-III.NFO,25/09/2024,09:22:03,26160.85,26161.45,325,26162.25,25,0,744425
NIFTY-III.NFO,25/09/2024,09:22:05,26160.85,26161,225,26162.25,25,0,744425
NIFTY-III.NFO,25/09/2024,09:22:10,26161,26161,200,26162.25,25,25,744425
NIFTY-III.NFO,25/09/2024,09:22:13,26161,26161,200,26162.25,25,0,744425
NIFTY-III.NFO,25/09/2024,09:22:18,26161,26160.55,75,26161,100,225,744425
NIFTY-III.NFO,25/09/2024,09:22:20,26161,26160.75,325,26161,75,50,744425
NIFTY-III.NFO,25/09/2024,09:22:23,26161,26161.55,250,26165,600,75,744425
NIFTY-III.NFO,25/09/2024,09:22:25,26165,26161,25,26165,575,25,744425
NIFTY-III.NFO,25/09/2024,09:22:27,26165,26161,375,26165,550,25,744425
NIFTY-III.NFO,25/09/2024,09:22:30,26161,26162.85,325,26165,550,25,744425
NIFTY-III.NFO,25/09/2024,09:22:32,26163.65,26162.4,300,26165,525,50,744425
NIFTY-III.NFO,25/09/2024,09:22:35,26163.65,26161.2,25,26165,525,0,744425
NIFTY-III.NFO,25/09/2024,09:22:37,26163.65,26161.2,25,26162.4,25,0,744425
NIFTY-III.NFO,25/09/2024,09:22:42,26161,26160.55,50,26163.65,25,75,744425
NIFTY-III.NFO,25/09/2024,09:22:45,26161,26160.55,50,26163.65,25,0,744425
NIFTY-III.NFO,25/09/2024,09:22:47,26161,26160.55,50,26161,25,0,744425
NIFTY-III.NFO,25/09/2024,09:22:50,26161,26160.7,250,26163.65,25,25,744425
NIFTY-III.NFO,25/09/2024,09:22:52,26160.75,26160.55,50,26163.65,25,25,744425
NIFTY-III.NFO,25/09/2024,09:22:55,26160.55,26163.5,25,26164.45,50,25,744425
NIFTY-III.NFO,25/09/2024,09:22:57,26160.55,26161,125,26164,125,0,744425
NIFTY-III.NFO,25/09/2024,09:23:00,26163,26161,125,26164.7,25,25,744425
NIFTY-III.NFO,25/09/2024,09:23:02,26163,26161,125,26164.45,25,0,744425
NIFTY-III.NFO,25/09/2024,09:23:04,26160.35,26160.65,250,26165,525,350,744425
NIFTY-III.NFO,25/09/2024,09:23:07,26160.75,26164.9,25,26165,525,25,744425
NIFTY-III.NFO,25/09/2024,09:23:09,26165,26163,25,26165,650,150,744425
NIFTY-III.NFO,25/09/2024,09:23:12,26165,26163,25,26165,450,200,744425
NIFTY-III.NFO,25/09/2024,09:23:14,26165,26163,25,26164.85,50,125,744425
NIFTY-III.NFO,25/09/2024,09:23:17,26163,26160.1,100,26163.4,50,25,744425
NIFTY-III.NFO,25/09/2024,09:23:19,26163,26160.35,325,26164.15,50,150,744425
NIFTY-III.NFO,25/09/2024,09:23:22,26163,26160.35,325,26164.95,50,0,744425
NIFTY-III.NFO,25/09/2024,09:23:24,26163,26163,225,26165,400,0,744425
NIFTY-III.NFO,25/09/2024,09:23:27,26163,26163,200,26165,400,25,744425
NIFTY-III.NFO,25/09/2024,09:23:29,26163,26163,200,26165,400,0,744425
NIFTY-III.NFO,25/09/2024,09:23:32,26164.9,26164.9,25,26165,400,50,744425
NIFTY-III.NFO,25/09/2024,09:23:34,26165,26163,300,26165,175,250,744425
NIFTY-III.NFO,25/09/2024,09:23:37,26164.95,26164.95,25,26165,75,125,744425
NIFTY-III.NFO,25/09/2024,09:23:39,26164,26163,250,26165,50,125,744425
NIFTY-III.NFO,25/09/2024,09:23:42,26165,26165,25,26167.15,50,50,744425
NIFTY-III.NFO,25/09/2024,09:23:44,26163,26163,300,26168,50,75,744425
NIFTY-III.NFO,25/09/2024,09:23:47,26163,26163,225,26167.5,100,0,744425
NIFTY-III.NFO,25/09/2024,09:23:49,26163,26163.35,100,26168,25,0,744425
NIFTY-III.NFO,25/09/2024,09:23:54,26168,26167,100,26171,25,25,744425
NIFTY-III.NFO,25/09/2024,09:23:57,26168,26167.8,100,26167.9,25,0,744425
NIFTY-III.NFO,25/09/2024,09:23:59,26167.9,26168.05,175,26171,25,25,744425
NIFTY-III.NFO,25/09/2024,09:24:02,26171,26168.05,175,26173.65,100,25,744425
NIFTY-III.NFO,25/09/2024,09:24:04,26169.9,26169.7,25,26169.9,25,75,744425
NIFTY-III.NFO,25/09/2024,09:24:07,26169.9,26168.05,175,26174,750,25,744425
NIFTY-III.NFO,25/09/2024,09:24:09,26169.9,26170.55,25,26174,750,25,744425
NIFTY-III.NFO,25/09/2024,09:24:12,26169.9,26168,25,26173.5,100,0,744425
NIFTY-III.NFO,25/09/2024,09:24:14,26166.4,26166.4,175,26173.2,25,75,744425
NIFTY-III.NFO,25/09/2024,09:24:14,26173.25,26166.4,175,26173.2,25,0,744425
NIFTY-III.NFO,25/09/2024,09:24:17,26166.4,26166.4,175,26173.2,25,0,744425
NIFTY-III.NFO,25/09/2024,09:24:19,26166.4,26167.85,100,26173.95,100,0,744425
NIFTY-III.NFO,25/09/2024,09:24:22,26166.4,26167.55,100,26173.95,100,0,744425
NIFTY-III.NFO,25/09/2024,09:24:24,26166.4,26167.3,100,26173.95,100,0,744425
NIFTY-III.NFO,25/09/2024,09:24:27,26166.7,26167.4,100,26173.95,100,100,744425
NIFTY-III.NFO,25/09/2024,09:24:27,26173.95,26167.4,100,26173.95,100,0,744425
NIFTY-III.NFO,25/09/2024,09:24:29,26166.7,26167.1,100,26173.95,100,0,744425
NIFTY-III.NFO,25/09/2024,09:24:32,26166.7,26166.45,175,26172.85,25,0,744425
NIFTY-III.NFO,25/09/2024,09:24:34,26166.7,26166.4,25,26171.85,25,0,744425
NIFTY-III.NFO,25/09/2024,09:24:37,26166.7,26166.45,75,26172.7,100,0,744425
NIFTY-III.NFO,25/09/2024,09:24:39,26166.7,26166.4,25,26171.85,150,0,744425
NIFTY-III.NFO,25/09/2024,09:24:42,26171.75,26166.7,25,26171.75,50,50,746350
NIFTY-III.NFO,25/09/2024,09:24:44,26171,26166.7,75,26169.9,100,25,746350
NIFTY-III.NFO,25/09/2024,09:24:47,26171,26166.7,75,26169.9,175,0,746350
NIFTY-III.NFO,25/09/2024,09:24:49,26169.9,26166.7,75,26169.9,100,75,746350
NIFTY-III.NFO,25/09/2024,09:24:52,26169.9,26166.7,75,26169.9,125,0,746350
NIFTY-III.NFO,25/09/2024,09:24:54,26169.9,26166.7,75,26169.9,25,25,746350
NIFTY-III.NFO,25/09/2024,09:24:57,26170,26170,125,26171,100,50,746350
NIFTY-III.NFO,25/09/2024,09:24:59,26170,26170,100,26171,100,25,746350
NIFTY-III.NFO,25/09/2024,09:25:02,26169.05,26169.05,175,26170.1,100,175,746350
NIFTY-III.NFO,25/09/2024,09:25:04,26169.05,26170,25,26171,100,0,746350
NIFTY-III.NFO,25/09/2024,09:25:07,26170,26169.05,175,26169.8,100,50,746350
NIFTY-III.NFO,25/09/2024,09:25:09,26170,26169.05,175,26170,100,0,746350
NIFTY-III.NFO,25/09/2024,09:25:14,26170,26169.05,175,26170,50,50,746350
NIFTY-III.NFO,25/09/2024,09:25:17,26170,26169.1,25,26170,75,50,746350
NIFTY-III.NFO,25/09/2024,09:25:19,26169,26169,75,26169.1,25,250,746350
NIFTY-III.NFO,25/09/2024,09:25:22,26169.1,26169,75,26169.8,1875,25,746350
NIFTY-III.NFO,25/09/2024,09:25:24,26169.1,26169,75,26169.8,1800,0,746350
NIFTY-III.NFO,25/09/2024,09:25:27,26169.1,26169.1,25,26169.8,1800,0,746350
NIFTY-III.NFO,25/09/2024,09:25:29,26169.1,26169.1,25,26169.8,1875,0,746350
NIFTY-III.NFO,25/09/2024,09:25:32,26169,26166.7,50,26169,1825,100,746350
NIFTY-III.NFO,25/09/2024,09:25:34,26169,26166.7,50,26169,1800,25,746350
NIFTY-III.NFO,25/09/2024,09:25:37,26169,26166.7,50,26169,1800,0,746350
NIFTY-III.NFO,25/09/2024,09:25:42,26169,26166.7,50,26169,1825,0,746350
NIFTY-III.NFO,25/09/2024,09:25:47,26169,26166.75,100,26168.8,1800,0,746350
NIFTY-III.NFO,25/09/2024,09:25:49,26169,26166.7,50,26168.8,1800,0,746350
NIFTY-III.NFO,25/09/2024,09:26:02,26166.75,26166.75,100,26168.8,1800,50,746350
NIFTY-III.NFO,25/09/2024,09:26:04,26166.75,26166.7,50,26167,25,0,746350
NIFTY-III.NFO,25/09/2024,09:26:07,26167,26166.7,50,26168,100,25,746350
NIFTY-III.NFO,25/09/2024,09:26:09,26167,26166.7,50,26168,100,0,746350
NIFTY-III.NFO,25/09/2024,09:26:14,26166.7,26167,25,26168,100,25,746350
NIFTY-III.NFO,25/09/2024,09:26:17,26166.7,26166,225,26167.95,125,50,746350
NIFTY-III.NFO,25/09/2024,09:26:19,26166,26166,175,26167.95,125,50,746350
NIFTY-III.NFO,25/09/2024,09:26:22,26166,26165.7,100,26165.95,50,175,746350
NIFTY-III.NFO,25/09/2024,09:26:27,26166,26165.7,100,26165.95,50,0,746350
NIFTY-III.NFO,25/09/2024,09:26:29,26165.7,26165,125,26165.95,125,100,746350
NIFTY-III.NFO,25/09/2024,09:26:32,26165.7,26165,125,26165.95,50,0,746350
NIFTY-III.NFO,25/09/2024,09:26:34,26165,26165,25,26165.95,125,100,746350
NIFTY-III.NFO,25/09/2024,09:26:37,26165,26164,25,26164.95,50,25,746350
NIFTY-III.NFO,25/09/2024,09:26:39,26164,26163,50,26164.95,175,25,746350
NIFTY-III.NFO,25/09/2024,09:26:42,26164,26163,50,26164.95,125,0,746350
NIFTY-III.NFO,25/09/2024,09:26:44,26164.95,26163,50,26165,1750,50,746350
NIFTY-III.NFO,25/09/2024,09:26:47,26164.95,26164,25,26165,1675,0,746350
NIFTY-III.NFO,25/09/2024,09:26:49,26164,26163,50,26164,50,50,746350
NIFTY-III.NFO,25/09/2024,09:26:52,26164,26163.75,75,26164,50,0,746350
NIFTY-III.NFO,25/09/2024,09:26:54,26164,26163.05,175,26164,50,50,746350
NIFTY-III.NFO,25/09/2024,09:26:57,26165,26163.55,175,26165,1150,525,746350
NIFTY-III.NFO,25/09/2024,09:26:59,26165,26164.55,50,26165,900,250,746350
NIFTY-III.NFO,25/09/2024,09:27:02,26165,26164.05,100,26165,775,150,746350
NIFTY-III.NFO,25/09/2024,09:27:04,26165,26164.55,50,26165,250,525,746350
NIFTY-III.NFO,25/09/2024,09:27:07,26166,26165.05,175,26168,25,300,746350
NIFTY-III.NFO,25/09/2024,09:27:09,26168,26168.9,75,26170,50,75,746350
NIFTY-III.NFO,25/09/2024,09:27:12,26168,26165.5,175,26170,50,0,746350
NIFTY-III.NFO,25/09/2024,09:27:14,26168,26169.55,50,26170,50,0,746350
NIFTY-III.NFO,25/09/2024,09:27:17,26168,26165.5,175,26170,50,0,746350
NIFTY-III.NFO,25/09/2024,09:27:19,26168,26169.5,125,26170,50,25,746350
NIFTY-III.NFO,25/09/2024,09:27:22,26168.05,26168.05,175,26171,750,75,746350
NIFTY-III.NFO,25/09/2024,09:27:26,26167,26166.45,50,26171,750,1575,746350
NIFTY-III.NFO,25/09/2024,09:27:29,26166.45,26166.1,125,26171,750,25,746350
NIFTY-III.NFO,25/09/2024,09:27:31,26166.45,26166.1,125,26171,750,0,746350
NIFTY-III.NFO,25/09/2024,09:27:34,26171,26167,75,26171,725,25,746350
NIFTY-III.NFO,25/09/2024,09:27:36,26171,26167,75,26171,725,0,746350
NIFTY-III.NFO,25/09/2024,09:27:39,26168.05,26169.75,75,26171,750,25,746550
NIFTY-III.NFO,25/09/2024,09:27:41,26168.05,26167,75,26171,750,0,746550
NIFTY-III.NFO,25/09/2024,09:27:44,26167,26167,50,26168.05,25,25,746550
NIFTY-III.NFO,25/09/2024,09:27:46,26168.05,26167,75,26170.95,100,25,746550
NIFTY-III.NFO,25/09/2024,09:27:49,26167,26167,75,26171,725,25,746550
NIFTY-III.NFO,25/09/2024,09:27:52,26167,26167,75,26171,725,0,746550
NIFTY-III.NFO,25/09/2024,09:27:54,26167,26167.45,125,26171,725,0,746550
NIFTY-III.NFO,25/09/2024,09:27:57,26171,26170.9,75,26171,475,250,746550
NIFTY-III.NFO,25/09/2024,09:27:59,26171,26170.6,25,26171,75,400,746550
NIFTY-III.NFO,25/09/2024,09:28:02,26174.8,26174.75,75,26175,25,250,746550
NIFTY-III.NFO,25/09/2024,09:28:02,26174.8,26174.75,75,26175,25,0,746550
NIFTY-III.NFO,25/09/2024,09:28:04,26175.4,26175.05,25,26175.4,100,50,746550
NIFTY-III.NFO,25/09/2024,09:28:04,26175.4,26175.05,25,26175.4,100,0,746550
NIFTY-III.NFO,25/09/2024,09:28:07,26175.4,26175.05,25,26175.4,100,0,746550
NIFTY-III.NFO,25/09/2024,09:28:09,26175.05,26169.3,25,26175.4,175,25,746550
NIFTY-III.NFO,25/09/2024,09:28:12,26175.4,26169.3,25,26175.4,175,50,746550
NIFTY-III.NFO,25/09/2024,09:28:14,26175.4,26169.3,25,26175.4,100,100,746550
NIFTY-III.NFO,25/09/2024,09:28:17,26175.4,26173,25,26175.4,100,0,746550
NIFTY-III.NFO,25/09/2024,09:28:19,26175.4,26173,25,26175.15,25,0,746550
NIFTY-III.NFO,25/09/2024,09:28:22,26173,26169.3,25,26173.95,100,25,746550
NIFTY-III.NFO,25/09/2024,09:28:24,26173,26169.3,25,26173.15,25,0,746550
NIFTY-III.NFO,25/09/2024,09:28:27,26173,26169.3,25,26172.7,25,0,746550
NIFTY-III.NFO,25/09/2024,09:28:29,26173,26169.3,25,26173.9,100,0,746550
NIFTY-III.NFO,25/09/2024,09:28:32,26173,26169.3,25,26173.95,25,0,746550
NIFTY-III.NFO,25/09/2024,09:28:34,26173,26169.3,25,26172.95,25,0,746550
NIFTY-III.NFO,25/09/2024,09:28:37,26172,26169.95,125,26173,100,25,746550
NIFTY-III.NFO,25/09/2024,09:28:39,26173,26172,50,26173,75,25,746550
NIFTY-III.NFO,25/09/2024,09:28:42,26173,26172,50,26173,75,0,746550
NIFTY-III.NFO,25/09/2024,09:28:44,26173,26172.65,75,26173,75,0,746550
NIFTY-III.NFO,25/09/2024,09:28:47,26173,26172.55,75,26173,125,0,746550
NIFTY-III.NFO,25/09/2024,09:28:49,26173,26172,50,26175,125,125,746550
NIFTY-III.NFO,25/09/2024,09:28:52,26173,26172.05,100,26175,125,0,746550
NIFTY-III.NFO,25/09/2024,09:28:54,26173,26172,50,26175,125,0,746550
NIFTY-III.NFO,25/09/2024,09:28:57,26173,26172,25,26175,125,0,746550
NIFTY-III.NFO,25/09/2024,09:29:02,26173,26172.95,50,26173,50,50,746550
NIFTY-III.NFO,25/09/2024,09:29:04,26172,26173.4,100,26175,525,425,746550
NIFTY-III.NFO,25/09/2024,09:29:07,26172,26169.7,75,26175,625,0,746550
NIFTY-III.NFO,25/09/2024,09:29:09,26172,26170.4,75,26175,625,0,746550
NIFTY-III.NFO,25/09/2024,09:29:12,26172,26172,25,26175,625,0,746550
NIFTY-III.NFO,25/09/2024,09:29:17,26172,26172,25,26174.95,175,0,746550
NIFTY-III.NFO,25/09/2024,09:29:22,26172,26172,25,26174.95,100,0,746550
NIFTY-III.NFO,25/09/2024,09:29:24,26174.45,26172,25,26174.4,100,25,746550
NIFTY-III.NFO,25/09/2024,09:29:27,26174.45,26172,25,26174.4,100,0,746550
NIFTY-III.NFO,25/09/2024,09:29:29,26174.45,26172,25,26173.85,100,0,746550
NIFTY-III.NFO,25/09/2024,09:29:32,26172,26170,25,26172.2,100,25,746550
NIFTY-III.NFO,25/09/2024,09:29:34,26172,26170,25,26171.95,175,0,746550
NIFTY-III.NFO,25/09/2024,09:29:39,26171.95,26170,25,26171.95,150,25,746550
NIFTY-III.NFO,25/09/2024,09:29:42,26171.95,26170,25,26171.95,150,0,746550
NIFTY-III.NFO,25/09/2024,09:29:44,26171.95,26170,25,26172,225,150,746550
NIFTY-III.NFO,25/09/2024,09:29:47,26168,26168,50,26172,225,100,746550
NIFTY-III.NFO,25/09/2024,09:29:49,26168,26168,50,26170,25,0,746550
NIFTY-III.NFO,25/09/2024,09:29:52,26168,26168,25,26170,25,25,746550
NIFTY-III.NFO,25/09/2024,09:29:54,26168,26168,25,26170,125,0,746550
NIFTY-III.NFO,25/09/2024,09:29:57,26168,26168,25,26170,50,0,746550
NIFTY-III.NFO,25/09/2024,09:29:59,26168,26168,175,26170,50,0,746550
NIFTY-III.NFO,25/09/2024,09:30:02,26168,26168,150,26172,100,50,746550
NIFTY-III.NFO,25/09/2024,09:30:04,26168,26168.05,100,26172,100,0,746550
NIFTY-III.NFO,25/09/2024,09:30:07,26168.15,26168.15,100,26172,100,25,746550
NIFTY-III.NFO,25/09/2024,09:30:09,26172,26168.05,100,26172,50,75,746550
NIFTY-III.NFO,25/09/2024,09:30:12,26172,26170,50,26172,175,0,746550
NIFTY-III.NFO,25/09/2024,09:30:14,26172,26170,50,26172,25,150,746550
NIFTY-III.NFO,25/09/2024,09:30:17,26172,26170,50,26172,25,0,746550
NIFTY-III.NFO,25/09/2024,09:30:19,26172,26170,50,26171.95,125,0,746550
NIFTY-III.NFO,25/09/2024,09:30:22,26170,26170,25,26171.05,50,25,746550
NIFTY-III.NFO,25/09/2024,09:30:24,26170,26170,25,26171.85,125,0,746550
NIFTY-III.NFO,25/09/2024,09:30:27,26170,26168,25,26171.95,125,25,746550
NIFTY-III.NFO,25/09/2024,09:30:29,26170,26168,25,26171.95,125,0,746550
NIFTY-III.NFO,25/09/2024,09:30:34,26170,26168,75,26171.85,125,0,746550
NIFTY-III.NFO,25/09/2024,09:30:37,26170,26168,75,26171.35,50,0,746550
NIFTY-III.NFO,25/09/2024,09:30:42,26170,26168,75,26169.75,50,0,746550
NIFTY-III.NFO,25/09/2024,09:30:44,26170,26168,75,26169.95,50,0,746550
NIFTY-III.NFO,25/09/2024,09:30:49,26168,26167,25,26168,25,75,748350
NIFTY-III.NFO,25/09/2024,09:30:52,26168,26167,25,26168,25,0,748350
NIFTY-III.NFO,25/09/2024,09:31:02,26168,26167.05,100,26168,75,0,748350
NIFTY-III.NFO,25/09/2024,09:31:04,26168,26167,25,26168,75,0,748350
NIFTY-III.NFO,25/09/2024,09:31:07,26168,26167.55,75,26168,25,50,748350
NIFTY-III.NFO,25/09/2024,09:31:09,26167,26167,25,26170,100,50,748350
NIFTY-III.NFO,25/09/2024,09:31:12,26167,26167.05,100,26170,100,0,748350
NIFTY-III.NFO,25/09/2024,09:31:14,26167,26167,50,26170,75,0,748350
NIFTY-III.NFO,25/09/2024,09:31:17,26167,26167.05,100,26170,75,0,748350
NIFTY-III.NFO,25/09/2024,09:31:27,26167.45,26167.45,100,26170,100,250,748350
NIFTY-III.NFO,25/09/2024,09:31:29,26170,26169.55,75,26172,275,200,748350
NIFTY-III.NFO,25/09/2024,09:31:32,26170,26170.05,75,26172,275,25,748350
NIFTY-III.NFO,25/09/2024,09:31:34,26168.05,26168,250,26172,275,25,748350
NIFTY-III.NFO,25/09/2024,09:31:37,26168.05,26168.05,75,26172,275,0,748350
NIFTY-III.NFO,25/09/2024,09:31:42,26172,26171.65,50,26174.4,100,275,748350
NIFTY-III.NFO,25/09/2024,09:31:44,26172,26168.85,75,26174.4,100,0,748350
NIFTY-III.NFO,25/09/2024,09:31:47,26172,26170,25,26174.4,100,0,748350
NIFTY-III.NFO,25/09/2024,09:31:49,26172,26170,25,26174.4,175,0,748350
NIFTY-III.NFO,25/09/2024,09:31:57,26170,26168.05,100,26168.85,25,50,748350
NIFTY-III.NFO,25/09/2024,09:31:59,26168.85,26168.05,100,26174.4,175,25,748350
NIFTY-III.NFO,25/09/2024,09:32:02,26168.85,26168.05,100,26174.4,175,0,748350
NIFTY-III.NFO,25/09/2024,09:32:04,26168.85,26168,300,26173.8,100,0,748350
NIFTY-III.NFO,25/09/2024,09:32:07,26168.85,26168.85,25,26174.4,175,0,748350
NIFTY-III.NFO,25/09/2024,09:32:09,26168.85,26168.85,25,26174.05,100,0,748350
NIFTY-III.NFO,25/09/2024,09:32:12,26168.85,26169,50,26173.9,100,0,748350
NIFTY-III.NFO,25/09/2024,09:32:14,26168.85,26168,25,26173.65,175,75,748350
NIFTY-III.NFO,25/09/2024,09:32:17,26168.85,26168,25,26173.05,225,0,748350
NIFTY-III.NFO,25/09/2024,09:32:19,26168.85,26168,25,26171.25,225,0,748350
NIFTY-III.NFO,25/09/2024,09:32:22,26168.85,26168,25,26171.15,350,0,748350
NIFTY-III.NFO,25/09/2024,09:32:24,26168,26167,25,26171.1,175,25,748350
NIFTY-III.NFO,25/09/2024,09:32:27,26168,26167,25,26171.1,175,0,748350
NIFTY-III.NFO,25/09/2024,09:32:29,26168,26167,25,26170,25,0,748350
NIFTY-III.NFO,25/09/2024,09:32:32,26169.95,26167,25,26169.95,50,125,748350
NIFTY-III.NFO,25/09/2024,09:32:34,26167,26166,300,26169.95,50,25,748350
NIFTY-III.NFO,25/09/2024,09:32:37,26167,26166,300,26170,100,0,748350
NIFTY-III.NFO,25/09/2024,09:32:39,26168,26166,300,26170,100,25,748350
NIFTY-III.NFO,25/09/2024,09:32:42,26168,26166,300,26170,100,0,748350
NIFTY-III.NFO,25/09/2024,09:32:44,26168,26168,75,26170,25,0,748350
NIFTY-III.NFO,25/09/2024,09:32:54,26168,26168,50,26170,25,25,748350
NIFTY-III.NFO,25/09/2024,09:32:57,26168,26168,50,26170,25,0,748350
NIFTY-III.NFO,25/09/2024,09:32:59,26168,26168,50,26170,100,0,748350
NIFTY-III.NFO,25/09/2024,09:33:04,26168,26168,50,26169.95,50,0,748350
NIFTY-III.NFO,25/09/2024,09:33:07,26168,26166,300,26169,50,150,748350
NIFTY-III.NFO,25/09/2024,09:33:09,26168,26166,300,26169.35,125,0,748350
NIFTY-III.NFO,25/09/2024,09:33:12,26168,26166,300,26168.65,125,0,748350
NIFTY-III.NFO,25/09/2024,09:33:14,26166,26165,100,26166.65,125,325,748350
NIFTY-III.NFO,25/09/2024,09:33:17,26166,26165,100,26167.3,125,0,748350
NIFTY-III.NFO,25/09/2024,09:33:19,26166,26165,125,26167.9,125,0,748350
NIFTY-III.NFO,25/09/2024,09:33:22,26166,26165,125,26167.95,50,0,748350
NIFTY-III.NFO,25/09/2024,09:33:24,26166,26165,125,26167,50,0,748350
NIFTY-III.NFO,25/09/2024,09:33:27,26166,26165,125,26167.55,50,0,748350
NIFTY-III.NFO,25/09/2024,09:33:29,26166,26165,125,26167.6,50,0,748350
NIFTY-III.NFO,25/09/2024,09:33:32,26167,26166,25,26166.4,125,100,748350
NIFTY-III.NFO,25/09/2024,09:33:34,26167,26166,25,26166.4,50,0,748350
NIFTY-III.NFO,25/09/2024,09:33:37,26166,26165,125,26166,25,25,748925
NIFTY-III.NFO,25/09/2024,09:33:39,26165.35,26165,125,26167,25,75,748925
NIFTY-III.NFO,25/09/2024,09:33:42,26165,26165,100,26166.1,250,25,748925
NIFTY-III.NFO,25/09/2024,09:33:44,26165,26165,100,26167,25,0,748925
NIFTY-III.NFO,25/09/2024,09:33:52,26165,26165,75,26167,25,25,748925
NIFTY-III.NFO,25/09/2024,09:33:54,26165,26165,75,26167,25,0,748925
NIFTY-III.NFO,25/09/2024,09:33:56,26165,26163,25,26166,375,75,748925
NIFTY-III.NFO,25/09/2024,09:33:59,26163,26160.4,25,26164.4,50,50,748925
NIFTY-III.NFO,25/09/2024,09:34:01,26163.6,26160.4,25,26163.6,25,100,748925
NIFTY-III.NFO,25/09/2024,09:34:04,26156,26155,325,26158.4,75,225,748925
NIFTY-III.NFO,25/09/2024,09:34:06,26158.4,26155.05,175,26161.7,125,25,748925
NIFTY-III.NFO,25/09/2024,09:34:09,26158.4,26155.05,175,26161.3,200,0,748925
NIFTY-III.NFO,25/09/2024,09:34:11,26155.05,26155.65,175,26162.3,25,25,748925
NIFTY-III.NFO,25/09/2024,09:34:14,26155.05,26156.7,100,26163,25,0,748925
NIFTY-III.NFO,25/09/2024,09:34:16,26155.05,26158.9,225,26163,25,0,748925
NIFTY-III.NFO,25/09/2024,09:34:19,26155.05,26158.1,175,26163,25,0,748925
NIFTY-III.NFO,25/09/2024,09:34:21,26158.1,26157.05,75,26163,25,150,748925
NIFTY-III.NFO,25/09/2024,09:34:24,26158.1,26157.15,150,26163,25,0,748925
NIFTY-III.NFO,25/09/2024,09:34:26,26158.1,26156.25,150,26160,50,0,748925
NIFTY-III.NFO,25/09/2024,09:34:29,26158.1,26157.1,125,26160,50,0,748925
NIFTY-III.NFO,25/09/2024,09:34:31,26158.1,26158.1,75,26160,50,0,748925
NIFTY-III.NFO,25/09/2024,09:34:34,26160,26159.85,150,26163,25,50,748925
NIFTY-III.NFO,25/09/2024,09:34:36,26159.85,26160.05,50,26163,25,25,748925
NIFTY-III.NFO,25/09/2024,09:34:39,26159.85,26159.15,125,26163,25,0,748925
NIFTY-III.NFO,25/09/2024,09:34:41,26159.15,26159.8,25,26163,25,25,748925
NIFTY-III.NFO,25/09/2024,09:34:44,26159.15,26159.9,100,26163,25,0,748925
NIFTY-III.NFO,25/09/2024,09:34:46,26159.15,26159.05,100,26163,25,0,748925
NIFTY-III.NFO,25/09/2024,09:34:49,26159.15,26159.1,25,26163,25,0,748925
NIFTY-III.NFO,25/09/2024,09:34:51,26159.8,26161.1,75,26163,25,50,748925
NIFTY-III.NFO,25/09/2024,09:34:54,26159.8,26159.75,25,26163,25,0,748925
NIFTY-III.NFO,25/09/2024,09:34:56,26159.8,26159.2,100,26163,25,0,748925
NIFTY-III.NFO,25/09/2024,09:34:59,26160,26161.05,100,26163,25,25,748925
NIFTY-III.NFO,25/09/2024,09:35:01,26160,26159.2,100,26163,25,0,748925
NIFTY-III.NFO,25/09/2024,09:35:04,26160,26160,25,26163,25,0,748925
NIFTY-III.NFO,25/09/2024,09:35:06,26160,26160.05,25,26163,25,0,748925
NIFTY-III.NFO,25/09/2024,09:35:09,26160,26160.05,100,26163,25,0,748925
NIFTY-III.NFO,25/09/2024,09:35:11,26160,26160,50,26163,25,0,748925
NIFTY-III.NFO,25/09/2024,09:35:14,26160,26160,25,26163,25,75,748925
NIFTY-III.NFO,25/09/2024,09:35:16,26160,26160.05,100,26163,25,0,748925
NIFTY-III.NFO,25/09/2024,09:35:19,26160,26160.5,25,26163,25,0,748925
NIFTY-III.NFO,25/09/2024,09:35:21,26160.05,26160.05,75,26163,25,25,748925
NIFTY-III.NFO,25/09/2024,09:35:24,26160.05,26160,100,26163,25,0,748925
NIFTY-III.NFO,25/09/2024,09:35:27,26160.05,26160,50,26163,25,0,748925
NIFTY-III.NFO,25/09/2024,09:35:29,26160.05,26160,150,26163,25,0,748925
NIFTY-III.NFO,25/09/2024,09:35:32,26160.05,26160.2,325,26163,25,0,748925
NIFTY-III.NFO,25/09/2024,09:35:34,26164.65,26164.1,75,26165,50,100,748925
NIFTY-III.NFO,25/09/2024,09:35:37,26165,26164.65,75,26170,200,50,748925
NIFTY-III.NFO,25/09/2024,09:35:39,26165,26161.85,325,26169.95,175,0,748925
NIFTY-III.NFO,25/09/2024,09:35:42,26165,26161.3,75,26169.35,100,0,748925
NIFTY-III.NFO,25/09/2024,09:35:44,26165,26160.6,75,26168.3,100,0,748925
NIFTY-III.NFO,25/09/2024,09:35:47,26165,26160.05,25,26165.5,225,0,748925
NIFTY-III.NFO,25/09/2024,09:35:49,26165,26160.05,25,26164.75,100,0,748925
NIFTY-III.NFO,25/09/2024,09:35:52,26164.45,26160,75,26163.95,75,225,748925
NIFTY-III.NFO,25/09/2024,09:35:54,26164.45,26160,75,26163.05,150,0,748925
NIFTY-III.NFO,25/09/2024,09:35:57,26163.3,26160,75,26162.55,200,300,748925
NIFTY-III.NFO,25/09/2024,09:35:59,26163.3,26160,75,26162.5,200,0,748925
NIFTY-III.NFO,25/09/2024,09:36:02,26163.3,26160,75,26163.15,200,0,748925
NIFTY-III.NFO,25/09/2024,09:36:04,26160,26158,75,26160.5,50,75,748925
NIFTY-III.NFO,25/09/2024,09:36:07,26160,26158,75,26162.05,125,0,748925
NIFTY-III.NFO,25/09/2024,09:36:09,26160,26158,75,26160.4,50,0,748925
NIFTY-III.NFO,25/09/2024,09:36:12,26160,26158,75,26161.05,50,0,748925
NIFTY-III.NFO,25/09/2024,09:36:14,26160,26158,75,26160.9,50,0,748925
NIFTY-III.NFO,25/09/2024,09:36:17,26160,26158,75,26161.65,125,0,748925
NIFTY-III.NFO,25/09/2024,09:36:19,26160,26158,75,26160.85,125,0,748925
NIFTY-III.NFO,25/09/2024,09:36:22,26160,26158,75,26160.8,50,0,748925
NIFTY-III.NFO,25/09/2024,09:36:24,26160,26158,75,26160,25,0,748925
NIFTY-III.NFO,25/09/2024,09:36:26,26160,26160,25,26162.15,125,25,748925
NIFTY-III.NFO,25/09/2024,09:36:29,26160,26160,25,26163.3,25,0,748925
NIFTY-III.NFO,25/09/2024,09:36:34,26160,26160,25,26162.3,125,0,748925
NIFTY-III.NFO,25/09/2024,09:36:36,26156.85,26156.2,100,26161.5,25,300,748925
NIFTY-III.NFO,25/09/2024,09:36:39,26156.85,26160,25,26161.5,25,0,748925
NIFTY-III.NFO,25/09/2024,09:36:44,26160,26156.05,100,26161.3,175,25,749300
NIFTY-III.NFO,25/09/2024,09:36:46,26160,26156.05,100,26161.45,175,0,749300
NIFTY-III.NFO,25/09/2024,09:36:49,26160,26156.05,175,26161.5,25,0,749300
NIFTY-III.NFO,25/09/2024,09:36:59,26160,26156.05,100,26161.45,175,0,749300
NIFTY-III.NFO,25/09/2024,09:37:01,26160,26156.05,175,26161.45,175,0,749300
NIFTY-III.NFO,25/09/2024,09:37:04,26160,26160,25,26161.5,25,0,749300
NIFTY-III.NFO,25/09/2024,09:37:06,26160,26157.7,100,26160,50,25,749300
NIFTY-III.NFO,25/09/2024,09:37:09,26160,26157.7,100,26160,50,0,749300
NIFTY-III.NFO,25/09/2024,09:37:14,26160,26157.85,50,26161.5,25,50,749300
NIFTY-III.NFO,25/09/2024,09:37:16,26159.95,26158.95,50,26161.5,25,50,749300
NIFTY-III.NFO,25/09/2024,09:37:19,26159.95,26160.25,50,26161.5,25,0,749300
NIFTY-III.NFO,25/09/2024,09:37:21,26159.95,26157.5,125,26161.5,25,0,749300
NIFTY-III.NFO,25/09/2024,09:37:24,26159.95,26157.05,125,26161.5,25,0,749300
NIFTY-III.NFO,25/09/2024,09:37:34,26157.05,26157.7,25,26161.5,25,25,749300
NIFTY-III.NFO,25/09/2024,09:37:37,26157.05,26157.2,100,26161.5,25,0,749300
NIFTY-III.NFO,25/09/2024,09:37:44,26157.25,26157.25,75,26164.6,100,450,749300
NIFTY-III.NFO,25/09/2024,09:37:47,26157.25,26157.25,75,26164.2,100,0,749300
NIFTY-III.NFO,25/09/2024,09:37:49,26157.25,26157.2,150,26160,25,0,749300
NIFTY-III.NFO,25/09/2024,09:37:52,26157.25,26158.05,150,26160,25,0,749300
NIFTY-III.NFO,25/09/2024,09:37:54,26160,26160.25,50,26164.15,100,25,749300
NIFTY-III.NFO,25/09/2024,09:37:57,26160,26158.05,150,26164.15,175,0,749300
NIFTY-III.NFO,25/09/2024,09:38:01,26160,26158.05,150,26164,25,0,749300
NIFTY-III.NFO,25/09/2024,09:38:04,26164,26159.95,75,26164.2,25,25,749300
NIFTY-III.NFO,25/09/2024,09:38:06,26164,26159.95,150,26164,50,0,749300
NIFTY-III.NFO,25/09/2024,09:38:09,26163.85,26163.85,25,26164,50,25,749300
NIFTY-III.NFO,25/09/2024,09:38:11,26163.85,26159.65,150,26164,50,0,749300
NIFTY-III.NFO,25/09/2024,09:38:14,26163.85,26159,200,26163.95,100,0,749300
NIFTY-III.NFO,25/09/2024,09:38:16,26163.85,26158.5,150,26163.95,100,0,749300
NIFTY-III.NFO,25/09/2024,09:38:21,26163.85,26158,1025,26163.95,175,0,749300
NIFTY-III.NFO,25/09/2024,09:38:27,26163.85,26158.05,150,26163.95,175,0,749300
NIFTY-III.NFO,25/09/2024,09:38:32,26163.85,26163.6,25,26164,50,0,749300
NIFTY-III.NFO,25/09/2024,09:38:34,26163.85,26160.75,75,26164,50,0,749300
NIFTY-III.NFO,25/09/2024,09:38:37,26163.85,26163.4,25,26163.85,25,0,749300
NIFTY-III.NFO,25/09/2024,09:38:39,26164.2,26164.05,75,26169.95,100,100,749300
NIFTY-III.NFO,25/09/2024,09:38:42,26162.35,26163.05,50,26169.95,175,25,749300
NIFTY-III.NFO,25/09/2024,09:38:44,26162.35,26164.7,50,26170,175,0,749300
NIFTY-III.NFO,25/09/2024,09:38:47,26162.35,26165.5,50,26170,175,0,749300
NIFTY-III.NFO,25/09/2024,09:38:52,26162.35,26167.1,50,26170,175,0,749300
NIFTY-III.NFO,25/09/2024,09:38:54,26162.35,26166.35,50,26170,175,0,749300
NIFTY-III.NFO,25/09/2024,09:38:57,26170,26169.3,125,26175,300,175,749300
NIFTY-III.NFO,25/09/2024,09:38:59,26170,26167.95,50,26174.95,175,0,749300
NIFTY-III.NFO,25/09/2024,09:39:02,26170,26168.75,125,26174.95,175,0,749300
NIFTY-III.NFO,25/09/2024,09:39:04,26170.1,26168.8,50,26174.95,425,125,749300
NIFTY-III.NFO,25/09/2024,09:39:07,26170.1,26167.45,50,26174.95,175,0,749300
NIFTY-III.NFO,25/09/2024,09:39:09,26174.6,26168.1,100,26174.55,100,50,749300
NIFTY-III.NFO,25/09/2024,09:39:12,26174.6,26166.8,100,26173.9,100,0,749300
NIFTY-III.NFO,25/09/2024,09:39:14,26174.6,26167.4,100,26174.65,100,0,749300
NIFTY-III.NFO,25/09/2024,09:39:17,26174.6,26169,100,26174.95,175,0,749300
NIFTY-III.NFO,25/09/2024,09:39:19,26175,26175,3400,26175.45,25,600,749300
NIFTY-III.NFO,25/09/2024,09:39:22,26175.45,26175,3400,26176,25,25,749300
NIFTY-III.NFO,25/09/2024,09:39:22,26175.45,26175,3400,26176,25,0,749300
NIFTY-III.NFO,25/09/2024,09:39:27,26175.45,26175.8,25,26176,25,0,749300
NIFTY-III.NFO,25/09/2024,09:39:29,26175.45,26175,3400,26176,25,0,749300
NIFTY-III.NFO,25/09/2024,09:39:32,26176,26175,3400,26177.55,25,25,749300
NIFTY-III.NFO,25/09/2024,09:39:32,26176,26175,3400,26177.55,25,0,749300
NIFTY-III.NFO,25/09/2024,09:39:34,26175,26175,2750,26177.55,25,750,749300
NIFTY-III.NFO,25/09/2024,09:39:37,26175,26175,2650,26177.55,25,125,749300
NIFTY-III.NFO,25/09/2024,09:39:39,26175,26175,2650,26177.55,25,0,749300
NIFTY-III.NFO,25/09/2024,09:39:44,26175,26175.05,175,26177.55,25,0,749300
NIFTY-III.NFO,25/09/2024,09:39:47,26175,26177.05,75,26177.55,25,0,749300
NIFTY-III.NFO,25/09/2024,09:39:49,26175,26175.05,100,26177.55,25,0,749300
NIFTY-III.NFO,25/09/2024,09:39:52,26175,26175,2650,26177.55,25,0,749300
NIFTY-III.NFO,25/09/2024,09:39:54,26175,26175.05,175,26177.55,25,0,749300
NIFTY-III.NFO,25/09/2024,09:39:57,26175,26175,2650,26177.55,25,0,749300
NIFTY-III.NFO,25/09/2024,09:40:04,26175,26175,2650,26177.5,75,0,749300
NIFTY-III.NFO,25/09/2024,09:40:07,26175,26175,2650,26177.15,100,0,749300
NIFTY-III.NFO,25/09/2024,09:40:09,26175,26175,2700,26176.85,175,0,749300
NIFTY-III.NFO,25/09/2024,09:40:12,26175,26175,2700,26176.1,100,0,749300
NIFTY-III.NFO,25/09/2024,09:40:14,26175,26175,2700,26176.95,100,0,749300
NIFTY-III.NFO,25/09/2024,09:40:17,26175,26175,2625,26176.2,250,75,750100
NIFTY-III.NFO,25/09/2024,09:40:19,26175,26175,2625,26175.85,325,0,750100
NIFTY-III.NFO,25/09/2024,09:40:22,26175,26175,2625,26177.55,25,0,750100
NIFTY-III.NFO,25/09/2024,09:40:24,26175,26175,2625,26177.45,250,0,750100
NIFTY-III.NFO,25/09/2024,09:40:26,26175,26175,2625,26177.55,25,0,750100
NIFTY-III.NFO,25/09/2024,09:40:29,26175,26175.05,100,26177.55,25,0,750100
NIFTY-III.NFO,25/09/2024,09:40:31,26175,26175,2625,26177.55,25,0,750100
NIFTY-III.NFO,25/09/2024,09:40:34,26175,26175,2625,26177.25,325,0,750100
NIFTY-III.NFO,25/09/2024,09:40:36,26175,26175,2600,26177.25,325,25,750100
NIFTY-III.NFO,25/09/2024,09:40:39,26175,26175,2600,26177.5,325,0,750100
NIFTY-III.NFO,25/09/2024,09:40:41,26175,26175,2600,26176.9,325,0,750100
NIFTY-III.NFO,25/09/2024,09:40:44,26175,26175,2600,26175.25,75,0,750100
NIFTY-III.NFO,25/09/2024,09:40:46,26175,26175,2600,26176.7,325,0,750100
NIFTY-III.NFO,25/09/2024,09:40:49,26175,26175,2600,26177.55,25,0,750100
NIFTY-III.NFO,25/09/2024,09:40:51,26175,26175,2575,26176.55,325,25,750100
NIFTY-III.NFO,25/09/2024,09:40:54,26176.95,26175,2575,26177.55,25,25,750100
NIFTY-III.NFO,25/09/2024,09:40:54,26176.95,26175,2575,26177.55,25,0,750100
NIFTY-III.NFO,25/09/2024,09:40:56,26178,26175,2575,26178,125,275,750100
NIFTY-III.NFO,25/09/2024,09:40:56,26178,26175,2575,26178,125,0,750100
NIFTY-III.NFO,25/09/2024,09:40:59,26178,26175.15,100,26178,125,0,750100
NIFTY-III.NFO,25/09/2024,09:41:01,26178,26175.05,100,26178,125,0,750100
NIFTY-III.NFO,25/09/2024,09:41:06,26175.05,26175.05,25,26178,100,175,750100
NIFTY-III.NFO,25/09/2024,09:41:09,26175.05,26175.05,25,26178,100,0,750100
NIFTY-III.NFO,25/09/2024,09:41:14,26175.05,26175.55,100,26178,100,0,750100
NIFTY-III.NFO,25/09/2024,09:41:16,26175.05,26175.05,100,26178,100,0,750100
NIFTY-III.NFO,25/09/2024,09:41:19,26175.05,26175.05,25,26178,100,0,750100
NIFTY-III.NFO,25/09/2024,09:41:21,26175.05,26175,2600,26178,100,25,750100
NIFTY-III.NFO,25/09/2024,09:41:24,26175.05,26175.6,150,26178,100,0,750100
NIFTY-III.NFO,25/09/2024,09:41:27,26176.4,26177.65,75,26178,100,25,750100
NIFTY-III.NFO,25/09/2024,09:41:29,26178,26179.55,25,26180,275,100,750100
NIFTY-III.NFO,25/09/2024,09:41:32,26178,26176.5,125,26180,275,0,750100
NIFTY-III.NFO,25/09/2024,09:41:34,26178,26176,25,26179.95,175,0,750100
NIFTY-III.NFO,25/09/2024,09:41:37,26176,26175,2500,26178.95,100,25,750100
NIFTY-III.NFO,25/09/2024,09:41:39,26176,26175,2500,26178.35,175,0,750100
NIFTY-III.NFO,25/09/2024,09:41:42,26178.35,26175,2500,26178.5,175,50,750100
NIFTY-III.NFO,25/09/2024,09:41:42,26178.35,26175,2500,26178.5,175,0,750100
NIFTY-III.NFO,25/09/2024,09:41:44,26178.35,26175,2500,26178.2,225,0,750100
NIFTY-III.NFO,25/09/2024,09:41:46,26178.35,26175,2500,26178,175,0,750100
NIFTY-III.NFO,25/09/2024,09:41:49,26178.35,26175,2500,26177.6,175,0,750100
NIFTY-III.NFO,25/09/2024,09:41:51,26175,26175,2475,26177.5,175,25,750100
NIFTY-III.NFO,25/09/2024,09:41:54,26175,26175,2475,26176.05,100,0,750100
NIFTY-III.NFO,25/09/2024,09:41:56,26175.45,26175,2475,26176.85,150,75,750100
NIFTY-III.NFO,25/09/2024,09:41:59,26175,26175,2525,26176.6,125,25,750100
NIFTY-III.NFO,25/09/2024,09:42:01,26175,26175,2500,26176,75,25,750100
NIFTY-III.NFO,25/09/2024,09:42:04,26175,26175,2500,26175.85,75,0,750100
NIFTY-III.NFO,25/09/2024,09:42:06,26175,26175,2475,26175.75,200,25,750100
NIFTY-III.NFO,25/09/2024,09:42:09,26175,26175,2000,26175.25,200,475,750100
NIFTY-III.NFO,25/09/2024,09:42:11,26175,26175,1775,26175.3,125,225,750100
NIFTY-III.NFO,25/09/2024,09:42:14,26175,26175,1775,26176.8,125,0,750100
NIFTY-III.NFO,25/09/2024,09:42:16,26175,26175,1775,26175.2,125,0,750100
NIFTY-III.NFO,25/09/2024,09:42:19,26175,26175,1775,26176,25,0,750100
NIFTY-III.NFO,25/09/2024,09:42:24,26175,26175.05,100,26176,50,0,750100
NIFTY-III.NFO,25/09/2024,09:42:31,26176,26176.4,100,26178.35,750,75,750100
NIFTY-III.NFO,25/09/2024,09:42:33,26176,26175.35,175,26178.35,750,0,750100
NIFTY-III.NFO,25/09/2024,09:42:36,26178.35,26178.25,100,26178.35,700,50,750100
NIFTY-III.NFO,25/09/2024,09:42:38,26178.35,26177.55,75,26178.35,275,450,751125
NIFTY-III.NFO,25/09/2024,09:42:41,26178.35,26179.75,50,26180,300,275,751125
NIFTY-III.NFO,25/09/2024,09:42:43,26178.35,26176.05,200,26180,300,0,751125
NIFTY-III.NFO,25/09/2024,09:42:46,26175.35,26175.35,75,26178.8,50,100,751125
NIFTY-III.NFO,25/09/2024,09:42:48,26175.35,26176.05,25,26178.8,50,0,751125
NIFTY-III.NFO,25/09/2024,09:42:51,26175.35,26176.05,25,26178,25,0,751125
NIFTY-III.NFO,25/09/2024,09:42:53,26176.05,26175,2775,26175.55,25,50,751125
NIFTY-III.NFO,25/09/2024,09:42:56,26175.55,26175,2775,26178,25,25,751125
NIFTY-III.NFO,25/09/2024,09:42:58,26175.55,26175.95,100,26178,25,0,751125
NIFTY-III.NFO,25/09/2024,09:43:01,26178,26177.55,100,26180,125,225,751125
NIFTY-III.NFO,25/09/2024,09:43:03,26178,26176.05,100,26180,125,0,751125
NIFTY-III.NFO,25/09/2024,09:43:06,26178,26176.6,100,26180,125,0,751125
NIFTY-III.NFO,25/09/2024,09:43:08,26180,26179.55,125,26180,100,25,751125
NIFTY-III.NFO,25/09/2024,09:43:08,26180,26179.55,125,26180,100,0,751125
NIFTY-III.NFO,25/09/2024,09:43:11,26181,26181.2,50,26184.95,100,125,751125
NIFTY-III.NFO,25/09/2024,09:43:11,26181,26181.2,50,26184.95,100,0,751125
NIFTY-III.NFO,25/09/2024,09:43:13,26185.4,26181,25,26185.4,50,300,751125
NIFTY-III.NFO,25/09/2024,09:43:13,26185.55,26181,25,26185.4,50,0,751125
NIFTY-III.NFO,25/09/2024,09:43:16,26185.4,26181,25,26185.05,50,0,751125
NIFTY-III.NFO,25/09/2024,09:43:19,26180.7,26179.4,100,26185.4,50,50,751125
NIFTY-III.NFO,25/09/2024,09:43:21,26180.7,26179.65,100,26185.4,50,0,751125
NIFTY-III.NFO,25/09/2024,09:43:24,26180.7,26180.3,75,26185.95,125,0,751125
NIFTY-III.NFO,25/09/2024,09:43:26,26180,26178.75,100,26180,525,225,751125
NIFTY-III.NFO,25/09/2024,09:43:29,26180,26179.35,175,26180,100,425,751125
NIFTY-III.NFO,25/09/2024,09:43:31,26180,26178.25,175,26184.95,125,100,751125
NIFTY-III.NFO,25/09/2024,09:43:34,26180,26177.65,175,26184.95,125,0,751125
NIFTY-III.NFO,25/09/2024,09:43:36,26180,26176.4,100,26183.3,50,0,751125
NIFTY-III.NFO,25/09/2024,09:43:39,26183.3,26177.2,100,26184.8,100,25,751125
NIFTY-III.NFO,25/09/2024,09:43:41,26183.3,26176.6,175,26180,25,0,751125
NIFTY-III.NFO,25/09/2024,09:43:44,26183.3,26175.05,175,26180,25,0,751125
NIFTY-III.NFO,25/09/2024,09:43:46,26183.3,26175.05,100,26179.95,100,0,751125
NIFTY-III.NFO,25/09/2024,09:43:49,26175.05,26175.05,175,26180,50,50,751125
NIFTY-III.NFO,25/09/2024,09:43:51,26175.05,26175.1,100,26180,50,25,751125
NIFTY-III.NFO,25/09/2024,09:43:54,26175.05,26175.7,100,26180,50,0,751125
NIFTY-III.NFO,25/09/2024,09:43:56,26175.05,26176.85,150,26180,50,0,751125
NIFTY-III.NFO,25/09/2024,09:43:59,26175.05,26177.4,150,26180,50,0,751125
NIFTY-III.NFO,25/09/2024,09:44:01,26175.05,26175.3,175,26180,50,0,751125
NIFTY-III.NFO,25/09/2024,09:44:04,26175.05,26176.35,100,26180,50,0,751125
NIFTY-III.NFO,25/09/2024,09:44:06,26175.05,26176.8,175,26180,50,0,751125
NIFTY-III.NFO,25/09/2024,09:44:08,26180,26178.3,175,26182.4,25,75,751125
NIFTY-III.NFO,25/09/2024,09:44:11,26180,26178.4,175,26182.4,25,0,751125
NIFTY-III.NFO,25/09/2024,09:44:13,26180,26179.05,100,26182.4,25,0,751125
NIFTY-III.NFO,25/09/2024,09:44:16,26180,26177.85,175,26182.4,25,0,751125
NIFTY-III.NFO,25/09/2024,09:44:18,26180,26181.9,25,26182.4,25,0,751125
NIFTY-III.NFO,25/09/2024,09:44:21,26182.4,26178.85,175,26183,25,25,751125
NIFTY-III.NFO,25/09/2024,09:44:23,26182,26178.2,175,26183,25,50,751125
NIFTY-III.NFO,25/09/2024,09:44:26,26178.25,26178.3,100,26183,25,25,751125
NIFTY-III.NFO,25/09/2024,09:44:28,26178.85,26179.15,75,26183,25,25,751125
NIFTY-III.NFO,25/09/2024,09:44:30,26183,26181,25,26184.95,175,25,751125
NIFTY-III.NFO,25/09/2024,09:44:33,26183,26181,25,26184.95,175,0,751125
NIFTY-III.NFO,25/09/2024,09:44:35,26183,26181,25,26184.95,100,0,751125
NIFTY-III.NFO,25/09/2024,09:44:38,26183,26181.05,175,26185,75,0,751125
NIFTY-III.NFO,25/09/2024,09:44:40,26183,26181,25,26185,75,0,751125
NIFTY-III.NFO,25/09/2024,09:44:43,26180.55,26180.85,175,26185,75,100,751125
NIFTY-III.NFO,25/09/2024,09:44:45,26180.55,26180,25,26184.95,175,0,751125
NIFTY-III.NFO,25/09/2024,09:44:48,26180.55,26180.35,175,26183,25,0,751125
NIFTY-III.NFO,25/09/2024,09:44:50,26183,26180.05,175,26184.95,100,25,751125
NIFTY-III.NFO,25/09/2024,09:44:53,26180,26179.1,175,26184,25,25,751125
NIFTY-III.NFO,25/09/2024,09:44:55,26180,26180.4,175,26184,25,0,751125
NIFTY-III.NFO,25/09/2024,09:44:58,26180,26179.2,175,26184,25,0,751125
NIFTY-III.NFO,25/09/2024,09:45:00,26184,26184.05,50,26185,75,25,751125
NIFTY-III.NFO,25/09/2024,09:45:03,26184,26180.1,175,26185,75,0,751125
NIFTY-III.NFO,25/09/2024,09:45:05,26184,26178.3,175,26184.95,175,0,751125
NIFTY-III.NFO,25/09/2024,09:45:08,26184,26177.7,175,26184.55,175,0,751125
NIFTY-III.NFO,25/09/2024,09:45:10,26184,26180,50,26184.5,100,0,751125
NIFTY-III.NFO,25/09/2024,09:45:13,26184,26180,50,26183.05,150,0,751125
NIFTY-III.NFO,25/09/2024,09:45:15,26184,26180,50,26184.15,175,0,751125
NIFTY-III.NFO,25/09/2024,09:45:18,26184,26180,50,26184.9,175,0,751125
NIFTY-III.NFO,25/09/2024,09:45:20,26184,26180,50,26183.95,100,0,751125
NIFTY-III.NFO,25/09/2024,09:45:23,26184,26176.9,175,26183.95,175,0,751125
NIFTY-III.NFO,25/09/2024,09:45:25,26183.95,26177.5,100,26183.95,75,25,751125
NIFTY-III.NFO,25/09/2024,09:45:28,26183.95,26177.55,175,26183.95,150,0,751125
NIFTY-III.NFO,25/09/2024,09:45:30,26183.95,26176.85,100,26183.95,150,0,751125
NIFTY-III.NFO,25/09/2024,09:45:33,26183.95,26178.55,175,26184,75,0,751125
NIFTY-III.NFO,25/09/2024,09:45:35,26183.95,26180.5,175,26184,75,0,751125
NIFTY-III.NFO,25/09/2024,09:45:38,26184,26184.8,50,26185,75,125,751125
NIFTY-III.NFO,25/09/2024,09:45:40,26184,26180.85,100,26185,75,0,751125
NIFTY-III.NFO,25/09/2024,09:45:43,26185,26180.3,175,26185,50,25,752925
NIFTY-III.NFO,25/09/2024,09:45:45,26185,26181.25,100,26185,50,0,752925
NIFTY-III.NFO,25/09/2024,09:45:48,26185,26181.65,175,26185,25,25,752925
NIFTY-III.NFO,25/09/2024,09:45:50,26185,26180.4,175,26185,25,0,752925
NIFTY-III.NFO,25/09/2024,09:45:53,26185,26181.15,175,26185,25,0,752925
NIFTY-III.NFO,25/09/2024,09:45:55,26185,26181.2,175,26185,25,0,752925
NIFTY-III.NFO,25/09/2024,09:45:58,26185,26179.3,175,26184.95,150,0,752925
NIFTY-III.NFO,25/09/2024,09:46:00,26185,26180.75,175,26185,25,0,752925
NIFTY-III.NFO,25/09/2024,09:46:03,26180.15,26180.8,175,26185,25,25,752925
NIFTY-III.NFO,25/09/2024,09:46:05,26180.15,26181.4,100,26185,25,0,752925
NIFTY-III.NFO,25/09/2024,09:46:08,26181.35,26181.2,75,26188,175,50,752925
NIFTY-III.NFO,25/09/2024,09:46:10,26181.35,26180.2,75,26187.25,100,0,752925
NIFTY-III.NFO,25/09/2024,09:46:13,26181.35,26180.15,100,26186.6,100,0,752925
NIFTY-III.NFO,25/09/2024,09:46:15,26181.35,26180.2,100,26186.5,175,0,752925
NIFTY-III.NFO,25/09/2024,09:46:18,26181.35,26181.1,100,26187.25,175,0,752925
NIFTY-III.NFO,25/09/2024,09:46:20,26181.35,26181.1,150,26187.85,175,0,752925
NIFTY-III.NFO,25/09/2024,09:46:23,26181.35,26184.15,100,26190,300,0,752925
NIFTY-III.NFO,25/09/2024,09:46:25,26181.35,26184.1,175,26189.95,175,0,752925
NIFTY-III.NFO,25/09/2024,09:46:27,26182.7,26182.7,100,26189.3,100,75,752925
NIFTY-III.NFO,25/09/2024,09:46:30,26182.7,26184,100,26189.95,175,0,752925
NIFTY-III.NFO,25/09/2024,09:46:32,26182.7,26185.3,25,26190,300,0,752925
NIFTY-III.NFO,25/09/2024,09:46:35,26182.7,26185.35,100,26190,300,0,752925
NIFTY-III.NFO,25/09/2024,09:46:37,26185.25,26185.25,50,26189,250,100,752925
NIFTY-III.NFO,25/09/2024,09:46:40,26185.25,26184.1,50,26186,25,0,752925
NIFTY-III.NFO,25/09/2024,09:46:42,26185.25,26185,50,26186,25,0,752925
NIFTY-III.NFO,25/09/2024,09:46:45,26185,26185,25,26186,25,25,752925
NIFTY-III.NFO,25/09/2024,09:46:47,26186,26185.5,50,26189,250,25,752925
NIFTY-III.NFO,25/09/2024,09:46:47,26186,26185.5,50,26189,250,0,752925
NIFTY-III.NFO,25/09/2024,09:46:50,26187.6,26187.7,125,26189,250,75,752925
NIFTY-III.NFO,25/09/2024,09:46:50,26187.9,26187.7,125,26189,250,0,752925
NIFTY-III.NFO,25/09/2024,09:46:52,26189,26186.8,100,26189,150,100,752925
NIFTY-III.NFO,25/09/2024,09:46:52,26189,26186.8,100,26189,150,0,752925
NIFTY-III.NFO,25/09/2024,09:46:55,26189,26187.65,100,26189,150,0,752925
NIFTY-III.NFO,25/09/2024,09:46:57,26189.45,26189.45,125,26190,100,200,752925
NIFTY-III.NFO,25/09/2024,09:46:57,26189.45,26189.45,125,26190,100,0,752925
NIFTY-III.NFO,25/09/2024,09:47:00,26189.45,26188.45,125,26190,100,0,752925
NIFTY-III.NFO,25/09/2024,09:47:02,26189.5,26189.6,25,26190,100,25,752925
NIFTY-III.NFO,25/09/2024,09:47:02,26189.5,26189.6,25,26190,100,0,752925
NIFTY-III.NFO,25/09/2024,09:47:05,26189.5,26189,50,26190,125,0,752925
NIFTY-III.NFO,25/09/2024,09:47:12,26189,26189,25,26190,125,25,752925
NIFTY-III.NFO,25/09/2024,09:47:15,26189,26186.45,200,26190,125,25,752925
NIFTY-III.NFO,25/09/2024,09:47:17,26190,26186.1,100,26190,100,25,752925
NIFTY-III.NFO,25/09/2024,09:47:17,26190,26186.1,100,26190,100,0,752925
NIFTY-III.NFO,25/09/2024,09:47:20,26190,26185.95,300,26190,100,0,752925
NIFTY-III.NFO,25/09/2024,09:47:22,26190,26187.55,100,26190,100,0,752925
NIFTY-III.NFO,25/09/2024,09:47:25,26188.8,26189.8,50,26190,100,225,752925
NIFTY-III.NFO,25/09/2024,09:47:27,26190,26188.9,100,26192,50,100,752925
NIFTY-III.NFO,25/09/2024,09:47:30,26192,26189.35,250,26192,25,25,752925
NIFTY-III.NFO,25/09/2024,09:47:30,26192,26189.35,250,26192,25,0,752925
NIFTY-III.NFO,25/09/2024,09:47:32,26192,26188.9,175,26192,25,25,752925
NIFTY-III.NFO,25/09/2024,09:47:35,26192,26187.1,150,26191.95,100,0,752925
NIFTY-III.NFO,25/09/2024,09:47:37,26192,26186,175,26191.95,175,0,752925
NIFTY-III.NFO,25/09/2024,09:47:40,26192,26186.3,250,26191.95,175,0,752925
NIFTY-III.NFO,25/09/2024,09:47:42,26192,26187.5,100,26191.95,100,0,752925
NIFTY-III.NFO,25/09/2024,09:47:45,26192,26187.15,150,26192,25,0,752925
NIFTY-III.NFO,25/09/2024,09:47:47,26191.95,26188,100,26191.95,50,25,752925
NIFTY-III.NFO,25/09/2024,09:47:50,26187.65,26188.05,100,26191.95,50,25,752925
NIFTY-III.NFO,25/09/2024,09:47:52,26187.65,26189.55,75,26192,75,0,752925
NIFTY-III.NFO,25/09/2024,09:47:55,26187.65,26190.5,100,26192,75,0,752925
NIFTY-III.NFO,25/09/2024,09:47:57,26192,26189.05,25,26192,50,25,752925
NIFTY-III.NFO,25/09/2024,09:48:00,26192,26189.85,100,26192,50,0,752925
NIFTY-III.NFO,25/09/2024,09:48:02,26192,26189.15,100,26192,50,0,752925
NIFTY-III.NFO,25/09/2024,09:48:05,26188.65,26187,25,26191.6,100,250,752925
NIFTY-III.NFO,25/09/2024,09:48:07,26188.65,26187,100,26192,50,0,752925
NIFTY-III.NFO,25/09/2024,09:48:10,26188.65,26187,25,26191.8,175,0,752925
NIFTY-III.NFO,25/09/2024,09:48:12,26188.65,26187,25,26191.05,100,0,752925
NIFTY-III.NFO,25/09/2024,09:48:15,26188.65,26187,100,26192,50,0,752925
NIFTY-III.NFO,25/09/2024,09:48:20,26188.65,26187.6,25,26192,50,0,752925
NIFTY-III.NFO,25/09/2024,09:48:22,26188.65,26188.25,100,26191.15,50,0,752925
NIFTY-III.NFO,25/09/2024,09:48:24,26188.65,26189.2,75,26192,50,0,752925
NIFTY-III.NFO,25/09/2024,09:48:27,26188.65,26188.7,75,26192,50,0,752925
NIFTY-III.NFO,25/09/2024,09:48:29,26188.65,26188.65,50,26191.95,50,0,752925
NIFTY-III.NFO,25/09/2024,09:48:32,26188.65,26188.65,50,26191.9,100,0,752925
NIFTY-III.NFO,25/09/2024,09:48:34,26188.65,26188.65,50,26190.5,100,0,752925
NIFTY-III.NFO,25/09/2024,09:48:37,26187,26187,375,26187.9,50,200,752925
NIFTY-III.NFO,25/09/2024,09:48:39,26187,26187,375,26188,25,0,752925
NIFTY-III.NFO,25/09/2024,09:48:44,26187,26187,350,26188,25,25,753900
NIFTY-III.NFO,25/09/2024,09:48:47,26187,26187,250,26188.45,175,100,753900
NIFTY-III.NFO,25/09/2024,09:48:49,26187,26187,200,26188.5,50,50,753900
NIFTY-III.NFO,25/09/2024,09:48:52,26186.5,26185,50,26186.5,1425,125,753900
NIFTY-III.NFO,25/09/2024,09:48:54,26186.5,26185,25,26186.5,1275,175,753900
NIFTY-III.NFO,25/09/2024,09:48:57,26186.5,26185,25,26186.5,1125,150,753900
NIFTY-III.NFO,25/09/2024,09:48:59,26186.5,26185,25,26186.5,1000,125,753900
NIFTY-III.NFO,25/09/2024,09:49:02,26186.5,26185,25,26186.5,950,50,753900
NIFTY-III.NFO,25/09/2024,09:49:04,26186.5,26186.2,25,26186.5,775,200,753900
NIFTY-III.NFO,25/09/2024,09:49:07,26186.5,26185,50,26186.5,825,0,753900
NIFTY-III.NFO,25/09/2024,09:49:12,26186.5,26186.15,25,26186.2,775,0,753900
NIFTY-III.NFO,25/09/2024,09:49:14,26186.5,26185.8,125,26186.5,200,825,753900
NIFTY-III.NFO,25/09/2024,09:49:17,26186.5,26186.7,75,26191.95,100,200,753900
NIFTY-III.NFO,25/09/2024,09:49:19,26186.5,26186.7,75,26192,50,0,753900
NIFTY-III.NFO,25/09/2024,09:49:22,26186.5,26186.5,200,26186.7,25,0,753900
NIFTY-III.NFO,25/09/2024,09:49:24,26186.7,26186.65,100,26192,50,25,753900
NIFTY-III.NFO,25/09/2024,09:49:27,26186.65,26186.65,50,26192,50,50,753900
NIFTY-III.NFO,25/09/2024,09:49:29,26186.65,26187.15,200,26192,50,0,753900
NIFTY-III.NFO,25/09/2024,09:49:32,26186.65,26187.25,125,26192,50,0,753900
NIFTY-III.NFO,25/09/2024,09:49:34,26186.65,26187.3,200,26192,50,0,753900
NIFTY-III.NFO,25/09/2024,09:49:37,26186.65,26191.95,50,26192,50,0,753900
NIFTY-III.NFO,25/09/2024,09:49:39,26192,26188,200,26193.75,175,50,753900
NIFTY-III.NFO,25/09/2024,09:49:42,26192,26188.85,200,26193.8,50,0,753900
NIFTY-III.NFO,25/09/2024,09:49:44,26192,26188.9,200,26193.8,50,0,753900
NIFTY-III.NFO,25/09/2024,09:49:47,26192,26188.95,200,26193.8,50,0,753900
NIFTY-III.NFO,25/09/2024,09:49:49,26193.9,26188.45,175,26193.5,25,225,753900
NIFTY-III.NFO,25/09/2024,09:49:49,26193.9,26188.45,175,26193.5,25,0,753900
NIFTY-III.NFO,25/09/2024,09:49:52,26193.9,26189.1,175,26193.5,25,0,753900
NIFTY-III.NFO,25/09/2024,09:49:54,26193.9,26189.55,100,26194.95,100,0,753900
NIFTY-III.NFO,25/09/2024,09:49:57,26193.9,26189.55,100,26194.95,175,0,753900
NIFTY-III.NFO,25/09/2024,09:49:59,26193.9,26189.55,225,26195,25,0,753900
NIFTY-III.NFO,25/09/2024,09:50:02,26193.9,26190,100,26194.95,175,0,753900
NIFTY-III.NFO,25/09/2024,09:50:09,26190,26190,150,26194.95,100,25,753900
NIFTY-III.NFO,25/09/2024,09:50:12,26194.95,26190.05,75,26194.95,75,25,753900
NIFTY-III.NFO,25/09/2024,09:50:12,26194.95,26190.05,75,26194.95,75,0,753900
NIFTY-III.NFO,25/09/2024,09:50:14,26194.95,26190,75,26194.95,150,0,753900
NIFTY-III.NFO,25/09/2024,09:50:19,26194.95,26190,75,26193,150,0,753900
NIFTY-III.NFO,25/09/2024,09:50:22,26187,26186.65,25,26190.45,200,100,753900
NIFTY-III.NFO,25/09/2024,09:50:24,26187,26186.65,25,26189.75,150,0,753900
NIFTY-III.NFO,25/09/2024,09:50:27,26190.75,26186.65,25,26191.65,125,25,753900
NIFTY-III.NFO,25/09/2024,09:50:29,26190.75,26186.65,25,26191.7,50,0,753900
NIFTY-III.NFO,25/09/2024,09:50:32,26190.75,26186.7,100,26192.25,125,0,753900
NIFTY-III.NFO,25/09/2024,09:50:34,26190.75,26186.7,175,26192.25,125,0,753900
NIFTY-III.NFO,25/09/2024,09:50:37,26190.75,26187.15,100,26194.05,125,0,753900
NIFTY-III.NFO,25/09/2024,09:50:39,26190.75,26186.7,175,26193.65,100,0,753900
NIFTY-III.NFO,25/09/2024,09:50:42,26190.75,26186.7,175,26192.35,50,0,753900
NIFTY-III.NFO,25/09/2024,09:50:44,26190.75,26186.7,175,26192.95,100,0,753900
NIFTY-III.NFO,25/09/2024,09:50:47,26190.75,26186.7,175,26192.85,100,0,753900
NIFTY-III.NFO,25/09/2024,09:50:49,26191.85,26186.65,25,26191.85,25,100,753900
NIFTY-III.NFO,25/09/2024,09:50:52,26191.85,26186.7,100,26191.95,125,0,753900
NIFTY-III.NFO,25/09/2024,09:50:57,26186.5,26186.55,100,26190,50,100,753900
NIFTY-III.NFO,25/09/2024,09:50:59,26186.5,26186.5,50,26190,50,0,753900
NIFTY-III.NFO,25/09/2024,09:51:04,26190,26186.5,50,26189.95,50,25,753900
NIFTY-III.NFO,25/09/2024,09:51:07,26190,26186.5,100,26189.85,50,0,753900
NIFTY-III.NFO,25/09/2024,09:51:09,26190,26186.5,100,26189.85,125,0,753900
NIFTY-III.NFO,25/09/2024,09:51:12,26190,26186.5,100,26189.75,50,0,753900
NIFTY-III.NFO,25/09/2024,09:51:14,26190,26186.5,100,26188,325,0,753900
NIFTY-III.NFO,25/09/2024,09:51:17,26186.5,26186.5,75,26188.95,50,25,753900
NIFTY-III.NFO,25/09/2024,09:51:19,26186,26185,25,26187.8,50,100,753900
NIFTY-III.NFO,25/09/2024,09:51:22,26185,26181,100,26186.35,50,25,753900
NIFTY-III.NFO,25/09/2024,09:51:24,26185,26181,100,26186.25,50,0,753900
NIFTY-III.NFO,25/09/2024,09:51:27,26186.1,26181,100,26184.75,50,25,753900
NIFTY-III.NFO,25/09/2024,09:51:29,26183.35,26181,100,26183.35,25,25,753900
NIFTY-III.NFO,25/09/2024,09:51:32,26181,26181,75,26183.8,50,25,753900
NIFTY-III.NFO,25/09/2024,09:51:34,26181,26181,50,26183.8,300,25,753900
NIFTY-III.NFO,25/09/2024,09:51:37,26181,26181,50,26183.8,50,0,753900
NIFTY-III.NFO,25/09/2024,09:51:39,26181,26181,50,26183.85,50,0,753900
NIFTY-III.NFO,25/09/2024,09:51:42,26181,26181,50,26183.9,50,0,753900
NIFTY-III.NFO,25/09/2024,09:51:44,26181,26181,50,26183.85,250,0,753900
NIFTY-III.NFO,25/09/2024,09:51:47,26181,26181,75,26183.55,250,0,753900
NIFTY-III.NFO,25/09/2024,09:51:49,26181,26181,75,26183,450,0,753900
NIFTY-III.NFO,25/09/2024,09:51:52,26181,26181,75,26182.95,125,0,753900
NIFTY-III.NFO,25/09/2024,09:51:54,26181,26181,75,26183,200,0,753900
NIFTY-III.NFO,25/09/2024,09:51:59,26181,26181,75,26183,275,0,753900
NIFTY-III.NFO,25/09/2024,09:52:02,26181,26180,25,26181,225,75,754175
NIFTY-III.NFO,25/09/2024,09:52:04,26181,26180,25,26181,275,0,754175
NIFTY-III.NFO,25/09/2024,09:52:07,26180,26178,25,26181,350,25,754175
NIFTY-III.NFO,25/09/2024,09:52:09,26180,26178,25,26180.35,100,0,754175
NIFTY-III.NFO,25/09/2024,09:52:14,26180,26178,25,26181,350,0,754175
NIFTY-III.NFO,25/09/2024,09:52:17,26180,26178,25,26181,275,0,754175
NIFTY-III.NFO,25/09/2024,09:52:19,26180,26178,25,26179.15,250,25,754175
NIFTY-III.NFO,25/09/2024,09:52:22,26180,26178,25,26181,375,0,754175
NIFTY-III.NFO,25/09/2024,09:52:24,26180,26178,25,26181,350,0,754175
NIFTY-III.NFO,25/09/2024,09:52:27,26180,26178,25,26180,50,0,754175
NIFTY-III.NFO,25/09/2024,09:52:34,26180,26178,25,26180,150,0,754175
NIFTY-III.NFO,25/09/2024,09:52:37,26180,26178,25,26180,75,0,754175
NIFTY-III.NFO,25/09/2024,09:52:39,26180,26178,25,26180,275,0,754175
NIFTY-III.NFO,25/09/2024,09:52:42,26180,26178,25,26180,350,0,754175
NIFTY-III.NFO,25/09/2024,09:52:46,26178,26178,150,26180,350,100,754175
NIFTY-III.NFO,25/09/2024,09:52:49,26178,26178,150,26180,275,0,754175
NIFTY-III.NFO,25/09/2024,09:52:51,26176.05,26176.05,100,26178,25,225,754175
NIFTY-III.NFO,25/09/2024,09:52:54,26178,26178,25,26180,225,25,754175
NIFTY-III.NFO,25/09/2024,09:52:56,26178,26178,25,26180,225,0,754175
NIFTY-III.NFO,25/09/2024,09:53:04,26178,26178,25,26180,200,25,754175
NIFTY-III.NFO,25/09/2024,09:53:06,26180,26176,25,26180,175,125,754175
NIFTY-III.NFO,25/09/2024,09:53:09,26180,26176.05,125,26180,175,0,754175
NIFTY-III.NFO,25/09/2024,09:53:11,26180,26176,25,26179.95,100,0,754175
NIFTY-III.NFO,25/09/2024,09:53:16,26180,26176,25,26179.2,100,0,754175
NIFTY-III.NFO,25/09/2024,09:53:19,26180,26176,25,26179.25,100,0,754175
NIFTY-III.NFO,25/09/2024,09:53:21,26180,26176,25,26179.95,100,0,754175
NIFTY-III.NFO,25/09/2024,09:53:24,26180,26176,25,26179.85,175,0,754175
NIFTY-III.NFO,25/09/2024,09:53:26,26176,26175,1700,26179.95,175,25,754175
NIFTY-III.NFO,25/09/2024,09:53:28,26176,26175,1700,26179.95,175,0,754175
NIFTY-III.NFO,25/09/2024,09:53:33,26176,26175,1700,26179.55,175,0,754175
NIFTY-III.NFO,25/09/2024,09:53:36,26176,26175,1725,26179.35,100,0,754175
NIFTY-III.NFO,25/09/2024,09:53:38,26175,26176,50,26179,100,25,754175
NIFTY-III.NFO,25/09/2024,09:53:41,26175,26176,50,26179.95,175,0,754175
NIFTY-III.NFO,25/09/2024,09:53:43,26175,26176,100,26179.95,175,0,754175
NIFTY-III.NFO,25/09/2024,09:53:48,26176,26176,75,26179.95,100,25,754175
NIFTY-III.NFO,25/09/2024,09:53:51,26176,26176,25,26179.95,100,50,754175
NIFTY-III.NFO,25/09/2024,09:53:53,26180,26176,25,26180,225,25,754175
NIFTY-III.NFO,25/09/2024,09:53:56,26180,26176,25,26179.95,175,0,754175
NIFTY-III.NFO,25/09/2024,09:53:58,26180,26176,25,26180,225,0,754175
NIFTY-III.NFO,25/09/2024,09:54:01,26176,26175.05,50,26179.95,175,25,754175
NIFTY-III.NFO,25/09/2024,09:54:03,26176,26175.05,125,26180,225,0,754175
NIFTY-III.NFO,25/09/2024,09:54:09,26176,26175.05,50,26180,225,0,754175
NIFTY-III.NFO,25/09/2024,09:54:11,26176,26175.05,125,26180,225,0,754175
NIFTY-III.NFO,25/09/2024,09:54:14,26176,26176.05,50,26180,225,0,754175
NIFTY-III.NFO,25/09/2024,09:54:16,26176,26176.7,50,26180,225,0,754175
NIFTY-III.NFO,25/09/2024,09:54:19,26180,26178.15,125,26180,75,150,754175
NIFTY-III.NFO,25/09/2024,09:54:21,26180,26179.85,50,26180,150,75,754175
NIFTY-III.NFO,25/09/2024,09:54:24,26180,26180,200,26181,225,150,754175
NIFTY-III.NFO,25/09/2024,09:54:26,26180,26180,200,26181,225,0,754175
NIFTY-III.NFO,25/09/2024,09:54:29,26181,26180,225,26181,200,25,754175
NIFTY-III.NFO,25/09/2024,09:54:31,26181,26180,225,26181,200,0,754175
NIFTY-III.NFO,25/09/2024,09:54:36,26181,26180,250,26181,200,0,754175
NIFTY-III.NFO,25/09/2024,09:54:39,26181,26180,225,26181,150,50,754175
NIFTY-III.NFO,25/09/2024,09:54:41,26180,26180,200,26181,375,25,754400
NIFTY-III.NFO,25/09/2024,09:54:44,26180,26180,175,26181,150,250,754400
NIFTY-III.NFO,25/09/2024,09:54:46,26180,26180,175,26181,150,0,754400
NIFTY-III.NFO,25/09/2024,09:54:51,26180,26180,150,26181,150,25,754400
NIFTY-III.NFO,25/09/2024,09:54:54,26180,26180,225,26181,150,0,754400
NIFTY-III.NFO,25/09/2024,09:54:56,26180,26177.95,125,26185.45,100,150,754400
NIFTY-III.NFO,25/09/2024,09:54:59,26180,26177.3,75,26184.45,100,0,754400
NIFTY-III.NFO,25/09/2024,09:55:01,26180,26180,25,26183.55,150,0,754400
NIFTY-III.NFO,25/09/2024,09:55:04,26180,26180,275,26184.4,100,0,754400
NIFTY-III.NFO,25/09/2024,09:55:06,26180,26180,275,26184.3,100,0,754400
NIFTY-III.NFO,25/09/2024,09:55:09,26180,26180,275,26183.5,100,0,754400
NIFTY-III.NFO,25/09/2024,09:55:11,26180,26180,275,26184.2,175,0,754400
NIFTY-III.NFO,25/09/2024,09:55:14,26180,26180,275,26183.6,100,0,754400
NIFTY-III.NFO,25/09/2024,09:55:16,26180,26180,275,26183.5,175,0,754400
NIFTY-III.NFO,25/09/2024,09:55:19,26180,26180.5,25,26182.6,175,0,754400
NIFTY-III.NFO,25/09/2024,09:55:21,26180,26180.5,25,26183.45,100,0,754400
NIFTY-III.NFO,25/09/2024,09:55:24,26180,26180.5,25,26182.2,100,0,754400
NIFTY-III.NFO,25/09/2024,09:55:26,26180,26180.5,25,26183.25,100,0,754400
NIFTY-III.NFO,25/09/2024,09:55:28,26180,26180.5,25,26183.1,100,0,754400
NIFTY-III.NFO,25/09/2024,09:55:31,26180,26180.5,25,26183.05,300,0,754400
NIFTY-III.NFO,25/09/2024,09:55:33,26183.05,26180.5,25,26182.25,100,100,754400
NIFTY-III.NFO,25/09/2024,09:55:36,26180.5,26180,250,26180.65,100,25,754400
NIFTY-III.NFO,25/09/2024,09:55:38,26180,26180,225,26182.1,100,25,754400
NIFTY-III.NFO,25/09/2024,09:55:41,26180,26180,225,26182.85,100,0,754400
NIFTY-III.NFO,25/09/2024,09:55:43,26180,26180,225,26182.8,100,0,754400
NIFTY-III.NFO,25/09/2024,09:55:46,26180,26180,225,26183.55,100,0,754400
NIFTY-III.NFO,25/09/2024,09:55:48,26180,26180,225,26183.5,100,0,754400
NIFTY-III.NFO,25/09/2024,09:55:51,26180,26180,225,26184.05,100,0,754400
NIFTY-III.NFO,25/09/2024,09:55:53,26180,26180.05,100,26185.95,100,0,754400
NIFTY-III.NFO,25/09/2024,09:55:56,26180,26180.05,100,26185.85,100,0,754400
NIFTY-III.NFO,25/09/2024,09:55:58,26180.05,26180.05,75,26185.95,100,25,754400
NIFTY-III.NFO,25/09/2024,09:56:01,26180.05,26180.8,75,26186,25,0,754400
NIFTY-III.NFO,25/09/2024,09:56:03,26180.05,26180.8,150,26186,25,0,754400
NIFTY-III.NFO,25/09/2024,09:56:06,26180.05,26182.8,125,26186,25,0,754400
NIFTY-III.NFO,25/09/2024,09:56:08,26180.05,26183.3,150,26186,25,0,754400
NIFTY-III.NFO,25/09/2024,09:56:11,26180.05,26181,75,26186,25,0,754400
NIFTY-III.NFO,25/09/2024,09:56:13,26180.05,26181.7,150,26186,50,0,754400
NIFTY-III.NFO,25/09/2024,09:56:16,26180.05,26180.45,150,26186,50,0,754400
NIFTY-III.NFO,25/09/2024,09:56:18,26180.05,26182.95,150,26186,50,0,754400
NIFTY-III.NFO,25/09/2024,09:56:21,26186,26186.8,100,26188,25,50,754400
NIFTY-III.NFO,25/09/2024,09:56:24,26186,26187.6,25,26188,25,0,754400
NIFTY-III.NFO,25/09/2024,09:56:26,26188,26184.65,75,26190,25,25,754400
NIFTY-III.NFO,25/09/2024,09:56:29,26188,26184.1,150,26189.95,175,0,754400
NIFTY-III.NFO,25/09/2024,09:56:31,26188,26185.75,75,26190,25,0,754400
NIFTY-III.NFO,25/09/2024,09:56:36,26188,26184.85,150,26190,25,0,754400
NIFTY-III.NFO,25/09/2024,09:56:38,26188,26184.8,75,26190,25,0,754400
NIFTY-III.NFO,25/09/2024,09:56:46,26188,26184.1,150,26189.95,175,0,754400
NIFTY-III.NFO,25/09/2024,09:56:48,26185,26185.5,75,26190,25,25,754400
NIFTY-III.NFO,25/09/2024,09:56:51,26185,26183.4,75,26189.95,175,0,754400
NIFTY-III.NFO,25/09/2024,09:56:53,26185,26184.2,75,26189.95,100,0,754400
NIFTY-III.NFO,25/09/2024,09:56:56,26185,26183.7,75,26189.95,175,0,754400
NIFTY-III.NFO,25/09/2024,09:56:58,26183.65,26183.65,50,26189.95,100,25,754400
NIFTY-III.NFO,25/09/2024,09:57:01,26183.65,26184.4,250,26189.95,175,0,754400
NIFTY-III.NFO,25/09/2024,09:57:03,26183.65,26183.7,50,26189.95,175,0,754400
NIFTY-III.NFO,25/09/2024,09:57:05,26183.65,26184.45,175,26189.95,100,0,754400
NIFTY-III.NFO,25/09/2024,09:57:08,26183.65,26185.2,50,26190,25,0,754400
NIFTY-III.NFO,25/09/2024,09:57:10,26183.65,26185.95,50,26190,25,0,754400
NIFTY-III.NFO,25/09/2024,09:57:15,26183.65,26185.25,125,26190,25,0,754400
NIFTY-III.NFO,25/09/2024,09:57:18,26183.65,26185.65,125,26190,25,0,754400
NIFTY-III.NFO,25/09/2024,09:57:23,26185.65,26185.65,100,26190,25,25,754400
NIFTY-III.NFO,25/09/2024,09:57:26,26185.65,26185.65,25,26190,25,0,754400
NIFTY-III.NFO,25/09/2024,09:57:28,26185.6,26185.6,850,26191.3,100,100,754400
NIFTY-III.NFO,25/09/2024,09:57:30,26185.6,26185.6,925,26191.3,100,0,754400
NIFTY-III.NFO,25/09/2024,09:57:33,26185.6,26185.6,925,26192.6,175,0,754400
NIFTY-III.NFO,25/09/2024,09:57:35,26185.6,26185.65,25,26192.6,175,0,754400
NIFTY-III.NFO,25/09/2024,09:57:38,26185.6,26185.75,75,26192.6,175,0,754400
NIFTY-III.NFO,25/09/2024,09:57:43,26185.6,26186.5,200,26192.95,175,0,754400
NIFTY-III.NFO,25/09/2024,09:57:45,26185.6,26186.5,75,26192.95,175,0,754400
NIFTY-III.NFO,25/09/2024,09:57:53,26185.6,26185.6,950,26192.95,175,0,754400
NIFTY-III.NFO,25/09/2024,09:58:07,26185.6,26188,25,26192.95,175,25,754550
NIFTY-III.NFO,25/09/2024,09:58:10,26185.6,26188,25,26192.95,100,0,754550
NIFTY-III.NFO,25/09/2024,09:58:12,26185.6,26188,25,26192.95,175,0,754550
NIFTY-III.NFO,25/09/2024,09:58:22,26185.6,26188,100,26193.9,25,0,754550
NIFTY-III.NFO,25/09/2024,09:58:25,26194.3,26194.3,725,26195,25,100,754550
NIFTY-III.NFO,25/09/2024,09:58:27,26194.3,26194.3,725,26195,25,0,754550
NIFTY-III.NFO,25/09/2024,09:58:32,26194.3,26194.3,650,26195,25,75,754550
NIFTY-III.NFO,25/09/2024,09:58:35,26194.3,26194.3,650,26195,25,0,754550
NIFTY-III.NFO,25/09/2024,09:58:37,26195,26195.1,25,26195.95,100,50,754550
NIFTY-III.NFO,25/09/2024,09:58:37,26195,26195.1,25,26195.95,100,0,754550
NIFTY-III.NFO,25/09/2024,09:58:40,26195,26195.1,25,26196,225,0,754550
NIFTY-III.NFO,25/09/2024,09:58:47,26195,26195.1,25,26196,200,0,754550
NIFTY-III.NFO,25/09/2024,09:58:57,26195,26195.1,25,26196,275,0,754550
NIFTY-III.NFO,25/09/2024,09:59:00,26195,26195.1,25,26196,200,0,754550
NIFTY-III.NFO,25/09/2024,09:59:12,26195,26195.5,25,26196,200,0,754550
NIFTY-III.NFO,25/09/2024,09:59:22,26195,26195.1,25,26196,200,0,754550
NIFTY-III.NFO,25/09/2024,09:59:35,26195,26195.1,25,26195.95,100,0,754550
NIFTY-III.NFO,25/09/2024,09:59:37,26195.1,26191.3,625,26195.45,125,25,754550
NIFTY-III.NFO,25/09/2024,09:59:37,26195.1,26191.3,625,26195.45,125,0,754550
NIFTY-III.NFO,25/09/2024,09:59:40,26195.1,26191.3,625,26195.4,100,0,754550
NIFTY-III.NFO,25/09/2024,09:59:42,26195.1,26190.3,625,26194.6,175,0,754550
NIFTY-III.NFO,25/09/2024,09:59:45,26195.1,26190.3,625,26195.2,100,0,754550
NIFTY-III.NFO,25/09/2024,09:59:47,26195.1,26195.1,25,26196,200,0,754550
NIFTY-III.NFO,25/09/2024,09:59:50,26195.1,26195.1,25,26195.95,100,0,754550
NIFTY-III.NFO,25/09/2024,09:59:52,26195.1,26195.1,25,26196,200,0,754550
NIFTY-III.NFO,25/09/2024,10:00:00,26195.1,26190.3,625,26196,200,25,754550
NIFTY-III.NFO,25/09/2024,10:00:02,26195.1,26190.3,625,26196,200,0,754550
NIFTY-III.NFO,25/09/2024,10:00:05,26195.1,26190.3,675,26196,200,0,754550
NIFTY-III.NFO,25/09/2024,10:00:07,26195.1,26191.6,125,26196,200,0,754550
NIFTY-III.NFO,25/09/2024,10:00:10,26195.1,26190.3,625,26196,200,0,754550
NIFTY-III.NFO,25/09/2024,10:00:12,26195.1,26190.3,625,26196,275,0,754550
NIFTY-III.NFO,25/09/2024,10:00:15,26196,26190.3,625,26196,250,25,754550
NIFTY-III.NFO,25/09/2024,10:00:15,26196,26190.3,625,26196,250,0,754550
NIFTY-III.NFO,25/09/2024,10:00:17,26196,26190.3,625,26196,175,0,754550
NIFTY-III.NFO,25/09/2024,10:00:20,26196,26190.3,625,26194.65,100,150,754550
NIFTY-III.NFO,25/09/2024,10:00:22,26194.9,26190.3,625,26194.9,100,25,754550
NIFTY-III.NFO,25/09/2024,10:00:24,26194.9,26190.35,25,26195.95,100,0,754550
NIFTY-III.NFO,25/09/2024,10:00:27,26194.9,26190.35,25,26195.4,100,0,754550
NIFTY-III.NFO,25/09/2024,10:00:29,26194.9,26190.35,25,26195.95,100,0,754550
NIFTY-III.NFO,25/09/2024,10:00:32,26194.9,26190.3,625,26195.65,175,0,754550
NIFTY-III.NFO,25/09/2024,10:00:34,26190.3,26190.3,600,26194.7,100,25,754550
NIFTY-III.NFO,25/09/2024,10:00:37,26190.3,26190.3,600,26193.1,150,0,754550
NIFTY-III.NFO,25/09/2024,10:00:39,26190.3,26190.3,600,26195.05,150,0,754550
NIFTY-III.NFO,25/09/2024,10:00:42,26190.3,26190.3,600,26194.15,100,0,754550
NIFTY-III.NFO,25/09/2024,10:00:47,26190.3,26190.3,600,26195.2,100,0,754550
NIFTY-III.NFO,25/09/2024,10:00:50,26190.3,26190.3,575,26194.95,100,25,754650
NIFTY-III.NFO,25/09/2024,10:00:52,26190.3,26190.3,575,26194.45,100,0,754650
NIFTY-III.NFO,25/09/2024,10:00:55,26190.3,26190.3,575,26194.25,100,0,754650
NIFTY-III.NFO,25/09/2024,10:00:57,26190.3,26190.3,575,26194.2,125,0,754650
NIFTY-III.NFO,25/09/2024,10:01:00,26190.3,26190.35,25,26195,100,75,754650
NIFTY-III.NFO,25/09/2024,10:01:02,26190.3,26190.35,25,26195,100,0,754650
NIFTY-III.NFO,25/09/2024,10:01:12,26195,26190.35,25,26195,75,25,754650
NIFTY-III.NFO,25/09/2024,10:01:15,26195,26191.2,25,26195,75,0,754650
NIFTY-III.NFO,25/09/2024,10:01:17,26195,26190.55,150,26195,75,0,754650
NIFTY-III.NFO,25/09/2024,10:01:20,26195,26192.45,25,26195,75,0,754650
NIFTY-III.NFO,25/09/2024,10:01:27,26195,26192.4,500,26195,200,0,754650
NIFTY-III.NFO,25/09/2024,10:01:29,26195,26193.3,25,26195,250,0,754650
NIFTY-III.NFO,25/09/2024,10:01:37,26195,26193.35,25,26194,25,0,754650
NIFTY-III.NFO,25/09/2024,10:01:39,26194,26192.4,500,26195,225,50,754650
NIFTY-III.NFO,25/09/2024,10:01:42,26194,26192.4,500,26195,225,0,754650
NIFTY-III.NFO,25/09/2024,10:01:52,26195,26192.4,500,26195,200,25,754650
NIFTY-III.NFO,25/09/2024,10:01:54,26195,26194,25,26195,225,0,754650
NIFTY-III.NFO,25/09/2024,10:01:59,26195,26194.55,50,26195,225,0,754650
NIFTY-III.NFO,25/09/2024,10:02:02,26195,26194,25,26195,225,0,754650
NIFTY-III.NFO,25/09/2024,10:02:04,26195,26192.4,500,26195,200,25,754650
NIFTY-III.NFO,25/09/2024,10:02:07,26195,26192.4,500,26195,200,0,754650
NIFTY-III.NFO,25/09/2024,10:02:09,26193.05,26194.05,50,26195,175,50,754650
NIFTY-III.NFO,25/09/2024,10:02:12,26193.05,26192.4,500,26195,175,0,754650
NIFTY-III.NFO,25/09/2024,10:02:17,26193.05,26194,50,26195,175,0,754650
NIFTY-III.NFO,25/09/2024,10:02:22,26194,26192.4,500,26195,175,50,754650
NIFTY-III.NFO,25/09/2024,10:02:25,26194,26192.4,500,26195,175,0,754650
NIFTY-III.NFO,25/09/2024,10:02:32,26192.4,26192.4,450,26195,175,50,754650
NIFTY-III.NFO,25/09/2024,10:02:35,26195,26193.65,25,26194,125,25,754650
NIFTY-III.NFO,25/09/2024,10:02:37,26195,26192.4,450,26194,125,0,754650
NIFTY-III.NFO,25/09/2024,10:02:40,26195,26192.4,450,26193.95,100,0,754650
NIFTY-III.NFO,25/09/2024,10:02:42,26191.4,26190,50,26190.7,25,625,754650
NIFTY-III.NFO,25/09/2024,10:02:45,26185,26180.35,100,26187.9,100,100,754650
NIFTY-III.NFO,25/09/2024,10:02:47,26180.35,26181.15,75,26188.55,175,100,754650
NIFTY-III.NFO,25/09/2024,10:02:50,26180.35,26180.05,75,26187.4,100,0,754650
NIFTY-III.NFO,25/09/2024,10:02:52,26180.35,26180,225,26185.6,100,0,754650
NIFTY-III.NFO,25/09/2024,10:02:55,26180.35,26180.05,75,26185.65,100,0,754650
NIFTY-III.NFO,25/09/2024,10:02:57,26180.35,26180.05,75,26187.9,175,0,754650
NIFTY-III.NFO,25/09/2024,10:03:00,26180.35,26180.8,75,26187.9,300,0,754650
NIFTY-III.NFO,25/09/2024,10:03:02,26180.05,26180,300,26186.2,100,100,754650
NIFTY-III.NFO,25/09/2024,10:03:05,26180.05,26180.85,25,26187.9,100,0,754650
NIFTY-III.NFO,25/09/2024,10:03:07,26180.05,26181,25,26187.85,100,0,754650
NIFTY-III.NFO,25/09/2024,10:03:10,26188.6,26181.2,25,26188.6,100,25,754650
NIFTY-III.NFO,25/09/2024,10:03:12,26188.6,26181.2,25,26188.7,100,0,754650
NIFTY-III.NFO,25/09/2024,10:03:15,26188.6,26181.3,25,26188.5,100,0,754650
NIFTY-III.NFO,25/09/2024,10:03:17,26188.6,26181.2,25,26187.75,100,0,754650
NIFTY-III.NFO,25/09/2024,10:03:20,26187.75,26181.15,25,26184.95,175,25,754650
NIFTY-III.NFO,25/09/2024,10:03:22,26187.75,26181.15,25,26186.05,175,0,754650
NIFTY-III.NFO,25/09/2024,10:03:27,26187.75,26181.35,25,26185.25,100,0,754650
NIFTY-III.NFO,25/09/2024,10:03:29,26186.05,26181.4,25,26186.05,100,25,754650
NIFTY-III.NFO,25/09/2024,10:03:32,26186.05,26181.4,75,26187,100,0,754650
NIFTY-III.NFO,25/09/2024,10:03:34,26187,26181.5,75,26187,50,50,754650
NIFTY-III.NFO,25/09/2024,10:03:37,26187,26181.6,75,26187,50,0,754650
NIFTY-III.NFO,25/09/2024,10:03:39,26187,26181.7,75,26187,50,0,754650
NIFTY-III.NFO,25/09/2024,10:03:44,26187,26181.7,75,26188.4,100,50,754475
NIFTY-III.NFO,25/09/2024,10:03:47,26188.05,26181.7,100,26188.35,100,25,754475
NIFTY-III.NFO,25/09/2024,10:03:49,26188.05,26181.8,100,26188.35,100,0,754475
NIFTY-III.NFO,25/09/2024,10:03:52,26188.05,26181.5,100,26188.35,100,0,754475
NIFTY-III.NFO,25/09/2024,10:03:54,26188.05,26181.6,100,26188.35,100,0,754475
NIFTY-III.NFO,25/09/2024,10:03:57,26188.25,26181.8,100,26187.9,75,25,754475
NIFTY-III.NFO,25/09/2024,10:03:59,26188.25,26181.8,100,26188.35,75,0,754475
NIFTY-III.NFO,25/09/2024,10:04:02,26188.25,26181.8,100,26188.45,125,0,754475
NIFTY-III.NFO,25/09/2024,10:04:04,26188.25,26183.15,100,26189,25,0,754475
NIFTY-III.NFO,25/09/2024,10:04:07,26188.25,26183.7,100,26188.25,50,0,754475
NIFTY-III.NFO,25/09/2024,10:04:09,26188.25,26183.9,150,26188.25,25,25,754475
NIFTY-III.NFO,25/09/2024,10:04:12,26184.45,26184.5,25,26188.25,25,100,754475
NIFTY-III.NFO,25/09/2024,10:04:14,26184.45,26184.55,25,26188.25,25,0,754475
NIFTY-III.NFO,25/09/2024,10:04:17,26184.45,26186.2,25,26188.25,25,0,754475
NIFTY-III.NFO,25/09/2024,10:04:19,26184.45,26185.75,25,26188.25,25,0,754475
NIFTY-III.NFO,25/09/2024,10:04:22,26188.25,26181.8,250,26188.95,100,125,754475
NIFTY-III.NFO,25/09/2024,10:04:24,26188.25,26181.2,250,26188.95,125,0,754475
NIFTY-III.NFO,25/09/2024,10:04:27,26188.25,26180.65,250,26188.15,100,0,754475
NIFTY-III.NFO,25/09/2024,10:04:29,26188.25,26180.65,250,26188.75,100,0,754475
NIFTY-III.NFO,25/09/2024,10:04:32,26188.25,26180,300,26187.5,350,0,754475
NIFTY-III.NFO,25/09/2024,10:04:34,26188.25,26180.25,250,26187.5,100,0,754475
NIFTY-III.NFO,25/09/2024,10:04:37,26188.25,26180,300,26187.5,100,0,754475
NIFTY-III.NFO,25/09/2024,10:04:42,26188.25,26180.35,250,26188.65,350,0,754475
NIFTY-III.NFO,25/09/2024,10:04:44,26188.65,26181.05,25,26188.4,100,25,754475
NIFTY-III.NFO,25/09/2024,10:04:47,26188.65,26181.05,25,26188.4,100,0,754475
NIFTY-III.NFO,25/09/2024,10:04:49,26188.65,26180.5,25,26188,100,0,754475
NIFTY-III.NFO,25/09/2024,10:04:52,26180.55,26181.15,250,26188,100,25,754475
NIFTY-III.NFO,25/09/2024,10:04:54,26180.55,26182.3,250,26188,25,0,754475
NIFTY-III.NFO,25/09/2024,10:04:57,26180.55,26181.75,250,26187.95,100,0,754475
NIFTY-III.NFO,25/09/2024,10:04:59,26180.55,26181.75,250,26188,25,0,754475
NIFTY-III.NFO,25/09/2024,10:05:02,26180.55,26182.4,250,26188,25,0,754475
NIFTY-III.NFO,25/09/2024,10:05:04,26180.55,26181.85,250,26188,25,0,754475
NIFTY-III.NFO,25/09/2024,10:05:07,26180.55,26182.55,250,26188,25,0,754475
NIFTY-III.NFO,25/09/2024,10:05:10,26180.55,26184.65,50,26188,25,0,754475
NIFTY-III.NFO,25/09/2024,10:05:12,26180.55,26186,250,26188,25,0,754475
NIFTY-III.NFO,25/09/2024,10:05:15,26180.55,26184.85,250,26188,25,0,754475
NIFTY-III.NFO,25/09/2024,10:05:17,26180.55,26184.25,250,26188,25,0,754475
NIFTY-III.NFO,25/09/2024,10:05:20,26180.55,26184.9,250,26188,25,0,754475
NIFTY-III.NFO,25/09/2024,10:05:22,26180.55,26184.95,250,26188,25,0,754475
NIFTY-III.NFO,25/09/2024,10:05:25,26180.55,26185.25,250,26188,25,0,754475
NIFTY-III.NFO,25/09/2024,10:05:27,26180.55,26184.7,250,26188,25,0,754475
NIFTY-III.NFO,25/09/2024,10:05:30,26180.55,26184.75,250,26188,25,0,754475
NIFTY-III.NFO,25/09/2024,10:05:32,26180.55,26184.15,250,26188,25,0,754475
NIFTY-III.NFO,25/09/2024,10:05:35,26180.55,26183.55,250,26188,25,0,754475
NIFTY-III.NFO,25/09/2024,10:05:37,26180.55,26182.95,250,26188,25,0,754475
NIFTY-III.NFO,25/09/2024,10:05:40,26180.55,26183,250,26188,25,0,754475
NIFTY-III.NFO,25/09/2024,10:05:42,26180.55,26180.5,250,26187.85,100,0,754475
NIFTY-III.NFO,25/09/2024,10:05:45,26180.55,26180,300,26186.75,100,0,754475
NIFTY-III.NFO,25/09/2024,10:05:47,26180.55,26182,225,26186.5,100,0,754475
NIFTY-III.NFO,25/09/2024,10:05:50,26180.55,26182,225,26184.95,100,0,754475
NIFTY-III.NFO,25/09/2024,10:05:55,26180.55,26182,225,26183.95,100,0,754475
NIFTY-III.NFO,25/09/2024,10:06:00,26180.55,26182,225,26184,100,0,754475
NIFTY-III.NFO,25/09/2024,10:06:02,26182,26182,200,26184,100,25,754475
NIFTY-III.NFO,25/09/2024,10:06:05,26182,26182,200,26183.95,100,0,754475
NIFTY-III.NFO,25/09/2024,10:06:10,26175.05,26175,1675,26178,25,400,754475
NIFTY-III.NFO,25/09/2024,10:06:12,26175.05,26175,1675,26178,25,0,754475
NIFTY-III.NFO,25/09/2024,10:06:17,26175,26175,1650,26178,25,25,754475
NIFTY-III.NFO,25/09/2024,10:06:20,26175,26175,1600,26178,25,50,754475
NIFTY-III.NFO,25/09/2024,10:06:22,26175,26175,1600,26177.95,100,0,754475
NIFTY-III.NFO,25/09/2024,10:06:25,26175,26175,1600,26178,25,0,754475
NIFTY-III.NFO,25/09/2024,10:06:32,26175,26175.55,250,26178,25,25,754475
NIFTY-III.NFO,25/09/2024,10:06:35,26175,26175,1575,26178,25,0,754475
NIFTY-III.NFO,25/09/2024,10:06:47,26175,26175,1525,26177.5,25,50,754875
NIFTY-III.NFO,25/09/2024,10:06:49,26175,26175,1525,26177.5,25,0,754875
NIFTY-III.NFO,25/09/2024,10:06:52,26175,26175,1450,26178,25,75,754875
NIFTY-III.NFO,25/09/2024,10:06:54,26175,26175,1450,26178,25,0,754875
NIFTY-III.NFO,25/09/2024,10:07:09,26175,26175,1250,26178,25,200,754875
NIFTY-III.NFO,25/09/2024,10:07:12,26175,26175,1250,26178,25,0,754875
NIFTY-III.NFO,25/09/2024,10:07:14,26175,26175,1250,26178,75,0,754875
NIFTY-III.NFO,25/09/2024,10:07:17,26175,26175,950,26175.6,100,300,754875
NIFTY-III.NFO,25/09/2024,10:07:19,26175,26171.65,100,26174.95,100,950,754875
NIFTY-III.NFO,25/09/2024,10:07:22,26175,26171.65,100,26175,75,0,754875
NIFTY-III.NFO,25/09/2024,10:07:24,26174.95,26171.65,100,26175,75,50,754875
NIFTY-III.NFO,25/09/2024,10:07:26,26174.95,26172,25,26175,125,0,754875
NIFTY-III.NFO,25/09/2024,10:07:29,26174.95,26172,25,26175,175,0,754875
NIFTY-III.NFO,25/09/2024,10:07:34,26172,26171.65,100,26175,175,25,754875
NIFTY-III.NFO,25/09/2024,10:07:36,26172,26171.65,100,26175,175,0,754875
NIFTY-III.NFO,25/09/2024,10:07:39,26172,26171.65,100,26174.95,25,0,754875
NIFTY-III.NFO,25/09/2024,10:07:41,26172,26171.65,100,26175,150,0,754875
NIFTY-III.NFO,25/09/2024,10:07:44,26171.65,26170,250,26171,100,100,754875
NIFTY-III.NFO,25/09/2024,10:07:46,26170,26170,225,26171.65,50,25,754875
NIFTY-III.NFO,25/09/2024,10:07:49,26170,26170,225,26171.5,100,0,754875
NIFTY-III.NFO,25/09/2024,10:07:51,26170,26170,150,26171.4,100,75,754875
NIFTY-III.NFO,25/09/2024,10:07:54,26170,26166,25,26168.25,100,225,754875
NIFTY-III.NFO,25/09/2024,10:07:56,26170,26166,25,26170,400,0,754875
NIFTY-III.NFO,25/09/2024,10:07:59,26170,26166.5,250,26170,400,0,754875
NIFTY-III.NFO,25/09/2024,10:08:01,26170,26167.85,250,26170,400,0,754875
NIFTY-III.NFO,25/09/2024,10:08:04,26170,26166.8,50,26170,125,275,754875
NIFTY-III.NFO,25/09/2024,10:08:06,26170,26166.95,50,26170,125,25,754875
NIFTY-III.NFO,25/09/2024,10:08:09,26170,26169.8,75,26170,125,0,754875
NIFTY-III.NFO,25/09/2024,10:08:11,26170,26169.65,25,26170,25,100,754875
NIFTY-III.NFO,25/09/2024,10:08:14,26170,26168.05,50,26171.65,50,25,754875
NIFTY-III.NFO,25/09/2024,10:08:16,26170,26170,25,26171.65,50,25,754875
NIFTY-III.NFO,25/09/2024,10:08:19,26170,26170,25,26171.65,50,0,754875
NIFTY-III.NFO,25/09/2024,10:08:24,26170,26170.05,50,26171.65,50,0,754875
NIFTY-III.NFO,25/09/2024,10:08:26,26170,26170,25,26171.65,50,0,754875
NIFTY-III.NFO,25/09/2024,10:08:31,26170,26168.45,50,26171.65,50,50,754875
NIFTY-III.NFO,25/09/2024,10:08:34,26170,26166.45,50,26171.65,50,0,754875
NIFTY-III.NFO,25/09/2024,10:08:39,26170,26166,50,26170,25,0,754875
NIFTY-III.NFO,25/09/2024,10:08:41,26170,26166.5,50,26170,25,0,754875
NIFTY-III.NFO,25/09/2024,10:08:44,26170,26167,25,26170,25,0,754875
NIFTY-III.NFO,25/09/2024,10:08:48,26170,26167.05,50,26170,25,0,754875
NIFTY-III.NFO,25/09/2024,10:08:51,26170,26167.15,50,26170,25,0,754875
NIFTY-III.NFO,25/09/2024,10:08:56,26170,26167.15,175,26170,25,0,754875
NIFTY-III.NFO,25/09/2024,10:08:58,26166.2,26166.2,25,26170,25,50,754875
NIFTY-III.NFO,25/09/2024,10:09:01,26166.2,26166,50,26170,25,0,754875
NIFTY-III.NFO,25/09/2024,10:09:03,26166.2,26166,50,26169.95,100,0,754875
NIFTY-III.NFO,25/09/2024,10:09:06,26166.2,26166,50,26168.75,100,0,754875
NIFTY-III.NFO,25/09/2024,10:09:08,26165,26165,50,26167.45,100,75,754875
NIFTY-III.NFO,25/09/2024,10:09:11,26165,26160.25,50,26165,25,50,754875
NIFTY-III.NFO,25/09/2024,10:09:13,26165,26160.7,50,26165,25,0,754875
NIFTY-III.NFO,25/09/2024,10:09:16,26165,26160.8,50,26165,25,0,754875
NIFTY-III.NFO,25/09/2024,10:09:18,26165,26160.55,50,26165,25,0,754875
NIFTY-III.NFO,25/09/2024,10:09:20,26165,26160.7,50,26165,25,0,754875
NIFTY-III.NFO,25/09/2024,10:09:23,26165,26160.25,50,26165,25,0,754875
NIFTY-III.NFO,25/09/2024,10:09:25,26165,26161,25,26167.65,350,25,754875
NIFTY-III.NFO,25/09/2024,10:09:28,26165,26161,25,26166.85,100,0,754875
NIFTY-III.NFO,25/09/2024,10:09:30,26165,26161,25,26167.15,100,0,754875
NIFTY-III.NFO,25/09/2024,10:09:33,26165,26161,25,26165.9,100,0,754875
NIFTY-III.NFO,25/09/2024,10:09:35,26165,26161,25,26166.05,100,0,754875
NIFTY-III.NFO,25/09/2024,10:09:38,26165,26161,25,26166.75,100,0,754875
NIFTY-III.NFO,25/09/2024,10:09:40,26165.8,26161,25,26165.8,50,325,754875
NIFTY-III.NFO,25/09/2024,10:09:43,26165.8,26161,25,26165,250,0,754875
NIFTY-III.NFO,25/09/2024,10:09:45,26165.8,26163,50,26164.35,50,0,754875
NIFTY-III.NFO,25/09/2024,10:09:48,26165,26163,50,26165,225,25,755925
NIFTY-III.NFO,25/09/2024,10:09:50,26165,26163,50,26165,175,50,755925
NIFTY-III.NFO,25/09/2024,10:09:53,26165,26163,50,26165,175,25,755925
NIFTY-III.NFO,25/09/2024,10:09:55,26163,26161,25,26165,175,75,755925
NIFTY-III.NFO,25/09/2024,10:09:58,26163,26161,25,26164.95,150,0,755925
NIFTY-III.NFO,25/09/2024,10:10:00,26163,26161,25,26163.55,50,0,755925
NIFTY-III.NFO,25/09/2024,10:10:03,26163,26161,25,26164.2,150,0,755925
NIFTY-III.NFO,25/09/2024,10:10:05,26163,26162.1,200,26165,175,0,755925
NIFTY-III.NFO,25/09/2024,10:10:08,26163,26162.55,100,26165,175,0,755925
NIFTY-III.NFO,25/09/2024,10:10:10,26163,26162.85,150,26165,175,0,755925
NIFTY-III.NFO,25/09/2024,10:10:13,26165,26163.95,100,26169.4,125,275,755925
NIFTY-III.NFO,25/09/2024,10:10:15,26165,26162.25,100,26168,125,0,755925
NIFTY-III.NFO,25/09/2024,10:10:18,26165,26163.15,100,26165,25,0,755925
NIFTY-III.NFO,25/09/2024,10:10:20,26165,26162.15,100,26165,25,0,755925
NIFTY-III.NFO,25/09/2024,10:10:23,26167.3,26162.15,100,26167.3,50,75,755925
NIFTY-III.NFO,25/09/2024,10:10:25,26167.3,26162.15,100,26168.05,50,0,755925
NIFTY-III.NFO,25/09/2024,10:10:28,26167.3,26162.15,100,26168.1,125,0,755925
NIFTY-III.NFO,25/09/2024,10:10:30,26167.3,26162.75,100,26168,25,0,755925
NIFTY-III.NFO,25/09/2024,10:10:33,26167.3,26162.15,100,26168,25,0,755925
NIFTY-III.NFO,25/09/2024,10:10:35,26167.95,26163,25,26167.95,25,25,755925
NIFTY-III.NFO,25/09/2024,10:10:38,26167.95,26163.05,100,26167.95,25,0,755925
NIFTY-III.NFO,25/09/2024,10:10:40,26167.95,26163.05,100,26167.85,25,0,755925
NIFTY-III.NFO,25/09/2024,10:10:45,26167.95,26163.4,50,26167.8,25,0,755925
NIFTY-III.NFO,25/09/2024,10:10:48,26167.95,26163.4,50,26167.2,25,0,755925
NIFTY-III.NFO,25/09/2024,10:10:50,26167.95,26163.4,50,26165.9,25,0,755925
NIFTY-III.NFO,25/09/2024,10:10:53,26166.9,26163.4,50,26165.4,50,25,755925
NIFTY-III.NFO,25/09/2024,10:10:55,26166.9,26163.4,50,26164.05,100,0,755925
NIFTY-III.NFO,25/09/2024,10:10:58,26163.4,26162.1,200,26163.2,125,50,755925
NIFTY-III.NFO,25/09/2024,10:11:00,26163.4,26162.1,200,26163.4,25,0,755925
NIFTY-III.NFO,25/09/2024,10:11:05,26163.4,26163,25,26163.4,25,0,755925
NIFTY-III.NFO,25/09/2024,10:11:10,26163.4,26163,25,26163.4,125,25,755925
NIFTY-III.NFO,25/09/2024,10:11:13,26163.4,26163,25,26163.6,125,25,755925
NIFTY-III.NFO,25/09/2024,10:11:15,26163.4,26163,25,26163.4,125,0,755925
NIFTY-III.NFO,25/09/2024,10:11:18,26163.4,26163,25,26163.4,100,25,755925
NIFTY-III.NFO,25/09/2024,10:11:20,26161,26160,1825,26160.6,50,375,755925
NIFTY-III.NFO,25/09/2024,10:11:23,26161,26160,1825,26162,100,0,755925
NIFTY-III.NFO,25/09/2024,10:11:25,26161,26160,1825,26161,100,0,755925
NIFTY-III.NFO,25/09/2024,10:11:27,26161,26160,1750,26160.95,25,0,755925
NIFTY-III.NFO,25/09/2024,10:11:30,26161,26160,1725,26160.2,125,250,755925
NIFTY-III.NFO,25/09/2024,10:11:32,26159,26158,25,26160.95,125,1825,755925
NIFTY-III.NFO,25/09/2024,10:11:35,26159,26155.15,100,26160.95,125,0,755925
NIFTY-III.NFO,25/09/2024,10:11:37,26159,26155.45,100,26160.75,125,0,755925
NIFTY-III.NFO,25/09/2024,10:11:40,26159,26156.1,150,26161,50,0,755925
NIFTY-III.NFO,25/09/2024,10:11:42,26159,26157,100,26159,50,0,755925
NIFTY-III.NFO,25/09/2024,10:11:45,26159,26157.7,100,26162.85,25,50,755925
NIFTY-III.NFO,25/09/2024,10:11:47,26159,26159.05,100,26162.85,25,0,755925
NIFTY-III.NFO,25/09/2024,10:11:50,26159.05,26159.05,75,26162.9,275,125,755925
NIFTY-III.NFO,25/09/2024,10:11:52,26159.05,26159,1525,26160,25,0,755925
NIFTY-III.NFO,25/09/2024,10:11:55,26159.05,26159,1550,26160,25,0,755925
NIFTY-III.NFO,25/09/2024,10:12:02,26159,26159,1525,26160,25,25,755925
NIFTY-III.NFO,25/09/2024,10:12:05,26161.45,26159,1525,26162.75,25,250,755925
NIFTY-III.NFO,25/09/2024,10:12:07,26163,26159.05,100,26163.35,125,1000,755925
NIFTY-III.NFO,25/09/2024,10:12:10,26163,26160.05,100,26164,25,0,755925
NIFTY-III.NFO,25/09/2024,10:12:12,26163,26160.05,100,26165.6,25,0,755925
NIFTY-III.NFO,25/09/2024,10:12:15,26163,26163,25,26165.2,25,25,755925
NIFTY-III.NFO,25/09/2024,10:12:17,26163,26163,25,26165.25,25,0,755925
NIFTY-III.NFO,25/09/2024,10:12:20,26163,26163,25,26165,25,0,755925
NIFTY-III.NFO,25/09/2024,10:12:22,26163,26163,25,26165.1,25,0,755925
NIFTY-III.NFO,25/09/2024,10:12:30,26163,26163,25,26165.15,25,0,755925
NIFTY-III.NFO,25/09/2024,10:12:32,26163,26163,25,26165.55,25,0,755925
NIFTY-III.NFO,25/09/2024,10:12:35,26163,26160.05,100,26165.55,25,25,755925
NIFTY-III.NFO,25/09/2024,10:12:37,26163,26160.05,100,26165.7,25,0,755925
NIFTY-III.NFO,25/09/2024,10:12:40,26163,26164,25,26165,25,0,755925
NIFTY-III.NFO,25/09/2024,10:12:42,26164,26161.05,100,26165.65,25,25,755925
NIFTY-III.NFO,25/09/2024,10:12:45,26164,26163.1,25,26165.7,25,0,755075
NIFTY-III.NFO,25/09/2024,10:12:52,26164,26163.1,25,26164,25,0,755075
NIFTY-III.NFO,25/09/2024,10:13:02,26164,26163.1,25,26165,300,25,755075
NIFTY-III.NFO,25/09/2024,10:13:05,26164,26163.5,25,26165,300,0,755075
NIFTY-III.NFO,25/09/2024,10:13:07,26163.1,26160,50,26163,250,50,755075
NIFTY-III.NFO,25/09/2024,10:13:10,26163.1,26160,50,26163,250,0,755075
NIFTY-III.NFO,25/09/2024,10:13:15,26163.1,26160.05,100,26163,250,0,755075
NIFTY-III.NFO,25/09/2024,10:13:17,26163,26160,50,26163,125,125,755075
NIFTY-III.NFO,25/09/2024,10:13:20,26163,26160.05,100,26163,125,0,755075
NIFTY-III.NFO,25/09/2024,10:13:22,26163,26160,50,26163,125,0,755075
NIFTY-III.NFO,25/09/2024,10:13:25,26163,26160.05,150,26163,125,0,755075
NIFTY-III.NFO,25/09/2024,10:13:27,26163,26160.8,100,26163,125,0,755075
NIFTY-III.NFO,25/09/2024,10:13:30,26163,26160.5,100,26163,125,0,755075
NIFTY-III.NFO,25/09/2024,10:13:32,26163,26160.85,100,26163,125,0,755075
NIFTY-III.NFO,25/09/2024,10:13:35,26163,26160.75,100,26163,125,0,755075
NIFTY-III.NFO,25/09/2024,10:13:37,26163,26160.65,100,26163,125,0,755075
NIFTY-III.NFO,25/09/2024,10:13:40,26163,26160,50,26164.95,25,0,755075
NIFTY-III.NFO,25/09/2024,10:13:42,26163,26160.15,150,26165,125,0,755075
NIFTY-III.NFO,25/09/2024,10:13:45,26163,26160,50,26164.95,25,0,755075
NIFTY-III.NFO,25/09/2024,10:13:47,26163,26160.05,100,26164.95,25,0,755075
NIFTY-III.NFO,25/09/2024,10:13:50,26163,26160.15,100,26164.95,25,0,755075
NIFTY-III.NFO,25/09/2024,10:13:52,26163,26160,125,26164.95,25,0,755075
NIFTY-III.NFO,25/09/2024,10:13:55,26163,26160,150,26164.85,25,0,755075
NIFTY-III.NFO,25/09/2024,10:13:57,26163,26161.75,100,26165,125,0,755075
NIFTY-III.NFO,25/09/2024,10:14:00,26163,26160.75,150,26165,125,0,755075
NIFTY-III.NFO,25/09/2024,10:14:02,26163,26160.6,100,26165,125,0,755075
NIFTY-III.NFO,25/09/2024,10:14:05,26160,26160,100,26163,125,75,755075
NIFTY-III.NFO,25/09/2024,10:14:07,26163,26160.1,25,26163,100,50,755075
NIFTY-III.NFO,25/09/2024,10:14:10,26163,26160.1,25,26163,100,0,755075
NIFTY-III.NFO,25/09/2024,10:14:15,26163,26160.1,25,26162.95,25,0,755075
NIFTY-III.NFO,25/09/2024,10:14:17,26163,26160.1,25,26163,100,0,755075
NIFTY-III.NFO,25/09/2024,10:14:22,26163,26160.1,25,26161,100,0,755075
NIFTY-III.NFO,25/09/2024,10:14:32,26160,26159.1,25,26160,75,125,755075
NIFTY-III.NFO,25/09/2024,10:14:34,26160,26159.1,25,26160,75,0,755075
NIFTY-III.NFO,25/09/2024,10:14:42,26160,26159.15,100,26160,75,0,755075
NIFTY-III.NFO,25/09/2024,10:14:47,26160,26159.15,100,26160,100,0,755075
NIFTY-III.NFO,25/09/2024,10:14:49,26160,26159.15,100,26160,25,75,755075
NIFTY-III.NFO,25/09/2024,10:14:52,26160,26159.15,100,26160,25,0,755075
NIFTY-III.NFO,25/09/2024,10:14:54,26160,26160.25,100,26164.75,25,25,755075
NIFTY-III.NFO,25/09/2024,10:14:57,26160,26159.75,100,26164.75,25,0,755075
NIFTY-III.NFO,25/09/2024,10:14:59,26160,26159.15,100,26164.7,25,0,755075
NIFTY-III.NFO,25/09/2024,10:15:02,26160,26159.15,100,26163.45,150,0,755075
NIFTY-III.NFO,25/09/2024,10:15:04,26160,26160.05,100,26164.45,150,0,755075
NIFTY-III.NFO,25/09/2024,10:15:07,26160,26160.05,100,26163,25,0,755075
NIFTY-III.NFO,25/09/2024,10:15:09,26160.05,26160,75,26163,25,50,755075
NIFTY-III.NFO,25/09/2024,10:15:12,26160.05,26160,100,26163,25,0,755075
NIFTY-III.NFO,25/09/2024,10:15:14,26160.05,26160,100,26162.3,125,0,755075
NIFTY-III.NFO,25/09/2024,10:15:16,26160.05,26160,100,26162.2,75,0,755075
NIFTY-III.NFO,25/09/2024,10:15:19,26162.3,26160,125,26162.2,125,25,755075
NIFTY-III.NFO,25/09/2024,10:15:21,26162.3,26160,125,26162.95,125,0,755075
NIFTY-III.NFO,25/09/2024,10:15:24,26160,26160,100,26163,25,25,755075
NIFTY-III.NFO,25/09/2024,10:15:27,26160,26160,75,26162.8,75,25,755075
NIFTY-III.NFO,25/09/2024,10:15:29,26160,26160,50,26162.05,125,25,755075
NIFTY-III.NFO,25/09/2024,10:15:31,26160,26160,50,26163,25,0,755075
NIFTY-III.NFO,25/09/2024,10:15:34,26160,26160,75,26163,25,0,755075
NIFTY-III.NFO,25/09/2024,10:15:41,26160,26160,75,26162.95,75,0,755075
NIFTY-III.NFO,25/09/2024,10:15:44,26160,26160,75,26163,25,0,755075
NIFTY-III.NFO,25/09/2024,10:15:49,26160,26160.05,100,26163,25,0,755075
NIFTY-III.NFO,25/09/2024,10:15:54,26160,26160,75,26163,25,0,755075
NIFTY-III.NFO,25/09/2024,10:15:56,26163,26160,75,26164.1,275,25,755175
NIFTY-III.NFO,25/09/2024,10:15:59,26163,26160,50,26163.8,150,0,755175
NIFTY-III.NFO,25/09/2024,10:16:01,26163,26160,50,26163.95,275,0,755175
NIFTY-III.NFO,25/09/2024,10:16:04,26163,26160,50,26162.9,125,0,755175
NIFTY-III.NFO,25/09/2024,10:16:06,26163,26160,50,26162.4,125,0,755175
NIFTY-III.NFO,25/09/2024,10:16:09,26163,26160,50,26162.5,125,0,755175
NIFTY-III.NFO,25/09/2024,10:16:11,26160,26159,1475,26161.55,125,50,755175
NIFTY-III.NFO,25/09/2024,10:16:14,26160,26159,1475,26161.55,125,0,755175
NIFTY-III.NFO,25/09/2024,10:16:16,26160,26160,50,26161.55,125,0,755175
NIFTY-III.NFO,25/09/2024,10:16:19,26160,26159,1475,26161.15,100,50,755175
NIFTY-III.NFO,25/09/2024,10:16:21,26160,26160,25,26161.85,250,0,755175
NIFTY-III.NFO,25/09/2024,10:16:24,26160,26159,1475,26160.15,150,25,755175
NIFTY-III.NFO,25/09/2024,10:16:26,26159,26159,1450,26159.4,100,25,755175
NIFTY-III.NFO,25/09/2024,10:16:28,26159,26159,1450,26160.35,150,0,755175
NIFTY-III.NFO,25/09/2024,10:16:31,26159,26159,1300,26160.1,100,150,755175
NIFTY-III.NFO,25/09/2024,10:16:33,26159,26159,1300,26160.1,175,0,755175
NIFTY-III.NFO,25/09/2024,10:16:36,26159,26159,425,26159.95,75,875,755175
NIFTY-III.NFO,25/09/2024,10:16:38,26159,26159,400,26160.7,125,25,755175
NIFTY-III.NFO,25/09/2024,10:16:41,26159,26155,425,26158.4,75,425,755175
NIFTY-III.NFO,25/09/2024,10:16:43,26159,26155,425,26155.75,125,0,755175
NIFTY-III.NFO,25/09/2024,10:16:46,26159,26155,425,26156.5,125,0,755175
NIFTY-III.NFO,25/09/2024,10:16:48,26151.95,26151.05,100,26156.45,225,675,755175
NIFTY-III.NFO,25/09/2024,10:16:51,26151.95,26151.05,100,26154.75,125,0,755175
NIFTY-III.NFO,25/09/2024,10:16:53,26151.95,26151.05,100,26154.7,125,0,755175
NIFTY-III.NFO,25/09/2024,10:16:56,26151.95,26151.05,100,26153,25,0,755175
NIFTY-III.NFO,25/09/2024,10:16:58,26152.05,26152.05,100,26153,25,25,755175
NIFTY-III.NFO,25/09/2024,10:17:01,26152.05,26152.05,100,26153,25,0,755175
NIFTY-III.NFO,25/09/2024,10:17:08,26153,26152.15,100,26155.95,125,25,755175
NIFTY-III.NFO,25/09/2024,10:17:11,26153,26152.15,100,26155.95,125,0,755175
NIFTY-III.NFO,25/09/2024,10:17:16,26153,26152.55,100,26156,25,0,755175
NIFTY-III.NFO,25/09/2024,10:17:18,26152.55,26153.05,75,26157.4,50,25,755175
NIFTY-III.NFO,25/09/2024,10:17:21,26152.55,26153.05,75,26157.7,25,0,755175
NIFTY-III.NFO,25/09/2024,10:17:28,26152.55,26154.85,75,26157.7,25,0,755175
NIFTY-III.NFO,25/09/2024,10:17:31,26154.85,26154.4,50,26157.7,25,25,755175
NIFTY-III.NFO,25/09/2024,10:17:33,26157.7,26156,25,26159,25,50,755175
NIFTY-III.NFO,25/09/2024,10:17:36,26159,26156.8,25,26163,25,25,755175
NIFTY-III.NFO,25/09/2024,10:17:38,26157.1,26154.8,175,26162.75,100,25,755175
NIFTY-III.NFO,25/09/2024,10:17:41,26157.1,26157.2,50,26163,25,0,755175
NIFTY-III.NFO,25/09/2024,10:17:43,26157.1,26157.35,50,26162.95,125,0,755175
NIFTY-III.NFO,25/09/2024,10:17:48,26157.1,26156.55,50,26162.95,175,0,755175
NIFTY-III.NFO,25/09/2024,10:17:51,26157.1,26155.95,50,26162.9,100,0,755175
NIFTY-III.NFO,25/09/2024,10:17:53,26157.1,26155.95,50,26162.75,100,0,755175
NIFTY-III.NFO,25/09/2024,10:17:56,26157.1,26156.3,50,26162.75,100,0,755175
NIFTY-III.NFO,25/09/2024,10:17:58,26157.1,26156.65,50,26162.85,150,25,755175
NIFTY-III.NFO,25/09/2024,10:18:01,26162.8,26162.8,875,26162.85,75,625,755175
NIFTY-III.NFO,25/09/2024,10:18:03,26162.8,26162.8,325,26163.25,50,550,755175
NIFTY-III.NFO,25/09/2024,10:18:06,26162.8,26162.8,25,26163.15,50,300,755175
NIFTY-III.NFO,25/09/2024,10:18:08,26162.8,26162.8,25,26163.15,50,0,755175
NIFTY-III.NFO,25/09/2024,10:18:11,26162.8,26160,25,26161.25,125,25,755175
NIFTY-III.NFO,25/09/2024,10:18:13,26162.8,26160,25,26162.65,125,0,755175
NIFTY-III.NFO,25/09/2024,10:18:16,26162.8,26160,25,26163.05,50,0,755175
NIFTY-III.NFO,25/09/2024,10:18:28,26160,26157.2,150,26163.05,50,25,755175
NIFTY-III.NFO,25/09/2024,10:18:31,26160,26156.65,100,26163.05,50,0,755175
NIFTY-III.NFO,25/09/2024,10:18:33,26156.65,26160,25,26163,25,25,755175
NIFTY-III.NFO,25/09/2024,10:18:36,26156.65,26160,25,26162.45,25,0,755175
NIFTY-III.NFO,25/09/2024,10:18:38,26160,26156.1,225,26162.1,25,25,755175
NIFTY-III.NFO,25/09/2024,10:18:41,26160,26156.1,150,26163,25,0,755175
NIFTY-III.NFO,25/09/2024,10:18:43,26157.1,26156.7,100,26162.65,50,25,755175
NIFTY-III.NFO,25/09/2024,10:18:46,26157.1,26156.7,100,26163,75,50,753775
NIFTY-III.NFO,25/09/2024,10:18:48,26157.1,26158,150,26162,25,0,753775
NIFTY-III.NFO,25/09/2024,10:18:51,26162,26156.8,100,26163,75,25,753775
