Ticker,Date,Time,LTP,BuyPrice,BuyQty,SellPrice,SellQty,LTQ,OpenInterest
BANKNIFTY-II.NFO,20/01/2025,09:15:01,49150,49239.45,120,49245.8,60,90,841860
BANKNIFTY-II.NFO,20/01/2025,09:15:01,49245.75,49239.45,120,49245.8,60,0,841860
BANKNIFTY-II.NFO,20/01/2025,09:15:01,49245.75,49239.45,120,49245.8,60,0,841860
BANKNIFTY-II.NFO,20/01/2025,09:15:01,49150,49239.45,120,49245.8,60,0,841860
BANKNIFTY-II.NFO,20/01/2025,09:15:03,49276.15,49258.05,120,49279.85,90,510,841860
BANKNIFTY-II.NFO,20/01/2025,09:15:03,49276.15,49258.05,120,49279.85,90,0,841860
BANKNIFTY-II.NFO,20/01/2025,09:15:04,49260.25,49248.5,30,49283.4,120,540,841860
BANKNIFTY-II.NFO,20/01/2025,09:15:04,49288.4,49248.5,30,49283.4,120,0,841860
BANKNIFTY-II.NFO,20/01/2025,09:15:06,49255.7,49255.05,60,49286.75,120,540,841860
BANKNIFTY-II.NFO,20/01/2025,09:15:06,49289.95,49255.05,60,49286.75,120,0,841860
BANKNIFTY-II.NFO,20/01/2025,09:15:07,49266.35,49257.7,60,49286.6,120,90,841860
BANKNIFTY-II.NFO,20/01/2025,09:15:09,49286.65,49247.4,60,49268.7,60,30,841860
BANKNIFTY-II.NFO,20/01/2025,09:15:10,49240.95,49240.9,150,49264.4,120,90,841860
BANKNIFTY-II.NFO,20/01/2025,09:15:12,49268.65,49246.35,30,49265.35,60,90,841860
BANKNIFTY-II.NFO,20/01/2025,09:15:13,49235.45,49238.85,60,49261.45,120,300,841860
BANKNIFTY-II.NFO,20/01/2025,09:15:15,49235.45,49227.75,120,49251.95,120,0,841860
BANKNIFTY-II.NFO,20/01/2025,09:15:17,49218,49201.55,150,49241.55,120,840,841860
BANKNIFTY-II.NFO,20/01/2025,09:15:18,49191,49169.45,300,49203.05,120,90,841860
BANKNIFTY-II.NFO,20/01/2025,09:15:20,49180.45,49180.55,150,49203.1,60,90,841860
BANKNIFTY-II.NFO,20/01/2025,09:15:21,49176.9,49180.3,150,49200,60,120,841860
BANKNIFTY-II.NFO,20/01/2025,09:15:23,49157.2,49150.05,90,49170.45,120,150,841860
BANKNIFTY-II.NFO,20/01/2025,09:15:24,49157.85,49126.95,90,49149.75,120,60,841860
BANKNIFTY-II.NFO,20/01/2025,09:15:26,49149.75,49111.05,120,49137.5,120,30,841860
BANKNIFTY-II.NFO,20/01/2025,09:15:26,49149.75,49111.05,120,49137.5,120,0,841860
BANKNIFTY-II.NFO,20/01/2025,09:15:27,49121.75,49137.55,30,49146.65,30,180,841860
BANKNIFTY-II.NFO,20/01/2025,09:15:27,49121.75,49137.55,30,49146.65,30,0,841860
BANKNIFTY-II.NFO,20/01/2025,09:15:29,49156.4,49135.9,120,49157.85,60,120,841860
BANKNIFTY-II.NFO,20/01/2025,09:15:29,49117.95,49135.9,120,49157.85,60,0,841860
BANKNIFTY-II.NFO,20/01/2025,09:15:30,49149.75,49143.5,150,49157.85,60,30,841860
BANKNIFTY-II.NFO,20/01/2025,09:15:32,49157.85,49150.3,120,49171.9,60,60,841860
BANKNIFTY-II.NFO,20/01/2025,09:15:33,49157.85,49141.95,120,49166.3,60,0,841860
BANKNIFTY-II.NFO,20/01/2025,09:15:35,49153.3,49143.75,120,49170.05,120,60,841860
BANKNIFTY-II.NFO,20/01/2025,09:15:36,49153.3,49157,120,49182.85,120,0,841860
BANKNIFTY-II.NFO,20/01/2025,09:15:38,49182.55,49157.35,120,49178.95,120,90,841860
BANKNIFTY-II.NFO,20/01/2025,09:15:40,49170.05,49145.85,120,49165.4,90,90,841860
BANKNIFTY-II.NFO,20/01/2025,09:15:41,49167.7,49148.8,120,49169.7,90,60,841860
BANKNIFTY-II.NFO,20/01/2025,09:15:43,49167.7,49138.35,120,49169.5,60,0,841860
BANKNIFTY-II.NFO,20/01/2025,09:15:44,49163.05,49140.35,120,49160.9,120,30,841860
BANKNIFTY-II.NFO,20/01/2025,09:15:46,49140.35,49137.35,120,49163,30,60,841860
BANKNIFTY-II.NFO,20/01/2025,09:15:47,49140.35,49127.15,120,49154.4,30,0,841860
BANKNIFTY-II.NFO,20/01/2025,09:15:49,49140.35,49126.5,120,49137.35,30,0,841860
BANKNIFTY-II.NFO,20/01/2025,09:15:50,49140.35,49128.95,120,49137.35,30,0,841860
BANKNIFTY-II.NFO,20/01/2025,09:15:52,49140.35,49134.8,120,49157.55,60,210,841650
BANKNIFTY-II.NFO,20/01/2025,09:15:53,49160.5,49126.05,120,49153.65,60,30,841650
BANKNIFTY-II.NFO,20/01/2025,09:15:55,49160.7,49137.05,120,49160.1,30,30,841650
BANKNIFTY-II.NFO,20/01/2025,09:15:56,49160.7,49141.8,120,49162.6,90,0,841650
BANKNIFTY-II.NFO,20/01/2025,09:15:58,49139.55,49140.25,120,49163.05,60,210,841650
BANKNIFTY-II.NFO,20/01/2025,09:16:00,49150.05,49150.05,90,49163.05,60,30,841650
BANKNIFTY-II.NFO,20/01/2025,09:16:01,49150.05,49155.95,90,49163.05,60,0,841650
BANKNIFTY-II.NFO,20/01/2025,09:16:03,49185.8,49162.55,120,49185.3,120,120,841650
BANKNIFTY-II.NFO,20/01/2025,09:16:04,49185.8,49163.05,30,49174.45,150,0,841650
BANKNIFTY-II.NFO,20/01/2025,09:16:06,49163.1,49163.1,120,49179.8,120,30,841650
BANKNIFTY-II.NFO,20/01/2025,09:16:07,49163.1,49165.3,90,49182,30,0,841650
BANKNIFTY-II.NFO,20/01/2025,09:16:09,49163.1,49166.7,90,49181.95,120,0,841650
BANKNIFTY-II.NFO,20/01/2025,09:16:10,49163.1,49163.1,120,49182,30,0,841650
BANKNIFTY-II.NFO,20/01/2025,09:16:12,49167.35,49167.35,30,49182,30,210,841650
BANKNIFTY-II.NFO,20/01/2025,09:16:13,49181.6,49163.1,30,49178.1,120,30,841650
BANKNIFTY-II.NFO,20/01/2025,09:16:15,49181.95,49163.15,60,49181.95,120,30,841650
BANKNIFTY-II.NFO,20/01/2025,09:16:16,49181.95,49163.05,30,49178.05,150,0,841650
BANKNIFTY-II.NFO,20/01/2025,09:16:18,49174,49163.05,30,49174,90,150,841650
BANKNIFTY-II.NFO,20/01/2025,09:16:19,49163,49150.05,150,49167.8,60,180,841650
BANKNIFTY-II.NFO,20/01/2025,09:16:21,49163,49155.15,150,49175.85,60,0,841650
BANKNIFTY-II.NFO,20/01/2025,09:16:22,49163,49156.2,120,49176.45,60,0,841650
BANKNIFTY-II.NFO,20/01/2025,09:16:24,49153.2,49153.2,120,49173.95,30,180,841650
BANKNIFTY-II.NFO,20/01/2025,09:16:25,49153.2,49153.2,120,49173.95,30,0,841650
BANKNIFTY-II.NFO,20/01/2025,09:16:28,49153.2,49150.05,150,49172.55,30,0,841650
BANKNIFTY-II.NFO,20/01/2025,09:16:30,49153.2,49150.05,150,49168.45,30,0,841650
BANKNIFTY-II.NFO,20/01/2025,09:16:31,49153.2,49150.05,150,49172.65,30,0,841650
BANKNIFTY-II.NFO,20/01/2025,09:16:33,49154.2,49155.05,120,49173.95,60,120,841650
BANKNIFTY-II.NFO,20/01/2025,09:16:34,49154.2,49150.45,120,49172,30,0,841650
BANKNIFTY-II.NFO,20/01/2025,09:16:36,49154.2,49150,60,49170.6,30,0,841650
BANKNIFTY-II.NFO,20/01/2025,09:16:37,49154.2,49150,60,49166.4,60,0,841650
BANKNIFTY-II.NFO,20/01/2025,09:16:39,49154.2,49150.05,120,49153.2,150,0,841650
BANKNIFTY-II.NFO,20/01/2025,09:16:40,49153.2,49150.25,150,49153.2,120,30,841650
BANKNIFTY-II.NFO,20/01/2025,09:16:42,49153.2,49150,60,49153.2,120,0,841650
BANKNIFTY-II.NFO,20/01/2025,09:16:43,49153.2,49150.8,120,49171.1,60,120,841650
BANKNIFTY-II.NFO,20/01/2025,09:16:45,49150.8,49150.8,120,49170.4,60,30,841650
BANKNIFTY-II.NFO,20/01/2025,09:16:46,49150.8,49156.2,120,49175.8,90,0,841650
BANKNIFTY-II.NFO,20/01/2025,09:16:48,49172,49160.05,120,49179.75,120,60,841650
BANKNIFTY-II.NFO,20/01/2025,09:16:49,49172,49159.25,120,49178.8,90,0,841650
BANKNIFTY-II.NFO,20/01/2025,09:16:51,49172,49154.7,120,49175.6,90,0,841650
BANKNIFTY-II.NFO,20/01/2025,09:16:52,49172,49155,150,49175.4,90,0,841650
BANKNIFTY-II.NFO,20/01/2025,09:16:54,49172,49156.8,120,49175.4,120,0,841650
BANKNIFTY-II.NFO,20/01/2025,09:16:55,49172,49156.8,30,49174.65,90,0,841650
BANKNIFTY-II.NFO,20/01/2025,09:16:57,49175.7,49157.1,120,49175.85,90,90,841650
BANKNIFTY-II.NFO,20/01/2025,09:16:58,49175.7,49157.05,60,49175.8,60,0,841650
BANKNIFTY-II.NFO,20/01/2025,09:17:00,49175.7,49157.05,30,49171.9,60,0,841650
BANKNIFTY-II.NFO,20/01/2025,09:17:01,49171.9,49150.8,120,49171.95,30,120,841650
BANKNIFTY-II.NFO,20/01/2025,09:17:03,49171.9,49150.05,150,49171.8,60,0,841650
BANKNIFTY-II.NFO,20/01/2025,09:17:04,49171.9,49150.05,150,49171.4,30,0,841650
BANKNIFTY-II.NFO,20/01/2025,09:17:07,49171.95,49164.15,120,49172,30,30,841650
BANKNIFTY-II.NFO,20/01/2025,09:17:09,49171.95,49167.25,120,49172,30,0,841650
BANKNIFTY-II.NFO,20/01/2025,09:17:10,49149.35,49142.4,120,49169.95,60,240,841650
BANKNIFTY-II.NFO,20/01/2025,09:17:12,49149.35,49140.05,120,49162.55,60,0,841650
BANKNIFTY-II.NFO,20/01/2025,09:17:13,49161.15,49140.15,120,49160.7,30,30,841650
BANKNIFTY-II.NFO,20/01/2025,09:17:15,49160.7,49140.95,120,49161.7,30,30,841650
BANKNIFTY-II.NFO,20/01/2025,09:17:16,49160.7,49143.2,180,49164.25,30,0,841650
BANKNIFTY-II.NFO,20/01/2025,09:17:18,49147.1,49147.1,120,49169.8,30,30,841650
BANKNIFTY-II.NFO,20/01/2025,09:17:19,49147.1,49141.45,120,49165,30,0,841650
BANKNIFTY-II.NFO,20/01/2025,09:17:21,49147.1,49148.25,120,49169.6,30,0,841650
BANKNIFTY-II.NFO,20/01/2025,09:17:22,49165,49152.55,120,49169.95,60,300,841650
BANKNIFTY-II.NFO,20/01/2025,09:17:24,49165,49154.65,120,49170,90,0,841650
BANKNIFTY-II.NFO,20/01/2025,09:17:25,49165,49160.6,120,49170,90,0,841650
BANKNIFTY-II.NFO,20/01/2025,09:17:27,49165,49163.5,120,49170,90,0,841650
BANKNIFTY-II.NFO,20/01/2025,09:17:28,49165,49160.8,120,49170,90,0,841650
BANKNIFTY-II.NFO,20/01/2025,09:17:30,49168.3,49168,120,49170,90,60,841650
BANKNIFTY-II.NFO,20/01/2025,09:17:31,49167.2,49165.5,120,49170,90,30,841650
BANKNIFTY-II.NFO,20/01/2025,09:17:33,49167.2,49165.2,120,49170,90,0,841650
BANKNIFTY-II.NFO,20/01/2025,09:17:36,49170,49164.35,120,49170,60,30,841650
BANKNIFTY-II.NFO,20/01/2025,09:17:37,49170,49164.6,120,49170,60,0,841650
BANKNIFTY-II.NFO,20/01/2025,09:17:39,49164.6,49167.75,90,49170,90,30,841650
BANKNIFTY-II.NFO,20/01/2025,09:17:40,49171,49169.9,90,49172,30,120,841650
BANKNIFTY-II.NFO,20/01/2025,09:17:42,49172,49171.45,90,49175,30,30,841650
BANKNIFTY-II.NFO,20/01/2025,09:17:43,49172,49167.45,90,49175,30,0,841650
BANKNIFTY-II.NFO,20/01/2025,09:17:45,49177.8,49167,120,49180,30,60,841650
BANKNIFTY-II.NFO,20/01/2025,09:17:46,49165.7,49172,30,49180,30,300,841650
BANKNIFTY-II.NFO,20/01/2025,09:17:48,49172,49160.05,30,49172.8,150,30,841650
BANKNIFTY-II.NFO,20/01/2025,09:17:49,49160.5,49160.55,30,49175.65,180,330,841650
BANKNIFTY-II.NFO,20/01/2025,09:17:51,49160.5,49160.55,30,49175.45,120,0,841650
BANKNIFTY-II.NFO,20/01/2025,09:17:52,49160.5,49161.45,120,49179.1,120,0,841650
BANKNIFTY-II.NFO,20/01/2025,09:17:54,49160.5,49160.95,120,49178.05,120,0,841650
BANKNIFTY-II.NFO,20/01/2025,09:17:55,49160.5,49160.2,30,49172,150,0,841650
BANKNIFTY-II.NFO,20/01/2025,09:17:57,49160.5,49160.2,30,49174.55,120,0,841650
BANKNIFTY-II.NFO,20/01/2025,09:17:58,49160.5,49160.55,30,49174.95,150,0,841650
BANKNIFTY-II.NFO,20/01/2025,09:18:00,49160.5,49160.5,30,49174.85,120,0,841650
BANKNIFTY-II.NFO,20/01/2025,09:18:01,49160.5,49160.55,90,49174.95,150,0,841650
BANKNIFTY-II.NFO,20/01/2025,09:18:03,49160.5,49164.2,90,49173.1,30,0,841650
BANKNIFTY-II.NFO,20/01/2025,09:18:04,49160.5,49169.3,90,49173.1,30,0,841650
BANKNIFTY-II.NFO,20/01/2025,09:18:06,49173.1,49167.25,120,49175,180,30,841650
BANKNIFTY-II.NFO,20/01/2025,09:18:07,49175,49172.3,90,49175,60,120,841650
BANKNIFTY-II.NFO,20/01/2025,09:18:09,49175,49171.65,90,49175,60,0,841650
BANKNIFTY-II.NFO,20/01/2025,09:18:10,49174,49172.15,90,49180,30,90,841650
BANKNIFTY-II.NFO,20/01/2025,09:18:12,49174,49171.35,60,49180,60,0,841650
BANKNIFTY-II.NFO,20/01/2025,09:18:13,49174,49166.8,120,49180,60,0,841650
BANKNIFTY-II.NFO,20/01/2025,09:18:15,49175,49160.6,30,49175.05,120,60,841650
BANKNIFTY-II.NFO,20/01/2025,09:18:16,49175,49161.6,60,49174,30,0,841650
BANKNIFTY-II.NFO,20/01/2025,09:18:18,49175,49161.75,30,49173.95,120,0,841650
BANKNIFTY-II.NFO,20/01/2025,09:18:19,49173.95,49162.8,120,49174,30,60,841650
BANKNIFTY-II.NFO,20/01/2025,09:18:20,49173.95,49163.7,120,49174,30,0,841650
BANKNIFTY-II.NFO,20/01/2025,09:18:22,49160.9,49160.5,30,49174.55,120,150,841650
BANKNIFTY-II.NFO,20/01/2025,09:18:23,49160.5,49150,30,49166.8,150,30,841650
BANKNIFTY-II.NFO,20/01/2025,09:18:25,49160.5,49153.5,120,49163.15,30,0,841650
BANKNIFTY-II.NFO,20/01/2025,09:18:26,49163.15,49153.65,120,49170.35,120,60,841650
BANKNIFTY-II.NFO,20/01/2025,09:18:28,49163.15,49156.1,150,49172.8,120,0,841650
BANKNIFTY-II.NFO,20/01/2025,09:18:29,49160.05,49160.05,90,49174.95,150,30,841650
BANKNIFTY-II.NFO,20/01/2025,09:18:31,49160.05,49160,180,49171.15,120,0,841650
BANKNIFTY-II.NFO,20/01/2025,09:18:32,49160.05,49160,180,49169.95,150,0,841650
BANKNIFTY-II.NFO,20/01/2025,09:18:35,49160.05,49160,180,49169.95,120,0,841650
BANKNIFTY-II.NFO,20/01/2025,09:18:37,49160.05,49160,180,49170,30,0,841650
BANKNIFTY-II.NFO,20/01/2025,09:18:38,49160.05,49160,180,49169.95,120,0,841650
BANKNIFTY-II.NFO,20/01/2025,09:18:40,49160,49151.6,120,49168.45,180,180,841650
BANKNIFTY-II.NFO,20/01/2025,09:18:41,49163.2,49150.75,30,49163.2,120,60,841650
BANKNIFTY-II.NFO,20/01/2025,09:18:43,49150,49143.9,120,49160.75,150,60,841650
BANKNIFTY-II.NFO,20/01/2025,09:18:44,49150,49144.05,150,49160.25,90,0,841650
BANKNIFTY-II.NFO,20/01/2025,09:18:46,49150,49142.8,150,49159.95,150,0,841650
BANKNIFTY-II.NFO,20/01/2025,09:18:47,49143.1,49143.7,150,49161.35,120,30,841650
BANKNIFTY-II.NFO,20/01/2025,09:18:49,49143.1,49143.15,150,49159.85,150,0,841650
BANKNIFTY-II.NFO,20/01/2025,09:18:50,49145.15,49141.4,120,49157.2,180,30,841440
BANKNIFTY-II.NFO,20/01/2025,09:18:52,49145.15,49140,30,49155.4,150,0,841440
BANKNIFTY-II.NFO,20/01/2025,09:18:53,49145.15,49140.25,90,49149,30,0,841440
BANKNIFTY-II.NFO,20/01/2025,09:18:55,49145.15,49146.85,90,49149,30,0,841440
BANKNIFTY-II.NFO,20/01/2025,09:18:56,49149,49145.2,90,49159.95,150,30,841440
BANKNIFTY-II.NFO,20/01/2025,09:18:58,49149,49146.95,120,49160,180,0,841440
BANKNIFTY-II.NFO,20/01/2025,09:18:59,49149,49145.35,30,49158.6,150,0,841440
BANKNIFTY-II.NFO,20/01/2025,09:19:03,49149,49152.75,90,49160,180,0,841440
BANKNIFTY-II.NFO,20/01/2025,09:19:04,49160,49155.9,150,49160,150,30,841440
BANKNIFTY-II.NFO,20/01/2025,09:19:06,49155.85,49155.35,60,49160,120,60,841440
BANKNIFTY-II.NFO,20/01/2025,09:19:07,49160,49161.85,60,49163.2,30,120,841440
BANKNIFTY-II.NFO,20/01/2025,09:19:09,49163.2,49163.15,60,49170,30,30,841440
BANKNIFTY-II.NFO,20/01/2025,09:19:10,49163.2,49159.05,90,49166.85,90,0,841440
BANKNIFTY-II.NFO,20/01/2025,09:19:12,49163.2,49163.15,120,49166.85,90,0,841440
BANKNIFTY-II.NFO,20/01/2025,09:19:13,49163.2,49163.25,60,49166.85,90,0,841440
BANKNIFTY-II.NFO,20/01/2025,09:19:15,49163.2,49161.65,60,49166.85,90,0,841440
BANKNIFTY-II.NFO,20/01/2025,09:19:16,49163.2,49162,60,49166.85,90,0,841440
BANKNIFTY-II.NFO,20/01/2025,09:19:18,49166.85,49167.35,30,49173.3,60,90,841440
BANKNIFTY-II.NFO,20/01/2025,09:19:19,49166.85,49166.6,90,49173.3,60,0,841440
BANKNIFTY-II.NFO,20/01/2025,09:19:21,49166.85,49169.6,60,49173.3,60,0,841440
BANKNIFTY-II.NFO,20/01/2025,09:19:22,49173.25,49173.2,90,49175,60,90,841440
BANKNIFTY-II.NFO,20/01/2025,09:19:24,49173.3,49171.15,30,49175,60,30,841440
BANKNIFTY-II.NFO,20/01/2025,09:19:25,49180.85,49170.55,30,49180.95,120,90,841440
BANKNIFTY-II.NFO,20/01/2025,09:19:27,49180.85,49165.8,90,49180.3,120,0,841440
BANKNIFTY-II.NFO,20/01/2025,09:19:28,49180.85,49165.9,30,49177.25,120,0,841440
BANKNIFTY-II.NFO,20/01/2025,09:19:30,49180.85,49162.25,60,49177.6,210,0,841440
BANKNIFTY-II.NFO,20/01/2025,09:19:31,49180.85,49156.95,30,49169.75,150,0,841440
BANKNIFTY-II.NFO,20/01/2025,09:19:33,49180.85,49163.2,270,49170.95,120,0,841440
BANKNIFTY-II.NFO,20/01/2025,09:19:34,49172.1,49156.2,90,49173.15,120,300,841440
BANKNIFTY-II.NFO,20/01/2025,09:19:36,49172.1,49167.25,90,49181.15,120,0,841440
BANKNIFTY-II.NFO,20/01/2025,09:19:37,49166.6,49162.8,30,49177.4,120,30,841440
BANKNIFTY-II.NFO,20/01/2025,09:19:39,49166.6,49157.2,60,49174.45,120,0,841440
BANKNIFTY-II.NFO,20/01/2025,09:19:40,49166.6,49164.1,60,49178.35,120,0,841440
BANKNIFTY-II.NFO,20/01/2025,09:19:42,49166.6,49162.15,90,49177.65,120,0,841440
BANKNIFTY-II.NFO,20/01/2025,09:19:43,49164.85,49163.65,30,49179.25,150,30,841440
BANKNIFTY-II.NFO,20/01/2025,09:19:45,49164.85,49158.85,60,49174.6,150,0,841440
BANKNIFTY-II.NFO,20/01/2025,09:19:46,49164.85,49156.5,30,49173.55,120,0,841440
BANKNIFTY-II.NFO,20/01/2025,09:19:48,49164.85,49150.3,60,49167.45,150,0,841440
BANKNIFTY-II.NFO,20/01/2025,09:19:49,49150,49140.05,30,49158.55,120,60,841440
BANKNIFTY-II.NFO,20/01/2025,09:19:51,49150,49144.25,60,49160.6,150,0,841440
BANKNIFTY-II.NFO,20/01/2025,09:19:53,49150,49140.05,60,49156.4,150,0,841440
BANKNIFTY-II.NFO,20/01/2025,09:19:55,49150,49158.3,30,49174.25,120,0,841440
BANKNIFTY-II.NFO,20/01/2025,09:19:56,49150,49166.25,60,49180.8,120,0,841440
BANKNIFTY-II.NFO,20/01/2025,09:19:58,49150,49172,30,49180,30,0,841440
BANKNIFTY-II.NFO,20/01/2025,09:20:00,49182.75,49184.2,60,49185,90,180,841440
BANKNIFTY-II.NFO,20/01/2025,09:20:01,49182.75,49179.1,30,49185,90,0,841440
BANKNIFTY-II.NFO,20/01/2025,09:20:03,49185,49185.75,30,49185.9,90,90,841440
BANKNIFTY-II.NFO,20/01/2025,09:20:04,49189.1,49186.55,30,49199.95,120,150,841440
BANKNIFTY-II.NFO,20/01/2025,09:20:06,49189.1,49188.5,60,49200,240,0,841440
BANKNIFTY-II.NFO,20/01/2025,09:20:08,49202.05,49198.25,30,49212,30,270,841440
BANKNIFTY-II.NFO,20/01/2025,09:20:09,49200.55,49200.45,30,49211.95,120,60,841440
BANKNIFTY-II.NFO,20/01/2025,09:20:11,49200.15,49195.05,90,49211.05,150,60,841440
BANKNIFTY-II.NFO,20/01/2025,09:20:13,49200.15,49200.45,30,49211.75,120,0,841440
BANKNIFTY-II.NFO,20/01/2025,09:20:14,49200.15,49201.25,30,49212,30,0,841440
BANKNIFTY-II.NFO,20/01/2025,09:20:16,49200.15,49202.2,30,49212,30,0,841440
BANKNIFTY-II.NFO,20/01/2025,09:20:18,49200,49197.4,60,49212,30,90,841440
BANKNIFTY-II.NFO,20/01/2025,09:20:19,49200.15,49205.75,60,49212,30,30,841440
BANKNIFTY-II.NFO,20/01/2025,09:20:21,49207.45,49204.75,30,49212,30,60,841440
BANKNIFTY-II.NFO,20/01/2025,09:20:23,49205.35,49198.2,90,49212,30,90,841440
BANKNIFTY-II.NFO,20/01/2025,09:20:24,49198.2,49188.75,30,49205.45,210,60,841440
BANKNIFTY-II.NFO,20/01/2025,09:20:26,49198.45,49188.9,120,49209.85,120,60,841440
BANKNIFTY-II.NFO,20/01/2025,09:20:28,49198.45,49199.8,60,49207,420,0,841440
BANKNIFTY-II.NFO,20/01/2025,09:20:29,49198.75,49198.85,30,49207,420,60,841440
BANKNIFTY-II.NFO,20/01/2025,09:20:31,49198.75,49199.7,30,49207,420,0,841440
BANKNIFTY-II.NFO,20/01/2025,09:20:32,49198.7,49192.45,60,49202.3,60,60,841440
BANKNIFTY-II.NFO,20/01/2025,09:20:34,49198.7,49187.95,30,49201.65,210,0,841440
BANKNIFTY-II.NFO,20/01/2025,09:20:36,49198.7,49184.1,30,49198,30,0,841440
BANKNIFTY-II.NFO,20/01/2025,09:20:37,49182.75,49181,60,49193.75,60,60,841440
BANKNIFTY-II.NFO,20/01/2025,09:20:39,49182.75,49186.35,60,49198,30,0,841440
BANKNIFTY-II.NFO,20/01/2025,09:20:41,49182.75,49193.85,60,49198,30,0,841440
BANKNIFTY-II.NFO,20/01/2025,09:20:42,49200,49191.85,90,49206.15,180,60,841440
BANKNIFTY-II.NFO,20/01/2025,09:20:44,49200,49183.85,30,49199.1,120,0,841440
BANKNIFTY-II.NFO,20/01/2025,09:20:46,49200,49187.85,60,49200,30,0,841440
BANKNIFTY-II.NFO,20/01/2025,09:20:47,49200,49188.15,30,49200,30,0,841440
BANKNIFTY-II.NFO,20/01/2025,09:20:49,49200,49191.85,60,49200,30,0,841440
BANKNIFTY-II.NFO,20/01/2025,09:20:51,49200,49190.25,60,49200,30,0,841440
BANKNIFTY-II.NFO,20/01/2025,09:20:52,49200,49181.4,60,49198.3,120,0,841440
BANKNIFTY-II.NFO,20/01/2025,09:20:54,49198.3,49185.55,30,49198.85,90,30,841440
BANKNIFTY-II.NFO,20/01/2025,09:20:56,49198.3,49180.05,30,49196.5,120,0,841440
BANKNIFTY-II.NFO,20/01/2025,09:20:57,49198.3,49180.05,60,49197.35,120,0,841440
BANKNIFTY-II.NFO,20/01/2025,09:20:59,49193,49190.4,30,49200,60,30,841440
BANKNIFTY-II.NFO,20/01/2025,09:21:01,49193,49189.5,30,49200,60,0,841440
BANKNIFTY-II.NFO,20/01/2025,09:21:02,49200,49192.65,30,49200,30,30,841440
BANKNIFTY-II.NFO,20/01/2025,09:21:04,49200,49203.5,30,49205,30,30,841440
BANKNIFTY-II.NFO,20/01/2025,09:21:06,49207,49204.7,30,49207,300,150,841440
BANKNIFTY-II.NFO,20/01/2025,09:21:07,49207,49208.4,30,49210,30,300,841440
BANKNIFTY-II.NFO,20/01/2025,09:21:09,49207,49204.15,30,49210,30,0,841440
BANKNIFTY-II.NFO,20/01/2025,09:21:11,49207,49206.65,30,49210,30,0,841440
BANKNIFTY-II.NFO,20/01/2025,09:21:12,49207,49201.3,30,49210,30,0,841440
BANKNIFTY-II.NFO,20/01/2025,09:21:14,49207,49201.8,30,49207,30,0,841440
BANKNIFTY-II.NFO,20/01/2025,09:21:16,49207,49208.25,150,49210,30,180,841440
BANKNIFTY-II.NFO,20/01/2025,09:21:17,49207,49202.75,150,49210,30,0,841440
BANKNIFTY-II.NFO,20/01/2025,09:21:19,49207,49200.15,150,49209.95,30,0,841440
BANKNIFTY-II.NFO,20/01/2025,09:21:21,49210,49200,30,49208.25,150,60,841440
BANKNIFTY-II.NFO,20/01/2025,09:21:22,49208.25,49202.3,150,49208.25,120,30,841440
BANKNIFTY-II.NFO,20/01/2025,09:21:24,49201.65,49203.65,150,49210,30,120,841440
BANKNIFTY-II.NFO,20/01/2025,09:21:26,49201.65,49203.95,150,49210,60,0,841440
BANKNIFTY-II.NFO,20/01/2025,09:21:27,49222,49209.95,180,49224.95,120,210,841440
BANKNIFTY-II.NFO,20/01/2025,09:21:29,49203.25,49200,30,49215.5,150,150,841440
BANKNIFTY-II.NFO,20/01/2025,09:21:31,49210,49196.15,150,49212.35,150,30,841440
BANKNIFTY-II.NFO,20/01/2025,09:21:32,49203.25,49203.5,150,49218.65,150,30,841440
BANKNIFTY-II.NFO,20/01/2025,09:21:34,49203.25,49203.35,300,49218.4,90,0,841440
BANKNIFTY-II.NFO,20/01/2025,09:21:36,49220,49205.15,90,49220,150,90,841440
BANKNIFTY-II.NFO,20/01/2025,09:21:37,49220,49210.95,90,49222,30,0,841440
BANKNIFTY-II.NFO,20/01/2025,09:21:39,49210,49201.75,90,49219.45,150,60,841440
BANKNIFTY-II.NFO,20/01/2025,09:21:41,49210,49202.3,90,49217.65,150,0,841440
BANKNIFTY-II.NFO,20/01/2025,09:21:42,49210,49204.95,90,49219.85,150,0,841440
BANKNIFTY-II.NFO,20/01/2025,09:21:44,49210,49210.05,240,49220,30,0,841440
BANKNIFTY-II.NFO,20/01/2025,09:21:46,49210,49213.25,90,49220,30,0,841440
BANKNIFTY-II.NFO,20/01/2025,09:21:47,49220,49210.05,90,49224.95,120,30,841440
BANKNIFTY-II.NFO,20/01/2025,09:21:49,49220,49210.05,90,49223.95,120,0,841440
BANKNIFTY-II.NFO,20/01/2025,09:21:51,49220,49215.8,90,49225,180,0,841440
BANKNIFTY-II.NFO,20/01/2025,09:21:52,49220,49214.3,90,49225,180,0,841440
BANKNIFTY-II.NFO,20/01/2025,09:21:54,49220,49215.65,90,49225,180,0,841440
BANKNIFTY-II.NFO,20/01/2025,09:21:56,49220,49217.75,90,49225,180,0,841440
BANKNIFTY-II.NFO,20/01/2025,09:21:57,49220,49218.25,150,49225,180,0,841440
BANKNIFTY-II.NFO,20/01/2025,09:21:59,49220,49216.9,90,49225,180,60,841290
BANKNIFTY-II.NFO,20/01/2025,09:22:01,49220,49211.2,90,49224.95,120,0,841290
BANKNIFTY-II.NFO,20/01/2025,09:22:02,49216.55,49216.55,30,49225,180,60,841290
BANKNIFTY-II.NFO,20/01/2025,09:22:04,49216.55,49223.65,30,49225,180,0,841290
BANKNIFTY-II.NFO,20/01/2025,09:22:06,49225,49225.8,300,49226.1,30,210,841290
BANKNIFTY-II.NFO,20/01/2025,09:22:07,49226.1,49225,30,49229,90,30,841290
BANKNIFTY-II.NFO,20/01/2025,09:22:09,49226.1,49225,30,49229,90,0,841290
BANKNIFTY-II.NFO,20/01/2025,09:22:11,49226.1,49220,30,49225.45,180,0,841290
BANKNIFTY-II.NFO,20/01/2025,09:22:12,49226.1,49220.6,30,49229,90,30,841290
BANKNIFTY-II.NFO,20/01/2025,09:22:14,49226.1,49220,30,49228.95,60,0,841290
BANKNIFTY-II.NFO,20/01/2025,09:22:15,49220,49210,60,49228.15,150,30,841290
BANKNIFTY-II.NFO,20/01/2025,09:22:17,49220,49213.95,30,49226.1,30,0,841290
BANKNIFTY-II.NFO,20/01/2025,09:22:19,49220,49212.2,30,49226.1,30,0,841290
BANKNIFTY-II.NFO,20/01/2025,09:22:20,49220,49215.05,30,49225.85,150,0,841290
BANKNIFTY-II.NFO,20/01/2025,09:22:22,49218.6,49210,60,49218.2,150,120,841290
BANKNIFTY-II.NFO,20/01/2025,09:22:24,49218.6,49210,60,49216.45,120,0,841290
BANKNIFTY-II.NFO,20/01/2025,09:22:25,49217.25,49214,30,49219.85,30,90,841290
BANKNIFTY-II.NFO,20/01/2025,09:22:27,49197.6,49199.1,120,49215.15,120,180,841290
BANKNIFTY-II.NFO,20/01/2025,09:22:29,49197.6,49197.8,120,49213.4,150,0,841290
BANKNIFTY-II.NFO,20/01/2025,09:22:30,49206.4,49193,60,49206.3,150,120,841290
BANKNIFTY-II.NFO,20/01/2025,09:22:32,49206.4,49193,60,49206.5,150,0,841290
BANKNIFTY-II.NFO,20/01/2025,09:22:34,49188.6,49188.6,30,49204,150,90,841290
BANKNIFTY-II.NFO,20/01/2025,09:22:35,49188.6,49194.35,30,49209.1,150,0,841290
BANKNIFTY-II.NFO,20/01/2025,09:22:37,49194.8,49200.5,150,49216.5,150,90,841290
BANKNIFTY-II.NFO,20/01/2025,09:22:39,49203.5,49205,300,49219.3,150,30,841290
BANKNIFTY-II.NFO,20/01/2025,09:22:40,49220,49211.9,300,49220,30,30,841290
BANKNIFTY-II.NFO,20/01/2025,09:22:42,49214.95,49211.2,300,49220,30,30,841290
BANKNIFTY-II.NFO,20/01/2025,09:22:43,49214.95,49216.1,300,49220,30,0,841290
BANKNIFTY-II.NFO,20/01/2025,09:22:45,49215.45,49211.75,60,49220,30,30,841290
BANKNIFTY-II.NFO,20/01/2025,09:22:47,49215.45,49213.65,300,49220,30,0,841290
BANKNIFTY-II.NFO,20/01/2025,09:22:48,49215.45,49214.95,30,49220,30,0,841290
BANKNIFTY-II.NFO,20/01/2025,09:22:50,49220,49214.95,30,49227.4,120,30,841290
BANKNIFTY-II.NFO,20/01/2025,09:22:52,49210.2,49208,150,49223.95,120,60,841290
BANKNIFTY-II.NFO,20/01/2025,09:22:53,49210.2,49206.85,150,49224.1,150,0,841290
BANKNIFTY-II.NFO,20/01/2025,09:22:55,49210.2,49207.6,150,49220,30,0,841290
BANKNIFTY-II.NFO,20/01/2025,09:22:56,49210.2,49209.4,180,49220,60,0,841290
BANKNIFTY-II.NFO,20/01/2025,09:22:58,49220,49209.85,180,49220,30,30,841290
BANKNIFTY-II.NFO,20/01/2025,09:23:00,49210.7,49208.4,300,49220,30,30,841290
BANKNIFTY-II.NFO,20/01/2025,09:23:01,49210.2,49205.2,300,49217.05,60,60,841290
BANKNIFTY-II.NFO,20/01/2025,09:23:03,49210.2,49212.05,30,49220,60,0,841290
BANKNIFTY-II.NFO,20/01/2025,09:23:05,49210.2,49209.5,150,49220,90,0,841290
BANKNIFTY-II.NFO,20/01/2025,09:23:06,49210.2,49207.55,180,49220,90,0,841290
BANKNIFTY-II.NFO,20/01/2025,09:23:08,49220,49205.9,150,49220,60,120,841290
BANKNIFTY-II.NFO,20/01/2025,09:23:10,49220,49203.55,120,49218.35,150,30,841290
BANKNIFTY-II.NFO,20/01/2025,09:23:11,49220,49206.05,30,49220.5,150,0,841290
BANKNIFTY-II.NFO,20/01/2025,09:23:13,49220,49200.05,150,49215.2,210,0,841290
BANKNIFTY-II.NFO,20/01/2025,09:23:15,49220,49206.05,30,49219.95,150,0,841290
BANKNIFTY-II.NFO,20/01/2025,09:23:16,49220,49204.1,150,49219.65,150,0,841290
BANKNIFTY-II.NFO,20/01/2025,09:23:18,49220,49208.05,180,49220,30,0,841290
BANKNIFTY-II.NFO,20/01/2025,09:23:20,49220,49210.05,30,49220,30,0,841290
BANKNIFTY-II.NFO,20/01/2025,09:23:21,49207.7,49203,120,49219.55,150,30,841290
BANKNIFTY-II.NFO,20/01/2025,09:23:23,49207.7,49202.5,120,49214.6,60,0,841290
BANKNIFTY-II.NFO,20/01/2025,09:23:25,49207.7,49210.05,30,49219.95,120,0,841290
BANKNIFTY-II.NFO,20/01/2025,09:23:26,49219.95,49210.05,30,49219.25,120,30,841290
BANKNIFTY-II.NFO,20/01/2025,09:23:28,49207.7,49203.5,30,49217.65,210,90,841290
BANKNIFTY-II.NFO,20/01/2025,09:23:30,49207.7,49204.1,30,49219.05,120,0,841290
BANKNIFTY-II.NFO,20/01/2025,09:23:31,49207.7,49200,30,49213.25,150,0,841290
BANKNIFTY-II.NFO,20/01/2025,09:23:33,49207.7,49202.05,30,49216,210,0,841290
BANKNIFTY-II.NFO,20/01/2025,09:23:35,49210.05,49204.1,30,49218.7,150,30,841290
BANKNIFTY-II.NFO,20/01/2025,09:23:36,49210.05,49209.55,30,49220,30,0,841290
BANKNIFTY-II.NFO,20/01/2025,09:23:38,49220,49207.65,30,49222,30,30,841290
BANKNIFTY-II.NFO,20/01/2025,09:23:40,49220,49210.5,30,49222,30,0,841290
BANKNIFTY-II.NFO,20/01/2025,09:23:41,49224,49218.05,30,49229,60,60,841290
BANKNIFTY-II.NFO,20/01/2025,09:23:43,49220.05,49216.05,30,49228.85,150,30,841290
BANKNIFTY-II.NFO,20/01/2025,09:23:45,49216.45,49216,30,49229,90,120,841290
BANKNIFTY-II.NFO,20/01/2025,09:23:46,49216.45,49216.65,30,49229,60,0,841290
BANKNIFTY-II.NFO,20/01/2025,09:23:48,49216.45,49222.05,30,49229,60,0,841290
BANKNIFTY-II.NFO,20/01/2025,09:23:50,49216.45,49220.7,30,49229,60,0,841290
BANKNIFTY-II.NFO,20/01/2025,09:23:51,49216.45,49222.55,120,49229,60,0,841290
BANKNIFTY-II.NFO,20/01/2025,09:23:53,49216.45,49222.05,60,49229,60,0,841290
BANKNIFTY-II.NFO,20/01/2025,09:23:55,49216.45,49223.1,150,49229,60,0,841290
BANKNIFTY-II.NFO,20/01/2025,09:23:56,49216.45,49224.2,30,49229,60,0,841290
BANKNIFTY-II.NFO,20/01/2025,09:23:58,49224.15,49214.65,90,49225,30,60,841290
BANKNIFTY-II.NFO,20/01/2025,09:24:00,49224.15,49214.05,30,49225,30,0,841290
BANKNIFTY-II.NFO,20/01/2025,09:24:01,49224.15,49216.05,30,49224.85,150,0,841290
BANKNIFTY-II.NFO,20/01/2025,09:24:03,49216.05,49214.05,30,49224.25,150,30,841290
BANKNIFTY-II.NFO,20/01/2025,09:24:05,49216.05,49218.05,30,49225,30,0,841290
BANKNIFTY-II.NFO,20/01/2025,09:24:06,49216.05,49212.7,60,49219,30,0,841290
BANKNIFTY-II.NFO,20/01/2025,09:24:08,49219,49223.35,60,49224.15,30,30,841290
BANKNIFTY-II.NFO,20/01/2025,09:24:10,49224.15,49224.7,30,49225,30,30,841290
BANKNIFTY-II.NFO,20/01/2025,09:24:11,49229,49223.55,30,49230,60,60,841290
BANKNIFTY-II.NFO,20/01/2025,09:24:13,49226.5,49225.35,60,49230,60,30,841290
BANKNIFTY-II.NFO,20/01/2025,09:24:15,49230,49220.5,60,49232,30,60,841290
BANKNIFTY-II.NFO,20/01/2025,09:24:17,49230,49220.05,30,49229.45,120,0,841290
BANKNIFTY-II.NFO,20/01/2025,09:24:18,49230,49222.05,30,49232,30,0,841290
BANKNIFTY-II.NFO,20/01/2025,09:24:20,49224.05,49218.05,30,49231.95,120,30,841290
BANKNIFTY-II.NFO,20/01/2025,09:24:22,49224.05,49218.3,150,49232,30,0,841290
BANKNIFTY-II.NFO,20/01/2025,09:24:23,49224.05,49222.05,30,49231.95,150,0,841290
BANKNIFTY-II.NFO,20/01/2025,09:24:25,49224.05,49211,60,49227.1,210,0,841290
BANKNIFTY-II.NFO,20/01/2025,09:24:27,49224.05,49220.05,30,49230.05,150,0,841290
BANKNIFTY-II.NFO,20/01/2025,09:24:28,49224.05,49220.05,30,49230.65,120,0,841290
BANKNIFTY-II.NFO,20/01/2025,09:24:30,49224.05,49223.35,150,49230,30,30,841290
BANKNIFTY-II.NFO,20/01/2025,09:24:32,49224.05,49222.05,30,49230,30,0,841290
BANKNIFTY-II.NFO,20/01/2025,09:24:33,49224.05,49223.05,150,49230,30,0,841290
BANKNIFTY-II.NFO,20/01/2025,09:24:35,49224.05,49220.9,150,49230,30,0,841290
BANKNIFTY-II.NFO,20/01/2025,09:24:37,49220.1,49219.5,150,49230,30,30,841290
BANKNIFTY-II.NFO,20/01/2025,09:24:38,49220.1,49218.6,450,49230,30,0,841290
BANKNIFTY-II.NFO,20/01/2025,09:24:40,49220.1,49216.05,30,49229.95,150,0,841290
BANKNIFTY-II.NFO,20/01/2025,09:24:42,49220.1,49218.05,30,49230,30,0,841290
BANKNIFTY-II.NFO,20/01/2025,09:24:43,49220.1,49225,30,49229.95,120,0,841290
BANKNIFTY-II.NFO,20/01/2025,09:24:45,49220.1,49225,30,49230,30,0,841290
BANKNIFTY-II.NFO,20/01/2025,09:24:47,49225,49214.15,60,49229.95,150,30,841290
BANKNIFTY-II.NFO,20/01/2025,09:24:48,49225,49210.95,60,49227.65,180,0,841290
BANKNIFTY-II.NFO,20/01/2025,09:24:50,49225,49214.05,30,49225.7,150,0,841290
BANKNIFTY-II.NFO,20/01/2025,09:24:52,49225,49212.05,30,49226.65,150,0,841290
BANKNIFTY-II.NFO,20/01/2025,09:24:53,49218.05,49216.05,30,49228.4,150,60,841620
BANKNIFTY-II.NFO,20/01/2025,09:24:55,49218.05,49201,1500,49221.05,120,0,841620
BANKNIFTY-II.NFO,20/01/2025,09:24:56,49218.05,49201,1500,49218.75,150,0,841620
BANKNIFTY-II.NFO,20/01/2025,09:24:58,49218.05,49202.05,180,49217.3,210,0,841620
BANKNIFTY-II.NFO,20/01/2025,09:25:00,49218.05,49212.45,60,49226.45,30,0,841620
BANKNIFTY-II.NFO,20/01/2025,09:25:01,49218.05,49218.95,60,49232,30,0,841620
BANKNIFTY-II.NFO,20/01/2025,09:25:03,49218.05,49224.2,60,49232,30,0,841620
BANKNIFTY-II.NFO,20/01/2025,09:25:05,49218.05,49226.5,150,49232,30,0,841620
BANKNIFTY-II.NFO,20/01/2025,09:25:06,49218.05,49228.5,60,49232,30,0,841620
BANKNIFTY-II.NFO,20/01/2025,09:25:08,49232,49228.45,60,49233,30,30,841620
BANKNIFTY-II.NFO,20/01/2025,09:25:10,49228.35,49228.95,60,49233,30,30,841620
BANKNIFTY-II.NFO,20/01/2025,09:25:11,49232.45,49219.05,60,49232.7,150,300,841620
BANKNIFTY-II.NFO,20/01/2025,09:25:13,49232.45,49219.75,60,49232.95,120,0,841620
BANKNIFTY-II.NFO,20/01/2025,09:25:15,49232.45,49224.65,150,49233,30,0,841620
BANKNIFTY-II.NFO,20/01/2025,09:25:16,49232.45,49229.6,150,49233,30,0,841620
BANKNIFTY-II.NFO,20/01/2025,09:25:18,49232.45,49228.75,120,49233,30,150,841620
BANKNIFTY-II.NFO,20/01/2025,09:25:20,49232.45,49225.05,120,49233,30,0,841620
BANKNIFTY-II.NFO,20/01/2025,09:25:21,49232.45,49226.85,120,49233,30,0,841620
BANKNIFTY-II.NFO,20/01/2025,09:25:23,49232.45,49224.05,30,49233,30,0,841620
BANKNIFTY-II.NFO,20/01/2025,09:25:28,49232.45,49222,120,49233,30,0,841620
BANKNIFTY-II.NFO,20/01/2025,09:25:30,49229.4,49211.55,150,49227.4,120,30,841620
BANKNIFTY-II.NFO,20/01/2025,09:25:31,49229.4,49213,120,49227.9,90,0,841620
BANKNIFTY-II.NFO,20/01/2025,09:25:33,49229.4,49209.7,120,49227.1,90,0,841620
BANKNIFTY-II.NFO,20/01/2025,09:25:35,49210.75,49210.05,30,49225.15,180,60,841620
BANKNIFTY-II.NFO,20/01/2025,09:25:36,49210.75,49201.9,60,49219.9,120,0,841620
BANKNIFTY-II.NFO,20/01/2025,09:25:38,49210.75,49208.3,90,49223.9,150,0,841620
BANKNIFTY-II.NFO,20/01/2025,09:25:40,49210.75,49208.05,30,49222.5,150,0,841620
BANKNIFTY-II.NFO,20/01/2025,09:25:41,49210.75,49216.05,30,49229.65,120,0,841620
BANKNIFTY-II.NFO,20/01/2025,09:25:43,49210.75,49216.1,90,49229.95,120,0,841620
BANKNIFTY-II.NFO,20/01/2025,09:25:45,49216.05,49216.1,90,49230,30,30,841620
BANKNIFTY-II.NFO,20/01/2025,09:25:46,49216.05,49218.05,30,49230,30,0,841620
BANKNIFTY-II.NFO,20/01/2025,09:25:48,49216.35,49220.1,30,49230,30,90,841620
BANKNIFTY-II.NFO,20/01/2025,09:25:50,49216.35,49212.1,60,49228.45,150,0,841620
BANKNIFTY-II.NFO,20/01/2025,09:25:51,49216.35,49218.05,30,49229.95,120,0,841620
BANKNIFTY-II.NFO,20/01/2025,09:25:55,49216.35,49218.3,30,49230,30,0,841620
BANKNIFTY-II.NFO,20/01/2025,09:25:56,49216.35,49223.6,30,49230,30,0,841620
BANKNIFTY-II.NFO,20/01/2025,09:25:58,49232,49226.05,30,49233,30,60,841620
BANKNIFTY-II.NFO,20/01/2025,09:26:00,49233,49228.25,30,49234.85,30,30,841620
BANKNIFTY-II.NFO,20/01/2025,09:26:01,49234.85,49228.8,30,49235,30,30,841620
BANKNIFTY-II.NFO,20/01/2025,09:26:03,49235,49228.9,30,49238.95,30,30,841620
BANKNIFTY-II.NFO,20/01/2025,09:26:04,49238.95,49236.4,60,49239,30,30,841620
BANKNIFTY-II.NFO,20/01/2025,09:26:06,49245,49244.45,60,49247.25,30,210,841620
BANKNIFTY-II.NFO,20/01/2025,09:26:08,49245,49237.75,60,49247.25,30,0,841620
BANKNIFTY-II.NFO,20/01/2025,09:26:09,49245,49239.75,60,49247.25,30,0,841620
BANKNIFTY-II.NFO,20/01/2025,09:26:11,49250,49247.7,60,49250,300,150,841620
BANKNIFTY-II.NFO,20/01/2025,09:26:13,49251,49248.55,30,49251,180,330,841620
BANKNIFTY-II.NFO,20/01/2025,09:26:14,49251,49246.65,60,49251,120,60,841620
BANKNIFTY-II.NFO,20/01/2025,09:26:16,49251,49244.2,60,49251,90,30,841620
BANKNIFTY-II.NFO,20/01/2025,09:26:18,49251,49241.85,30,49251,90,0,841620
BANKNIFTY-II.NFO,20/01/2025,09:26:19,49251,49241.2,30,49251,90,0,841620
BANKNIFTY-II.NFO,20/01/2025,09:26:21,49251,49243.25,60,49251,60,30,841620
BANKNIFTY-II.NFO,20/01/2025,09:26:23,49251,49248.75,30,49255,30,60,841620
BANKNIFTY-II.NFO,20/01/2025,09:26:24,49256.2,49248.7,60,49258.15,30,90,841620
BANKNIFTY-II.NFO,20/01/2025,09:26:26,49256.2,49246.1,60,49258.15,30,0,841620
BANKNIFTY-II.NFO,20/01/2025,09:26:27,49256.2,49245,60,49258.15,30,0,841620
BANKNIFTY-II.NFO,20/01/2025,09:26:29,49256.2,49249.2,30,49258.15,30,0,841620
BANKNIFTY-II.NFO,20/01/2025,09:26:31,49256.2,49252.1,60,49258.15,30,0,841620
BANKNIFTY-II.NFO,20/01/2025,09:26:33,49258.15,49258.15,30,49260,30,30,841620
BANKNIFTY-II.NFO,20/01/2025,09:26:34,49260,49259.25,30,49266,30,30,841620
BANKNIFTY-II.NFO,20/01/2025,09:26:36,49260.05,49260.75,60,49266,30,30,841620
BANKNIFTY-II.NFO,20/01/2025,09:26:37,49260.4,49258.15,30,49266,30,30,841620
BANKNIFTY-II.NFO,20/01/2025,09:26:39,49260.4,49259.05,90,49266,30,0,841620
BANKNIFTY-II.NFO,20/01/2025,09:26:41,49260.4,49263.3,60,49266,30,0,841620
BANKNIFTY-II.NFO,20/01/2025,09:26:42,49270,49261.9,90,49270,60,180,841620
BANKNIFTY-II.NFO,20/01/2025,09:26:44,49270,49262.45,300,49270,30,0,841620
BANKNIFTY-II.NFO,20/01/2025,09:26:46,49270,49263.6,60,49272,30,30,841620
BANKNIFTY-II.NFO,20/01/2025,09:26:47,49265,49263.5,30,49270,90,90,841620
BANKNIFTY-II.NFO,20/01/2025,09:26:49,49265,49264.25,60,49270,120,0,841620
BANKNIFTY-II.NFO,20/01/2025,09:26:51,49265,49260.45,300,49270,120,0,841620
BANKNIFTY-II.NFO,20/01/2025,09:26:52,49270,49263.3,60,49270,120,30,841620
BANKNIFTY-II.NFO,20/01/2025,09:26:54,49270,49260.05,30,49274.95,120,120,841620
BANKNIFTY-II.NFO,20/01/2025,09:26:56,49258.15,49258.05,60,49272.25,120,90,841620
BANKNIFTY-II.NFO,20/01/2025,09:26:57,49258.15,49258.05,30,49272.15,120,60,841620
BANKNIFTY-II.NFO,20/01/2025,09:26:59,49258.15,49263.4,60,49275,60,0,841620
BANKNIFTY-II.NFO,20/01/2025,09:27:00,49270,49268.2,60,49275,60,30,841620
BANKNIFTY-II.NFO,20/01/2025,09:27:02,49268.2,49268.85,30,49275,60,30,841620
BANKNIFTY-II.NFO,20/01/2025,09:27:04,49268.2,49268.95,60,49275,60,0,841620
BANKNIFTY-II.NFO,20/01/2025,09:27:05,49275,49270.3,300,49275,30,60,841620
BANKNIFTY-II.NFO,20/01/2025,09:27:07,49270.95,49264.05,60,49277.6,180,330,841620
BANKNIFTY-II.NFO,20/01/2025,09:27:09,49270.95,49266.1,60,49277.65,30,0,841620
BANKNIFTY-II.NFO,20/01/2025,09:27:10,49266.4,49266.05,30,49277.6,120,30,841620
BANKNIFTY-II.NFO,20/01/2025,09:27:12,49284.65,49266.05,30,49281.85,120,450,841620
BANKNIFTY-II.NFO,20/01/2025,09:27:14,49284.65,49265.4,120,49275,60,0,841620
BANKNIFTY-II.NFO,20/01/2025,09:27:15,49284.65,49267,120,49275,60,0,841620
BANKNIFTY-II.NFO,20/01/2025,09:27:17,49284.65,49263.9,120,49275,60,0,841620
BANKNIFTY-II.NFO,20/01/2025,09:27:19,49284.65,49260.25,150,49274.85,120,0,841620
BANKNIFTY-II.NFO,20/01/2025,09:27:20,49284.65,49258.3,150,49274.5,120,0,841620
BANKNIFTY-II.NFO,20/01/2025,09:27:22,49284.65,49262.05,30,49274.95,120,0,841620
BANKNIFTY-II.NFO,20/01/2025,09:27:24,49258.05,49255.15,60,49269.9,120,30,841620
BANKNIFTY-II.NFO,20/01/2025,09:27:25,49258.05,49253.85,60,49268.8,120,0,841620
BANKNIFTY-II.NFO,20/01/2025,09:27:27,49258.05,49260.05,30,49272.65,120,0,841620
BANKNIFTY-II.NFO,20/01/2025,09:27:29,49258.05,49257.35,150,49272.3,120,0,841620
BANKNIFTY-II.NFO,20/01/2025,09:27:30,49258.05,49258.9,150,49273.15,120,0,841620
BANKNIFTY-II.NFO,20/01/2025,09:27:32,49258.05,49259,900,49272.25,120,0,841620
BANKNIFTY-II.NFO,20/01/2025,09:27:34,49259,49250.1,120,49264.4,120,900,841620
BANKNIFTY-II.NFO,20/01/2025,09:27:35,49260.05,49254.05,30,49265.45,120,30,841620
BANKNIFTY-II.NFO,20/01/2025,09:27:37,49260.05,49256.05,30,49268.45,120,0,841620
BANKNIFTY-II.NFO,20/01/2025,09:27:39,49230.2,49220.1,60,49234.6,60,570,841620
BANKNIFTY-II.NFO,20/01/2025,09:27:40,49230.2,49226.05,270,49243.15,120,0,841620
BANKNIFTY-II.NFO,20/01/2025,09:27:42,49230.2,49238.05,30,49251.75,120,0,841620
BANKNIFTY-II.NFO,20/01/2025,09:27:44,49230.2,49236.05,30,49256.95,120,0,841620
BANKNIFTY-II.NFO,20/01/2025,09:27:45,49247,49236.25,30,49250.7,60,30,841620
BANKNIFTY-II.NFO,20/01/2025,09:27:47,49247,49240.1,30,49254.45,90,0,841620
BANKNIFTY-II.NFO,20/01/2025,09:27:49,49247,49237.05,30,49251.75,60,0,841620
BANKNIFTY-II.NFO,20/01/2025,09:27:50,49254.3,49240.05,30,49252.8,120,30,842130
BANKNIFTY-II.NFO,20/01/2025,09:27:52,49254.3,49238.25,60,49253.3,90,0,842130
BANKNIFTY-II.NFO,20/01/2025,09:27:54,49254.3,49238.1,60,49253.1,120,0,842130
BANKNIFTY-II.NFO,20/01/2025,09:27:55,49254.3,49242.1,60,49256.05,120,0,842130
BANKNIFTY-II.NFO,20/01/2025,09:27:57,49241,49234.1,60,49248.5,60,30,842130
BANKNIFTY-II.NFO,20/01/2025,09:27:59,49241,49226.6,60,49241.3,90,0,842130
BANKNIFTY-II.NFO,20/01/2025,09:28:00,49241,49219.3,60,49234.15,60,0,842130
BANKNIFTY-II.NFO,20/01/2025,09:28:02,49236.85,49224.1,60,49238.95,150,60,842130
BANKNIFTY-II.NFO,20/01/2025,09:28:04,49236.85,49230.1,60,49244.25,150,0,842130
BANKNIFTY-II.NFO,20/01/2025,09:28:05,49236.85,49230.05,30,49242.75,120,0,842130
BANKNIFTY-II.NFO,20/01/2025,09:28:07,49236.85,49228.9,60,49243.65,150,0,842130
BANKNIFTY-II.NFO,20/01/2025,09:28:08,49226.55,49226.55,30,49241.5,90,30,842130
BANKNIFTY-II.NFO,20/01/2025,09:28:10,49226.55,49240.85,30,49249.95,60,0,842130
BANKNIFTY-II.NFO,20/01/2025,09:28:12,49249.95,49241.1,30,49249.95,30,30,842130
BANKNIFTY-II.NFO,20/01/2025,09:28:13,49249.95,49238.1,30,49249.95,90,0,842130
BANKNIFTY-II.NFO,20/01/2025,09:28:15,49249.95,49239.8,30,49249.95,90,0,842130
BANKNIFTY-II.NFO,20/01/2025,09:28:17,49241.05,49241.55,210,49249.95,90,30,842130
BANKNIFTY-II.NFO,20/01/2025,09:28:18,49250,49254.05,30,49264.75,120,180,842130
BANKNIFTY-II.NFO,20/01/2025,09:28:20,49250,49256.05,30,49269.6,150,0,842130
BANKNIFTY-II.NFO,20/01/2025,09:28:22,49250,49251.35,240,49260,30,0,842130
BANKNIFTY-II.NFO,20/01/2025,09:28:23,49251.1,49251.1,30,49260,30,60,842130
BANKNIFTY-II.NFO,20/01/2025,09:28:25,49251.1,49251.6,90,49260,30,0,842130
BANKNIFTY-II.NFO,20/01/2025,09:28:27,49252.2,49250.4,150,49260,30,30,842130
BANKNIFTY-II.NFO,20/01/2025,09:28:28,49250,49244.15,210,49258.35,60,240,842130
BANKNIFTY-II.NFO,20/01/2025,09:28:30,49250,49251.25,210,49260,60,0,842130
BANKNIFTY-II.NFO,20/01/2025,09:28:32,49250,49247.2,210,49259.95,60,0,842130
BANKNIFTY-II.NFO,20/01/2025,09:28:33,49250.6,49250.85,210,49260,60,30,842130
BANKNIFTY-II.NFO,20/01/2025,09:28:35,49253.5,49253,180,49260,60,60,842130
BANKNIFTY-II.NFO,20/01/2025,09:28:37,49253.5,49252.3,180,49260,60,0,842130
BANKNIFTY-II.NFO,20/01/2025,09:28:38,49253.5,49251.5,210,49260,60,0,842130
BANKNIFTY-II.NFO,20/01/2025,09:28:40,49253.5,49253.25,180,49260,60,0,842130
BANKNIFTY-II.NFO,20/01/2025,09:28:42,49253.5,49255.1,210,49260,60,0,842130
BANKNIFTY-II.NFO,20/01/2025,09:28:43,49253.5,49252.9,180,49260,60,0,842130
BANKNIFTY-II.NFO,20/01/2025,09:28:45,49253.5,49256.45,150,49260,90,0,842130
BANKNIFTY-II.NFO,20/01/2025,09:28:47,49253.5,49258.55,30,49260,90,0,842130
BANKNIFTY-II.NFO,20/01/2025,09:28:48,49260,49254.55,180,49260,60,30,842130
BANKNIFTY-II.NFO,20/01/2025,09:28:50,49255.65,49255.8,150,49260,60,30,842130
BANKNIFTY-II.NFO,20/01/2025,09:28:52,49260,49258.45,150,49263.25,60,60,842130
BANKNIFTY-II.NFO,20/01/2025,09:28:53,49263.25,49264.7,60,49268,30,60,842130
BANKNIFTY-II.NFO,20/01/2025,09:28:55,49263.25,49263.75,60,49268,30,0,842130
BANKNIFTY-II.NFO,20/01/2025,09:28:57,49263.25,49264.85,90,49268,30,0,842130
BANKNIFTY-II.NFO,20/01/2025,09:28:58,49263.25,49266.1,60,49268,30,0,842130
BANKNIFTY-II.NFO,20/01/2025,09:29:00,49270,49263.85,150,49275.75,60,90,842130
BANKNIFTY-II.NFO,20/01/2025,09:29:02,49279.95,49266.35,60,49279.1,60,30,842130
BANKNIFTY-II.NFO,20/01/2025,09:29:03,49279.95,49265.95,150,49278.65,60,0,842130
BANKNIFTY-II.NFO,20/01/2025,09:29:05,49279.95,49267.95,90,49280,210,0,842130
BANKNIFTY-II.NFO,20/01/2025,09:29:07,49279.95,49270.5,90,49280,210,0,842130
BANKNIFTY-II.NFO,20/01/2025,09:29:08,49279.95,49272.95,60,49280,210,0,842130
BANKNIFTY-II.NFO,20/01/2025,09:29:10,49279.95,49276.9,60,49280,210,0,842130
BANKNIFTY-II.NFO,20/01/2025,09:29:12,49279.95,49277.55,150,49280,60,0,842130
BANKNIFTY-II.NFO,20/01/2025,09:29:13,49280,49275.1,150,49280.1,30,60,842130
BANKNIFTY-II.NFO,20/01/2025,09:29:15,49280,49271.95,150,49280.1,30,0,842130
BANKNIFTY-II.NFO,20/01/2025,09:29:16,49280,49271.4,450,49280.1,30,0,842130
BANKNIFTY-II.NFO,20/01/2025,09:29:18,49280,49268.05,30,49280.05,120,0,842130
BANKNIFTY-II.NFO,20/01/2025,09:29:20,49280,49267.5,90,49279.95,120,0,842130
BANKNIFTY-II.NFO,20/01/2025,09:29:21,49280.1,49269.05,60,49281.6,120,60,842130
BANKNIFTY-II.NFO,20/01/2025,09:29:23,49276.5,49264.15,150,49277.45,120,30,842130
BANKNIFTY-II.NFO,20/01/2025,09:29:25,49276.5,49262.3,60,49275.5,150,0,842130
BANKNIFTY-II.NFO,20/01/2025,09:29:26,49264.05,49263.85,300,49276.75,120,30,842130
BANKNIFTY-II.NFO,20/01/2025,09:29:28,49259.5,49264.15,60,49277.4,120,60,842130
BANKNIFTY-II.NFO,20/01/2025,09:29:30,49259.5,49272.8,150,49280,210,0,842130
BANKNIFTY-II.NFO,20/01/2025,09:29:31,49259.5,49272.4,300,49280,210,0,842130
BANKNIFTY-II.NFO,20/01/2025,09:29:33,49259.5,49269.25,150,49275,150,0,842130
BANKNIFTY-II.NFO,20/01/2025,09:29:35,49275,49272.3,300,49275,90,60,842130
BANKNIFTY-II.NFO,20/01/2025,09:29:36,49275,49274.4,150,49280,360,90,842130
BANKNIFTY-II.NFO,20/01/2025,09:29:38,49275,49272.35,150,49280,360,0,842130
BANKNIFTY-II.NFO,20/01/2025,09:29:40,49280,49279.9,150,49280,90,270,842130
BANKNIFTY-II.NFO,20/01/2025,09:29:41,49280,49278.8,150,49280,30,120,842130
BANKNIFTY-II.NFO,20/01/2025,09:29:43,49274.1,49275.25,150,49280,30,30,842130
BANKNIFTY-II.NFO,20/01/2025,09:29:45,49274.1,49272.55,60,49280,30,0,842130
BANKNIFTY-II.NFO,20/01/2025,09:29:46,49274.1,49273.95,150,49280,90,0,842130
BANKNIFTY-II.NFO,20/01/2025,09:29:48,49274.1,49274.45,60,49280,90,0,842130
BANKNIFTY-II.NFO,20/01/2025,09:29:50,49274.8,49269.9,150,49280,90,30,842130
BANKNIFTY-II.NFO,20/01/2025,09:29:51,49274.8,49270.7,150,49280,120,0,842130
BANKNIFTY-II.NFO,20/01/2025,09:29:53,49274.8,49260.95,150,49273.7,120,0,842130
BANKNIFTY-II.NFO,20/01/2025,09:29:55,49280,49275.5,300,49280,90,30,842130
BANKNIFTY-II.NFO,20/01/2025,09:29:56,49280,49276.85,150,49280,90,0,842130
BANKNIFTY-II.NFO,20/01/2025,09:29:58,49280,49276.05,150,49280,90,0,842130
BANKNIFTY-II.NFO,20/01/2025,09:30:00,49280,49279.5,150,49280,90,0,842130
BANKNIFTY-II.NFO,20/01/2025,09:30:01,49286.65,49285.45,150,49290,30,420,842130
BANKNIFTY-II.NFO,20/01/2025,09:30:03,49292,49290.7,150,49292.25,30,60,842130
BANKNIFTY-II.NFO,20/01/2025,09:30:03,49292,49290.7,150,49292.25,30,0,842130
BANKNIFTY-II.NFO,20/01/2025,09:30:05,49292.25,49292.8,30,49294.65,30,60,842130
BANKNIFTY-II.NFO,20/01/2025,09:30:05,49292.25,49292.8,30,49294.65,30,0,842130
BANKNIFTY-II.NFO,20/01/2025,09:30:06,49298,49289,150,49299,270,60,842130
BANKNIFTY-II.NFO,20/01/2025,09:30:06,49298,49289,150,49299,270,0,842130
BANKNIFTY-II.NFO,20/01/2025,09:30:08,49294.65,49284.75,30,49298.95,120,60,842130
BANKNIFTY-II.NFO,20/01/2025,09:30:10,49295,49294.8,150,49299,270,60,842130
BANKNIFTY-II.NFO,20/01/2025,09:30:11,49297,49297.05,150,49299,270,900,842130
BANKNIFTY-II.NFO,20/01/2025,09:30:13,49300.5,49299.85,60,49309.85,30,1080,842130
BANKNIFTY-II.NFO,20/01/2025,09:30:13,49300.5,49299.85,60,49309.85,30,0,842130
BANKNIFTY-II.NFO,20/01/2025,09:30:15,49308,49298.45,90,49309.85,30,60,842130
BANKNIFTY-II.NFO,20/01/2025,09:30:15,49309.8,49298.45,90,49309.85,30,0,842130
BANKNIFTY-II.NFO,20/01/2025,09:30:16,49299.8,49299,30,49309.85,30,210,842130
BANKNIFTY-II.NFO,20/01/2025,09:30:18,49309.85,49299.75,30,49311,30,30,842130
BANKNIFTY-II.NFO,20/01/2025,09:30:18,49309.85,49299.75,30,49311,30,0,842130
BANKNIFTY-II.NFO,20/01/2025,09:30:20,49302.9,49301.85,210,49311,30,30,842130
BANKNIFTY-II.NFO,20/01/2025,09:30:21,49311,49302.7,30,49314.45,120,90,842130
BANKNIFTY-II.NFO,20/01/2025,09:30:21,49311,49302.7,30,49314.45,120,0,842130
BANKNIFTY-II.NFO,20/01/2025,09:30:23,49311,49287.35,30,49299.1,120,0,842130
BANKNIFTY-II.NFO,20/01/2025,09:30:25,49311,49291,30,49302.45,60,0,842130
BANKNIFTY-II.NFO,20/01/2025,09:30:26,49309.6,49299.15,30,49312.4,120,30,842130
BANKNIFTY-II.NFO,20/01/2025,09:30:28,49309.6,49300.4,30,49313.25,120,0,842130
BANKNIFTY-II.NFO,20/01/2025,09:30:30,49311,49300.8,30,49313.05,120,300,842130
BANKNIFTY-II.NFO,20/01/2025,09:30:31,49298.05,49297.3,30,49310.7,150,60,842130
BANKNIFTY-II.NFO,20/01/2025,09:30:33,49298.05,49298.6,30,49310.95,120,0,842130
BANKNIFTY-II.NFO,20/01/2025,09:30:35,49298.05,49293.65,30,49305.1,60,0,842130
BANKNIFTY-II.NFO,20/01/2025,09:30:36,49298.05,49293.15,30,49306.2,150,0,842130
BANKNIFTY-II.NFO,20/01/2025,09:30:38,49298.05,49294.15,30,49305.95,120,0,842130
BANKNIFTY-II.NFO,20/01/2025,09:30:40,49298.7,49299.85,30,49310.95,120,30,842130
BANKNIFTY-II.NFO,20/01/2025,09:30:41,49298.7,49302.95,30,49311,300,0,842130
BANKNIFTY-II.NFO,20/01/2025,09:30:43,49298.7,49303.05,30,49311,300,0,842130
BANKNIFTY-II.NFO,20/01/2025,09:30:45,49298.7,49305.4,30,49311,300,0,842130
BANKNIFTY-II.NFO,20/01/2025,09:30:46,49304.55,49306,30,49311,300,30,842130
BANKNIFTY-II.NFO,20/01/2025,09:30:48,49304.55,49306.4,30,49310,30,0,842130
BANKNIFTY-II.NFO,20/01/2025,09:30:50,49304.55,49303.6,30,49310,90,0,842130
BANKNIFTY-II.NFO,20/01/2025,09:30:51,49310,49302.65,30,49310,180,60,842940
BANKNIFTY-II.NFO,20/01/2025,09:30:53,49310,49299,30,49302,30,0,842940
BANKNIFTY-II.NFO,20/01/2025,09:30:55,49302,49303.4,30,49310,180,30,842940
BANKNIFTY-II.NFO,20/01/2025,09:30:56,49302,49303.75,30,49304,450,0,842940
BANKNIFTY-II.NFO,20/01/2025,09:30:58,49302,49301.6,30,49304,450,0,842940
BANKNIFTY-II.NFO,20/01/2025,09:31:00,49304,49302.45,30,49304,390,60,842940
BANKNIFTY-II.NFO,20/01/2025,09:31:01,49304,49303.9,30,49310,210,390,842940
BANKNIFTY-II.NFO,20/01/2025,09:31:03,49307,49305.95,30,49307,120,30,842940
BANKNIFTY-II.NFO,20/01/2025,09:31:04,49307,49304.25,30,49307,120,0,842940
BANKNIFTY-II.NFO,20/01/2025,09:31:06,49307,49304.8,30,49307,90,30,842940
BANKNIFTY-II.NFO,20/01/2025,09:31:08,49307,49304.3,210,49307,60,30,842940
BANKNIFTY-II.NFO,20/01/2025,09:31:09,49307,49301.45,30,49307,60,0,842940
BANKNIFTY-II.NFO,20/01/2025,09:31:11,49307,49301.3,210,49307,30,30,842940
BANKNIFTY-II.NFO,20/01/2025,09:31:13,49307,49302.15,30,49307,30,0,842940
BANKNIFTY-II.NFO,20/01/2025,09:31:14,49307,49307.7,150,49310,120,30,842940
BANKNIFTY-II.NFO,20/01/2025,09:31:16,49307,49309.05,150,49310,120,0,842940
BANKNIFTY-II.NFO,20/01/2025,09:31:18,49310,49307.35,30,49311,30,120,842940
BANKNIFTY-II.NFO,20/01/2025,09:31:19,49309.75,49307.05,210,49311,30,90,842940
BANKNIFTY-II.NFO,20/01/2025,09:31:21,49309.75,49308.85,30,49311,30,0,842940
BANKNIFTY-II.NFO,20/01/2025,09:31:23,49309.75,49303.5,30,49311,30,0,842940
BANKNIFTY-II.NFO,20/01/2025,09:31:24,49315,49304.95,30,49315,90,90,842940
BANKNIFTY-II.NFO,20/01/2025,09:31:24,49315,49304.95,30,49315,90,0,842940
BANKNIFTY-II.NFO,20/01/2025,09:31:26,49315,49305.9,30,49315,90,0,842940
BANKNIFTY-II.NFO,20/01/2025,09:31:28,49315,49306.55,30,49315,90,0,842940
BANKNIFTY-II.NFO,20/01/2025,09:31:29,49315,49307.3,270,49315,30,60,842940
BANKNIFTY-II.NFO,20/01/2025,09:31:31,49315,49304.1,30,49315,60,0,842940
BANKNIFTY-II.NFO,20/01/2025,09:31:33,49311,49311,240,49315,60,60,842940
BANKNIFTY-II.NFO,20/01/2025,09:31:34,49309.75,49303.9,30,49315,60,270,842940
BANKNIFTY-II.NFO,20/01/2025,09:31:36,49309.75,49301,150,49314.95,120,0,842940
BANKNIFTY-II.NFO,20/01/2025,09:31:38,49309.75,49301.6,30,49314.95,150,0,842940
BANKNIFTY-II.NFO,20/01/2025,09:31:39,49309.75,49300.05,30,49312.5,150,30,842940
BANKNIFTY-II.NFO,20/01/2025,09:31:41,49309.75,49300.05,30,49312.7,150,0,842940
BANKNIFTY-II.NFO,20/01/2025,09:31:43,49309.75,49300.15,30,49313.55,120,0,842940
BANKNIFTY-II.NFO,20/01/2025,09:31:44,49309.75,49300.05,30,49310,30,30,842940
BANKNIFTY-II.NFO,20/01/2025,09:31:46,49296.05,49290.05,30,49303.9,150,150,842940
BANKNIFTY-II.NFO,20/01/2025,09:31:47,49296.05,49296.4,30,49309.95,120,0,842940
BANKNIFTY-II.NFO,20/01/2025,09:31:49,49296.05,49291.1,30,49301.75,150,0,842940
BANKNIFTY-II.NFO,20/01/2025,09:31:51,49281.2,49263.9,30,49276.6,60,120,842940
BANKNIFTY-II.NFO,20/01/2025,09:31:52,49274.7,49274.85,30,49283.35,30,30,842940
BANKNIFTY-II.NFO,20/01/2025,09:31:54,49274.7,49270.9,30,49283.2,150,0,842940
BANKNIFTY-II.NFO,20/01/2025,09:31:56,49274.7,49272,30,49283.3,30,0,842940
BANKNIFTY-II.NFO,20/01/2025,09:31:57,49274.7,49265.55,30,49277.4,150,0,842940
BANKNIFTY-II.NFO,20/01/2025,09:31:59,49267,49267,30,49274.5,120,30,842940
BANKNIFTY-II.NFO,20/01/2025,09:32:01,49267,49267.5,30,49280.85,120,0,842940
BANKNIFTY-II.NFO,20/01/2025,09:32:02,49267,49267,30,49279,120,0,842940
BANKNIFTY-II.NFO,20/01/2025,09:32:04,49267,49263,150,49274.95,60,0,842940
BANKNIFTY-II.NFO,20/01/2025,09:32:06,49267,49262.5,150,49274.7,60,0,842940
BANKNIFTY-II.NFO,20/01/2025,09:32:07,49267,49264.45,300,49274.7,60,0,842940
BANKNIFTY-II.NFO,20/01/2025,09:32:09,49264.75,49264.45,150,49274.7,60,60,842940
BANKNIFTY-II.NFO,20/01/2025,09:32:11,49264.75,49261.85,30,49273.9,30,0,842940
BANKNIFTY-II.NFO,20/01/2025,09:32:12,49264.75,49262.4,30,49274.7,60,0,842940
BANKNIFTY-II.NFO,20/01/2025,09:32:14,49264.75,49255.2,30,49266.85,180,0,842940
BANKNIFTY-II.NFO,20/01/2025,09:32:16,49264.75,49253.6,30,49264.75,60,0,842940
BANKNIFTY-II.NFO,20/01/2025,09:32:17,49264.75,49251.4,30,49264.5,150,0,842940
BANKNIFTY-II.NFO,20/01/2025,09:32:19,49253.1,49253.05,30,49265,30,60,842940
BANKNIFTY-II.NFO,20/01/2025,09:32:21,49253.1,49261.05,150,49265,30,0,842940
BANKNIFTY-II.NFO,20/01/2025,09:32:22,49265,49263.55,150,49267,30,30,842940
BANKNIFTY-II.NFO,20/01/2025,09:32:24,49265,49258.35,30,49267,30,0,842940
BANKNIFTY-II.NFO,20/01/2025,09:32:26,49265,49262.75,240,49267,30,0,842940
BANKNIFTY-II.NFO,20/01/2025,09:32:27,49273.65,49261.2,30,49273.7,60,90,842940
BANKNIFTY-II.NFO,20/01/2025,09:32:29,49273.65,49263.1,90,49274.7,90,0,842940
BANKNIFTY-II.NFO,20/01/2025,09:32:31,49273.65,49268.7,210,49274.7,60,0,842940
BANKNIFTY-II.NFO,20/01/2025,09:32:32,49273.65,49265.9,30,49274.7,60,0,842940
BANKNIFTY-II.NFO,20/01/2025,09:32:34,49256.15,49256.1,60,49268.55,150,360,842940
BANKNIFTY-II.NFO,20/01/2025,09:32:36,49256.15,49259.7,30,49273.65,150,0,842940
BANKNIFTY-II.NFO,20/01/2025,09:32:37,49256.85,49254.35,30,49266.6,60,360,842940
BANKNIFTY-II.NFO,20/01/2025,09:32:39,49256.85,49254.1,30,49265.7,120,0,842940
BANKNIFTY-II.NFO,20/01/2025,09:32:41,49250,49237.2,270,49249,30,90,842940
BANKNIFTY-II.NFO,20/01/2025,09:32:42,49250,49240.9,210,49249,30,0,842940
BANKNIFTY-II.NFO,20/01/2025,09:32:44,49250,49238.2,270,49249,30,0,842940
BANKNIFTY-II.NFO,20/01/2025,09:32:46,49244.45,49242.5,120,49255.3,60,240,842940
BANKNIFTY-II.NFO,20/01/2025,09:32:47,49244.45,49244,120,49256.15,30,0,842940
BANKNIFTY-II.NFO,20/01/2025,09:32:49,49244.45,49243.85,210,49256.15,30,0,842940
BANKNIFTY-II.NFO,20/01/2025,09:32:51,49242.25,49245.15,240,49256.15,30,60,842940
BANKNIFTY-II.NFO,20/01/2025,09:32:53,49242.25,49241.2,240,49254.5,150,0,842940
BANKNIFTY-II.NFO,20/01/2025,09:32:54,49242.25,49239.6,30,49252.1,60,0,842940
BANKNIFTY-II.NFO,20/01/2025,09:32:56,49242.25,49235.25,240,49248.45,90,0,842940
BANKNIFTY-II.NFO,20/01/2025,09:32:58,49242.25,49236.75,120,49250.4,60,0,842940
BANKNIFTY-II.NFO,20/01/2025,09:32:59,49242.25,49231,30,49242.1,120,0,842940
BANKNIFTY-II.NFO,20/01/2025,09:33:01,49231,49224.8,150,49241.7,180,30,842940
BANKNIFTY-II.NFO,20/01/2025,09:33:03,49231,49230.4,30,49244.6,150,0,842940
BANKNIFTY-II.NFO,20/01/2025,09:33:04,49228.75,49227.45,60,49231,30,90,842940
BANKNIFTY-II.NFO,20/01/2025,09:33:06,49231,49220.05,30,49233.6,150,90,842940
BANKNIFTY-II.NFO,20/01/2025,09:33:08,49231,49220.05,30,49232.2,60,0,842940
BANKNIFTY-II.NFO,20/01/2025,09:33:09,49231,49220.95,60,49235.65,120,0,842940
BANKNIFTY-II.NFO,20/01/2025,09:33:11,49234.7,49225.15,30,49233.95,120,120,842940
BANKNIFTY-II.NFO,20/01/2025,09:33:13,49225.1,49220.05,30,49229.15,150,60,842940
BANKNIFTY-II.NFO,20/01/2025,09:33:14,49211,49204,30,49214.8,150,120,842940
BANKNIFTY-II.NFO,20/01/2025,09:33:16,49211,49208.15,60,49223.1,120,0,842940
BANKNIFTY-II.NFO,20/01/2025,09:33:18,49211,49210.75,210,49225.7,120,0,842940
BANKNIFTY-II.NFO,20/01/2025,09:33:19,49211,49218.9,60,49231,240,0,842940
BANKNIFTY-II.NFO,20/01/2025,09:33:21,49211,49214.05,30,49225.35,120,0,842940
BANKNIFTY-II.NFO,20/01/2025,09:33:23,49211,49214.95,60,49230.65,150,0,842940
BANKNIFTY-II.NFO,20/01/2025,09:33:24,49215,49210.5,30,49223.15,120,30,842940
BANKNIFTY-II.NFO,20/01/2025,09:33:26,49210,49203.2,60,49217.15,120,60,842940
BANKNIFTY-II.NFO,20/01/2025,09:33:28,49203.25,49201.1,30,49215.1,120,30,842940
BANKNIFTY-II.NFO,20/01/2025,09:33:29,49203.25,49202,60,49215.2,120,0,842940
BANKNIFTY-II.NFO,20/01/2025,09:33:31,49201,49201,840,49214.9,120,90,842940
BANKNIFTY-II.NFO,20/01/2025,09:33:33,49201,49201,840,49211.7,150,0,842940
BANKNIFTY-II.NFO,20/01/2025,09:33:34,49201,49201,780,49211.5,150,60,842940
BANKNIFTY-II.NFO,20/01/2025,09:33:36,49201,49191.65,120,49201,30,1020,842940
BANKNIFTY-II.NFO,20/01/2025,09:33:38,49201,49192.9,60,49207.35,60,30,842940
BANKNIFTY-II.NFO,20/01/2025,09:33:39,49201,49191,30,49202.4,120,0,842940
BANKNIFTY-II.NFO,20/01/2025,09:33:41,49197,49192.95,120,49201,30,30,842940
BANKNIFTY-II.NFO,20/01/2025,09:33:43,49197,49192.3,60,49201,30,0,842940
BANKNIFTY-II.NFO,20/01/2025,09:33:44,49197,49191.45,60,49201,30,0,842940
BANKNIFTY-II.NFO,20/01/2025,09:33:46,49197,49197,60,49201,30,0,842940
BANKNIFTY-II.NFO,20/01/2025,09:33:48,49199.75,49199.15,150,49201,30,240,842940
BANKNIFTY-II.NFO,20/01/2025,09:33:49,49199.75,49196.95,150,49201,30,0,842940
BANKNIFTY-II.NFO,20/01/2025,09:33:51,49201,49200.6,150,49215.25,60,30,842520
BANKNIFTY-II.NFO,20/01/2025,09:33:53,49201,49199.9,150,49215.6,180,0,842520
BANKNIFTY-II.NFO,20/01/2025,09:33:54,49201,49202.45,60,49217.15,60,0,842520
BANKNIFTY-II.NFO,20/01/2025,09:33:56,49201,49211.15,120,49218.9,30,0,842520
BANKNIFTY-II.NFO,20/01/2025,09:33:58,49201,49208.95,90,49218.9,30,0,842520
BANKNIFTY-II.NFO,20/01/2025,09:33:59,49214.7,49219.15,60,49234.8,210,60,842520
BANKNIFTY-II.NFO,20/01/2025,09:34:01,49214.7,49220.3,150,49235.35,60,0,842520
BANKNIFTY-II.NFO,20/01/2025,09:34:03,49214.7,49229.4,60,49244.5,120,0,842520
BANKNIFTY-II.NFO,20/01/2025,09:34:04,49214.7,49233.7,90,49248.95,120,0,842520
BANKNIFTY-II.NFO,20/01/2025,09:34:06,49242.35,49242.7,60,49249,30,30,842520
BANKNIFTY-II.NFO,20/01/2025,09:34:08,49246.5,49243,30,49249,30,30,842520
BANKNIFTY-II.NFO,20/01/2025,09:34:09,49238.95,49241.25,30,49249,30,30,842520
BANKNIFTY-II.NFO,20/01/2025,09:34:11,49238.95,49241.1,60,49249,30,0,842520
BANKNIFTY-II.NFO,20/01/2025,09:34:13,49249,49248,180,49260,30,30,842520
BANKNIFTY-II.NFO,20/01/2025,09:34:14,49247.45,49248.45,150,49260,30,60,842520
BANKNIFTY-II.NFO,20/01/2025,09:34:16,49247.45,49245.75,150,49259.95,90,0,842520
BANKNIFTY-II.NFO,20/01/2025,09:34:18,49247.45,49241.7,180,49256.15,90,0,842520
BANKNIFTY-II.NFO,20/01/2025,09:34:19,49262.7,49240.3,30,49254.85,60,90,842520
BANKNIFTY-II.NFO,20/01/2025,09:34:21,49262.7,49230.5,30,49244.35,60,0,842520
BANKNIFTY-II.NFO,20/01/2025,09:34:23,49262.7,49220.4,30,49234.55,90,0,842520
BANKNIFTY-II.NFO,20/01/2025,09:34:24,49262.7,49226.8,30,49240.15,60,0,842520
BANKNIFTY-II.NFO,20/01/2025,09:34:26,49224.2,49223.9,60,49238,90,30,842520
BANKNIFTY-II.NFO,20/01/2025,09:34:28,49224.2,49220.5,300,49235.2,120,0,842520
BANKNIFTY-II.NFO,20/01/2025,09:34:29,49224.2,49228.4,150,49243.65,150,0,842520
BANKNIFTY-II.NFO,20/01/2025,09:34:31,49230,49230.3,180,49244.85,120,30,842520
BANKNIFTY-II.NFO,20/01/2025,09:34:33,49230,49234.95,60,49249.95,120,0,842520
BANKNIFTY-II.NFO,20/01/2025,09:34:34,49230,49231.05,300,49244.95,60,0,842520
BANKNIFTY-II.NFO,20/01/2025,09:34:36,49227.95,49230.7,480,49245.6,150,30,842520
BANKNIFTY-II.NFO,20/01/2025,09:34:38,49227.95,49228.3,180,49242.85,120,0,842520
BANKNIFTY-II.NFO,20/01/2025,09:34:39,49229.35,49229.8,60,49244.15,150,30,842520
BANKNIFTY-II.NFO,20/01/2025,09:34:41,49229.35,49231.85,60,49245.55,30,0,842520
BANKNIFTY-II.NFO,20/01/2025,09:34:43,49229.35,49230.8,60,49244.5,30,0,842520
BANKNIFTY-II.NFO,20/01/2025,09:34:44,49229.35,49231.35,210,49245.3,150,0,842520
BANKNIFTY-II.NFO,20/01/2025,09:34:46,49229.35,49230.05,300,49244.45,150,0,842520
BANKNIFTY-II.NFO,20/01/2025,09:34:48,49229.35,49230.8,300,49245.4,150,0,842520
BANKNIFTY-II.NFO,20/01/2025,09:34:49,49229.3,49227.05,60,49240,60,30,842520
BANKNIFTY-II.NFO,20/01/2025,09:34:51,49228.8,49229.35,150,49244,150,30,842520
BANKNIFTY-II.NFO,20/01/2025,09:34:53,49228.8,49227.6,150,49242.6,150,0,842520
BANKNIFTY-II.NFO,20/01/2025,09:34:54,49228.8,49225.65,300,49241.5,60,0,842520
BANKNIFTY-II.NFO,20/01/2025,09:34:56,49228.8,49226.8,60,49240.7,90,0,842520
BANKNIFTY-II.NFO,20/01/2025,09:34:58,49228.8,49218.1,30,49231.15,60,0,842520
BANKNIFTY-II.NFO,20/01/2025,09:34:59,49228.8,49218.7,60,49233.6,150,0,842520
BANKNIFTY-II.NFO,20/01/2025,09:35:01,49228.8,49212.5,150,49229.25,120,0,842520
BANKNIFTY-II.NFO,20/01/2025,09:35:03,49227,49211.45,30,49225.6,120,30,842520
BANKNIFTY-II.NFO,20/01/2025,09:35:04,49227,49211,30,49221.75,60,0,842520
BANKNIFTY-II.NFO,20/01/2025,09:35:06,49227,49211,30,49221.05,60,0,842520
BANKNIFTY-II.NFO,20/01/2025,09:35:08,49230.15,49213.4,120,49228.85,120,150,842520
BANKNIFTY-II.NFO,20/01/2025,09:35:09,49230.75,49211.9,120,49212.85,30,30,842520
BANKNIFTY-II.NFO,20/01/2025,09:35:11,49212.85,49211,30,49223.25,120,30,842520
BANKNIFTY-II.NFO,20/01/2025,09:35:13,49212.85,49211,30,49218.05,120,0,842520
BANKNIFTY-II.NFO,20/01/2025,09:35:14,49211,49201,30,49210.75,120,30,842520
BANKNIFTY-II.NFO,20/01/2025,09:35:16,49211,49202.55,120,49218.15,120,0,842520
BANKNIFTY-II.NFO,20/01/2025,09:35:18,49211,49201,30,49213.5,120,0,842520
BANKNIFTY-II.NFO,20/01/2025,09:35:19,49211,49201.05,120,49213.6,60,0,842520
BANKNIFTY-II.NFO,20/01/2025,09:35:21,49211,49203.2,120,49211,120,0,842520
BANKNIFTY-II.NFO,20/01/2025,09:35:23,49211,49207.8,120,49211,120,0,842520
BANKNIFTY-II.NFO,20/01/2025,09:35:24,49211,49210.3,120,49211,90,60,842520
BANKNIFTY-II.NFO,20/01/2025,09:35:26,49211,49213.25,30,49227.05,60,90,842520
BANKNIFTY-II.NFO,20/01/2025,09:35:28,49211,49212.8,30,49226.35,60,0,842520
BANKNIFTY-II.NFO,20/01/2025,09:35:29,49211,49216.1,30,49230,60,0,842520
BANKNIFTY-II.NFO,20/01/2025,09:35:31,49211,49215,30,49228.95,60,0,842520
BANKNIFTY-II.NFO,20/01/2025,09:35:33,49211,49219.95,180,49233.8,60,0,842520
BANKNIFTY-II.NFO,20/01/2025,09:35:34,49211,49219.25,30,49232.45,60,0,842520
BANKNIFTY-II.NFO,20/01/2025,09:35:36,49211,49224.6,30,49240.6,180,0,842520
BANKNIFTY-II.NFO,20/01/2025,09:35:38,49239.4,49221.55,120,49237,150,150,842520
BANKNIFTY-II.NFO,20/01/2025,09:35:39,49239.4,49223.75,120,49238.15,120,0,842520
BANKNIFTY-II.NFO,20/01/2025,09:35:41,49239.4,49227.3,150,49243.2,150,0,842520
BANKNIFTY-II.NFO,20/01/2025,09:35:43,49239.4,49225.35,120,49241.6,120,0,842520
BANKNIFTY-II.NFO,20/01/2025,09:35:44,49239.4,49228.5,120,49243.15,150,0,842520
BANKNIFTY-II.NFO,20/01/2025,09:35:46,49239.4,49228,120,49243.15,150,0,842520
BANKNIFTY-II.NFO,20/01/2025,09:35:48,49239.4,49229.2,120,49244.05,150,0,842520
BANKNIFTY-II.NFO,20/01/2025,09:35:49,49239.4,49222.05,30,49235.75,120,0,842520
BANKNIFTY-II.NFO,20/01/2025,09:35:51,49239.4,49221.75,120,49236.8,150,0,842520
BANKNIFTY-II.NFO,20/01/2025,09:35:53,49239.4,49222.9,120,49237.15,150,0,842520
BANKNIFTY-II.NFO,20/01/2025,09:35:54,49239.4,49217.65,120,49232.7,120,0,842520
BANKNIFTY-II.NFO,20/01/2025,09:35:56,49239.4,49206.4,120,49221.55,120,0,842520
BANKNIFTY-II.NFO,20/01/2025,09:35:58,49239.4,49209.45,120,49223.1,60,0,842520
BANKNIFTY-II.NFO,20/01/2025,09:35:59,49239.4,49205.85,150,49220.3,120,0,842520
BANKNIFTY-II.NFO,20/01/2025,09:36:01,49239.4,49205.35,120,49219.95,30,0,842520
BANKNIFTY-II.NFO,20/01/2025,09:36:03,49221.65,49209.25,120,49225.9,90,30,842520
BANKNIFTY-II.NFO,20/01/2025,09:36:04,49221.65,49212.35,120,49227.9,90,0,842520
BANKNIFTY-II.NFO,20/01/2025,09:36:06,49213.5,49215,120,49228.85,120,30,842520
BANKNIFTY-II.NFO,20/01/2025,09:36:08,49213.5,49215.7,120,49231.3,120,0,842520
BANKNIFTY-II.NFO,20/01/2025,09:36:09,49213.5,49222.25,120,49237.25,120,0,842520
BANKNIFTY-II.NFO,20/01/2025,09:36:11,49213.5,49222.9,120,49237.35,120,0,842520
BANKNIFTY-II.NFO,20/01/2025,09:36:13,49213.5,49228.6,120,49243.2,150,0,842520
BANKNIFTY-II.NFO,20/01/2025,09:36:14,49213.5,49229.45,120,49243.5,180,0,842520
BANKNIFTY-II.NFO,20/01/2025,09:36:16,49213.5,49226.4,150,49243.4,120,0,842520
BANKNIFTY-II.NFO,20/01/2025,09:36:18,49213.5,49224.5,120,49239.7,150,0,842520
BANKNIFTY-II.NFO,20/01/2025,09:36:19,49213.5,49217.2,120,49233.65,120,0,842520
BANKNIFTY-II.NFO,20/01/2025,09:36:21,49231.15,49216.65,120,49232.55,120,30,842520
BANKNIFTY-II.NFO,20/01/2025,09:36:23,49231.15,49221.85,120,49236.25,120,0,842520
BANKNIFTY-II.NFO,20/01/2025,09:36:24,49231.15,49223.2,120,49239.45,90,0,842520
BANKNIFTY-II.NFO,20/01/2025,09:36:26,49231.15,49225.15,120,49239.8,90,0,842520
BANKNIFTY-II.NFO,20/01/2025,09:36:28,49231.15,49228.9,120,49244.05,120,0,842520
BANKNIFTY-II.NFO,20/01/2025,09:36:29,49231.15,49231.05,120,49242.15,30,0,842520
BANKNIFTY-II.NFO,20/01/2025,09:36:31,49231.15,49232.9,120,49247.35,120,0,842520
BANKNIFTY-II.NFO,20/01/2025,09:36:33,49231.15,49231.05,120,49245.25,180,0,842520
BANKNIFTY-II.NFO,20/01/2025,09:36:34,49231.15,49231.05,120,49243.2,30,0,842520
BANKNIFTY-II.NFO,20/01/2025,09:36:36,49231.15,49233.2,120,49244.45,30,0,842520
BANKNIFTY-II.NFO,20/01/2025,09:36:38,49231.15,49232.2,120,49246.25,60,0,842520
BANKNIFTY-II.NFO,20/01/2025,09:36:39,49231.15,49232.25,120,49245.9,90,0,842520
BANKNIFTY-II.NFO,20/01/2025,09:36:41,49231.15,49235,120,49248.95,90,0,842520
BANKNIFTY-II.NFO,20/01/2025,09:36:43,49231.15,49235.35,120,49249,900,0,842520
BANKNIFTY-II.NFO,20/01/2025,09:36:44,49231.15,49235.2,120,49249,900,0,842520
BANKNIFTY-II.NFO,20/01/2025,09:36:46,49231.15,49238.9,120,49249,900,0,842520
BANKNIFTY-II.NFO,20/01/2025,09:36:48,49231.15,49241.65,270,49249,900,0,842520
BANKNIFTY-II.NFO,20/01/2025,09:36:49,49231.15,49243.65,150,49249,900,0,842520
BANKNIFTY-II.NFO,20/01/2025,09:36:51,49231.15,49242.75,150,49249,900,0,842520
BANKNIFTY-II.NFO,20/01/2025,09:36:53,49231.15,49240.7,150,49249,900,0,842520
BANKNIFTY-II.NFO,20/01/2025,09:36:54,49231.15,49241.4,150,49249,900,0,842520
BANKNIFTY-II.NFO,20/01/2025,09:36:56,49231.15,49244.55,150,49249,900,0,842520
BANKNIFTY-II.NFO,20/01/2025,09:36:58,49231.15,49242.85,150,49249,900,0,842520
BANKNIFTY-II.NFO,20/01/2025,09:36:59,49249,49243.95,150,49249,870,30,842370
BANKNIFTY-II.NFO,20/01/2025,09:37:01,49249,49247.6,150,49249,330,540,842370
BANKNIFTY-II.NFO,20/01/2025,09:37:03,49249,49247.05,150,49249,180,150,842370
BANKNIFTY-II.NFO,20/01/2025,09:37:04,49250,49250.15,60,49262.9,90,210,842370
BANKNIFTY-II.NFO,20/01/2025,09:37:06,49250,49253.15,120,49265,60,0,842370
BANKNIFTY-II.NFO,20/01/2025,09:37:08,49265,49258.4,120,49271.65,90,60,842370
BANKNIFTY-II.NFO,20/01/2025,09:37:09,49265,49259.7,60,49273.9,90,0,842370
BANKNIFTY-II.NFO,20/01/2025,09:37:11,49265,49261.7,60,49273.95,30,0,842370
BANKNIFTY-II.NFO,20/01/2025,09:37:13,49265,49255.45,120,49270.8,120,0,842370
BANKNIFTY-II.NFO,20/01/2025,09:37:14,49271.9,49260,60,49273.9,60,30,842370
BANKNIFTY-II.NFO,20/01/2025,09:37:16,49261.05,49262.45,30,49274.95,60,30,842370
BANKNIFTY-II.NFO,20/01/2025,09:37:18,49261.05,49259.2,30,49274.3,90,0,842370
BANKNIFTY-II.NFO,20/01/2025,09:37:19,49261.05,49257.6,30,49271.6,60,0,842370
BANKNIFTY-II.NFO,20/01/2025,09:37:21,49261.05,49260,30,49271.1,60,0,842370
BANKNIFTY-II.NFO,20/01/2025,09:37:23,49262.3,49250,30,49259.2,90,60,842370
BANKNIFTY-II.NFO,20/01/2025,09:37:24,49250,49247,30,49258.35,60,30,842370
BANKNIFTY-II.NFO,20/01/2025,09:37:26,49250,49247,30,49260.4,60,0,842370
BANKNIFTY-II.NFO,20/01/2025,09:37:28,49250,49247,30,49257.35,60,0,842370
BANKNIFTY-II.NFO,20/01/2025,09:37:29,49250,49247.45,30,49259.9,60,0,842370
BANKNIFTY-II.NFO,20/01/2025,09:37:31,49250,49251,30,49259.95,30,0,842370
BANKNIFTY-II.NFO,20/01/2025,09:37:33,49250,49247.45,30,49259.9,60,0,842370
BANKNIFTY-II.NFO,20/01/2025,09:37:34,49250,49247,30,49255.9,60,0,842370
BANKNIFTY-II.NFO,20/01/2025,09:37:36,49247,49242.45,150,49256.65,60,30,842370
BANKNIFTY-II.NFO,20/01/2025,09:37:38,49247,49237.3,120,49251.9,60,0,842370
BANKNIFTY-II.NFO,20/01/2025,09:37:39,49247,49231.75,150,49245.9,60,0,842370
BANKNIFTY-II.NFO,20/01/2025,09:37:41,49247,49229.35,120,49245,60,0,842370
BANKNIFTY-II.NFO,20/01/2025,09:37:43,49247,49231.45,120,49245.9,60,0,842370
BANKNIFTY-II.NFO,20/01/2025,09:37:44,49247,49234.2,120,49247.9,90,0,842370
BANKNIFTY-II.NFO,20/01/2025,09:37:46,49247,49232.15,60,49245.9,90,0,842370
BANKNIFTY-II.NFO,20/01/2025,09:37:48,49247,49234.4,120,49247.9,60,0,842370
BANKNIFTY-II.NFO,20/01/2025,09:37:49,49247,49239.25,60,49253.9,60,0,842370
BANKNIFTY-II.NFO,20/01/2025,09:37:51,49247,49243.2,120,49250,60,0,842370
BANKNIFTY-II.NFO,20/01/2025,09:37:53,49247,49242.35,150,49250,60,0,842370
BANKNIFTY-II.NFO,20/01/2025,09:37:55,49247,49246.8,120,49250,60,0,842370
BANKNIFTY-II.NFO,20/01/2025,09:37:56,49247,49245.1,150,49250,60,0,842370
BANKNIFTY-II.NFO,20/01/2025,09:37:58,49247,49239.75,120,49250,60,0,842370
BANKNIFTY-II.NFO,20/01/2025,09:37:59,49247,49238,120,49250,60,0,842370
BANKNIFTY-II.NFO,20/01/2025,09:38:01,49247,49235.45,120,49249.65,60,0,842370
BANKNIFTY-II.NFO,20/01/2025,09:38:03,49247,49229.8,120,49237.95,30,0,842370
BANKNIFTY-II.NFO,20/01/2025,09:38:04,49247,49226.35,120,49239.7,60,0,842370
BANKNIFTY-II.NFO,20/01/2025,09:38:06,49247,49224.85,120,49238.65,90,0,842370
BANKNIFTY-II.NFO,20/01/2025,09:38:08,49247,49225.3,120,49239.75,60,0,842370
BANKNIFTY-II.NFO,20/01/2025,09:38:09,49247,49230,120,49245.3,60,0,842370
BANKNIFTY-II.NFO,20/01/2025,09:38:11,49247,49235.75,30,49247.95,30,0,842370
BANKNIFTY-II.NFO,20/01/2025,09:38:13,49247,49234,120,49245.95,30,0,842370
BANKNIFTY-II.NFO,20/01/2025,09:38:14,49247,49237.2,30,49249.9,60,0,842370
BANKNIFTY-II.NFO,20/01/2025,09:38:16,49247,49244.35,30,49250,60,0,842370
BANKNIFTY-II.NFO,20/01/2025,09:38:18,49247,49245.3,30,49250,60,0,842370
BANKNIFTY-II.NFO,20/01/2025,09:38:19,49247,49247.15,30,49250,60,0,842370
BANKNIFTY-II.NFO,20/01/2025,09:38:21,49250,49252.8,120,49266,30,60,842370
BANKNIFTY-II.NFO,20/01/2025,09:38:23,49252.35,49256.1,120,49265.95,30,60,842370
BANKNIFTY-II.NFO,20/01/2025,09:38:24,49252.35,49257.4,120,49266,30,0,842370
BANKNIFTY-II.NFO,20/01/2025,09:38:26,49252.35,49257.6,120,49265,30,0,842370
BANKNIFTY-II.NFO,20/01/2025,09:38:28,49265,49260.4,120,49266,30,30,842370
BANKNIFTY-II.NFO,20/01/2025,09:38:29,49265,49260.55,120,49266,30,0,842370
BANKNIFTY-II.NFO,20/01/2025,09:38:31,49265,49263.15,120,49266,30,0,842370
BANKNIFTY-II.NFO,20/01/2025,09:38:32,49265,49262,30,49266,30,0,842370
BANKNIFTY-II.NFO,20/01/2025,09:38:34,49265,49259.75,120,49266,30,0,842370
BANKNIFTY-II.NFO,20/01/2025,09:38:36,49265,49259.1,120,49266,30,0,842370
BANKNIFTY-II.NFO,20/01/2025,09:38:37,49265,49258.5,120,49266,30,0,842370
BANKNIFTY-II.NFO,20/01/2025,09:38:39,49265,49253.3,120,49266,30,0,842370
BANKNIFTY-II.NFO,20/01/2025,09:38:40,49265,49255.9,120,49266,30,0,842370
BANKNIFTY-II.NFO,20/01/2025,09:38:42,49265,49255.45,120,49266,30,0,842370
BANKNIFTY-II.NFO,20/01/2025,09:38:44,49265,49255.3,120,49266,30,0,842370
BANKNIFTY-II.NFO,20/01/2025,09:38:45,49265,49249.1,120,49261.6,60,0,842370
BANKNIFTY-II.NFO,20/01/2025,09:38:47,49265,49253.1,120,49265,30,0,842370
BANKNIFTY-II.NFO,20/01/2025,09:38:49,49265,49251.45,120,49264.75,120,0,842370
BANKNIFTY-II.NFO,20/01/2025,09:38:50,49265,49244.7,120,49257.9,120,0,842370
BANKNIFTY-II.NFO,20/01/2025,09:38:52,49265,49244.85,120,49257.95,30,0,842370
BANKNIFTY-II.NFO,20/01/2025,09:38:54,49265,49246.85,120,49262.3,150,0,842370
BANKNIFTY-II.NFO,20/01/2025,09:38:55,49265,49247.55,120,49261.2,120,0,842370
BANKNIFTY-II.NFO,20/01/2025,09:38:57,49248.35,49249.55,90,49262.75,120,30,842370
BANKNIFTY-II.NFO,20/01/2025,09:38:59,49248.35,49246.45,90,49260.2,150,0,842370
BANKNIFTY-II.NFO,20/01/2025,09:39:00,49248.35,49234.95,90,49249.95,150,0,842370
BANKNIFTY-II.NFO,20/01/2025,09:39:02,49248.35,49231,90,49247.7,120,0,842370
BANKNIFTY-II.NFO,20/01/2025,09:39:03,49248.35,49233.8,90,49247.95,120,0,842370
BANKNIFTY-II.NFO,20/01/2025,09:39:05,49247.7,49229.25,300,49243.95,120,30,842370
BANKNIFTY-II.NFO,20/01/2025,09:39:07,49247.7,49228.9,120,49244.05,120,0,842370
BANKNIFTY-II.NFO,20/01/2025,09:39:09,49247.7,49235.45,120,49250.55,120,0,842370
BANKNIFTY-II.NFO,20/01/2025,09:39:10,49247.7,49232.65,150,49248.15,150,0,842370
BANKNIFTY-II.NFO,20/01/2025,09:39:12,49247.7,49238.3,120,49253.2,120,0,842370
BANKNIFTY-II.NFO,20/01/2025,09:39:14,49247.7,49235.45,60,49249.3,150,0,842370
BANKNIFTY-II.NFO,20/01/2025,09:39:15,49247.7,49234.1,120,49249.35,150,0,842370
BANKNIFTY-II.NFO,20/01/2025,09:39:17,49247.7,49236.9,120,49252.35,120,0,842370
BANKNIFTY-II.NFO,20/01/2025,09:39:19,49247.7,49238.65,120,49253.2,120,0,842370
BANKNIFTY-II.NFO,20/01/2025,09:39:20,49247.7,49241.2,120,49256.6,120,0,842370
BANKNIFTY-II.NFO,20/01/2025,09:39:22,49247.7,49236.7,120,49251.15,120,0,842370
BANKNIFTY-II.NFO,20/01/2025,09:39:24,49247.7,49240.3,120,49253.95,30,0,842370
BANKNIFTY-II.NFO,20/01/2025,09:39:25,49247.7,49242.3,120,49256.55,120,0,842370
BANKNIFTY-II.NFO,20/01/2025,09:39:27,49247.7,49248.75,120,49262.95,120,0,842370
BANKNIFTY-II.NFO,20/01/2025,09:39:28,49247.7,49250.9,120,49263,30,0,842370
BANKNIFTY-II.NFO,20/01/2025,09:39:30,49247.7,49248,120,49262.85,120,0,842370
BANKNIFTY-II.NFO,20/01/2025,09:39:32,49247.7,49247.1,120,49261.5,120,0,842370
BANKNIFTY-II.NFO,20/01/2025,09:39:33,49247.7,49244.1,120,49259.15,120,0,842370
BANKNIFTY-II.NFO,20/01/2025,09:39:35,49247.7,49240.05,120,49255.95,120,0,842370
BANKNIFTY-II.NFO,20/01/2025,09:39:37,49247.7,49238.05,120,49251.95,60,0,842370
BANKNIFTY-II.NFO,20/01/2025,09:39:38,49247.7,49241.4,120,49255.85,120,0,842370
BANKNIFTY-II.NFO,20/01/2025,09:39:40,49247.7,49242.35,120,49255.95,30,0,842370
BANKNIFTY-II.NFO,20/01/2025,09:39:42,49247.7,49243.35,120,49258.3,120,0,842370
BANKNIFTY-II.NFO,20/01/2025,09:39:43,49247.7,49237.15,120,49252.25,120,0,842370
BANKNIFTY-II.NFO,20/01/2025,09:39:45,49247.7,49239.8,120,49254.1,120,0,842370
BANKNIFTY-II.NFO,20/01/2025,09:39:47,49247.7,49236,120,49250.65,120,0,842370
BANKNIFTY-II.NFO,20/01/2025,09:39:48,49247.7,49233.4,120,49247.35,150,0,842370
BANKNIFTY-II.NFO,20/01/2025,09:39:50,49247.7,49233.05,120,49247.55,120,0,842370
BANKNIFTY-II.NFO,20/01/2025,09:39:52,49247.7,49237.65,120,49247.7,150,0,842370
BANKNIFTY-II.NFO,20/01/2025,09:39:53,49247.7,49237.2,120,49247.7,150,0,842370
BANKNIFTY-II.NFO,20/01/2025,09:39:55,49247.7,49240.65,120,49247.7,150,0,842370
BANKNIFTY-II.NFO,20/01/2025,09:39:56,49247.7,49240.25,120,49247.7,150,0,842370
BANKNIFTY-II.NFO,20/01/2025,09:39:58,49247.7,49241.45,120,49247.7,150,0,842370
BANKNIFTY-II.NFO,20/01/2025,09:40:00,49238.5,49238.4,150,49250,30,150,842370
BANKNIFTY-II.NFO,20/01/2025,09:40:01,49247.7,49232.4,150,49245.75,60,30,842370
BANKNIFTY-II.NFO,20/01/2025,09:40:03,49247.7,49233.25,150,49247.85,120,0,842370
BANKNIFTY-II.NFO,20/01/2025,09:40:05,49247.7,49237.8,150,49250,30,0,842370
BANKNIFTY-II.NFO,20/01/2025,09:40:06,49247.7,49236.25,150,49250,30,0,842370
BANKNIFTY-II.NFO,20/01/2025,09:40:08,49247.7,49235.7,150,49249.4,120,0,842370
BANKNIFTY-II.NFO,20/01/2025,09:40:10,49247.7,49229.8,30,49242.8,60,0,842370
BANKNIFTY-II.NFO,20/01/2025,09:40:11,49247.7,49231.8,150,49246,120,0,842370
BANKNIFTY-II.NFO,20/01/2025,09:40:13,49247.7,49232.05,30,49248.2,120,0,842370
BANKNIFTY-II.NFO,20/01/2025,09:40:15,49247.7,49233.85,30,49249.05,120,0,842370
BANKNIFTY-II.NFO,20/01/2025,09:40:16,49247.7,49234.35,150,49248.8,120,0,842370
BANKNIFTY-II.NFO,20/01/2025,09:40:18,49247.7,49234.55,30,49248.35,120,0,842370
BANKNIFTY-II.NFO,20/01/2025,09:40:20,49247.7,49237.65,150,49250,30,0,842370
BANKNIFTY-II.NFO,20/01/2025,09:40:21,49247.7,49240.2,150,49250,30,0,842370
BANKNIFTY-II.NFO,20/01/2025,09:40:23,49247.7,49239.4,150,49250,30,0,842370
BANKNIFTY-II.NFO,20/01/2025,09:40:25,49247.7,49236.45,180,49249.75,60,0,842370
BANKNIFTY-II.NFO,20/01/2025,09:40:26,49247.7,49221.55,150,49235.1,60,0,842370
BANKNIFTY-II.NFO,20/01/2025,09:40:28,49247.7,49219.8,150,49231.95,30,0,842370
BANKNIFTY-II.NFO,20/01/2025,09:40:30,49247.7,49212.25,30,49224.2,60,0,842370
BANKNIFTY-II.NFO,20/01/2025,09:40:31,49212.25,49210.85,60,49223.95,30,30,842370
BANKNIFTY-II.NFO,20/01/2025,09:40:33,49212.25,49212.75,150,49227.8,120,0,842370
BANKNIFTY-II.NFO,20/01/2025,09:40:35,49213.8,49212.2,60,49226.8,150,30,842370
BANKNIFTY-II.NFO,20/01/2025,09:40:36,49213.8,49212.05,30,49224,60,0,842370
BANKNIFTY-II.NFO,20/01/2025,09:40:38,49213.8,49216.95,150,49231.65,120,0,842370
BANKNIFTY-II.NFO,20/01/2025,09:40:40,49213.8,49218.55,30,49233.5,150,0,842370
BANKNIFTY-II.NFO,20/01/2025,09:40:41,49218.7,49218.15,60,49232.25,120,30,842370
BANKNIFTY-II.NFO,20/01/2025,09:40:43,49218.7,49222.05,30,49234.85,120,0,842370
BANKNIFTY-II.NFO,20/01/2025,09:40:45,49218.7,49224.6,60,49239.75,120,0,842370
BANKNIFTY-II.NFO,20/01/2025,09:40:46,49218.7,49227.45,60,49242.4,120,0,842370
BANKNIFTY-II.NFO,20/01/2025,09:40:48,49218.7,49230.5,150,49245.3,120,0,842370
BANKNIFTY-II.NFO,20/01/2025,09:40:49,49218.7,49232.65,150,49245.95,30,0,842370
BANKNIFTY-II.NFO,20/01/2025,09:40:51,49218.7,49236.25,60,49247.7,30,0,842370
BANKNIFTY-II.NFO,20/01/2025,09:40:53,49218.7,49236.25,150,49247.7,30,0,842370
BANKNIFTY-II.NFO,20/01/2025,09:40:54,49218.7,49239.35,150,49247.7,30,0,842370
BANKNIFTY-II.NFO,20/01/2025,09:40:56,49218.7,49240.9,150,49247.7,30,0,842370
BANKNIFTY-II.NFO,20/01/2025,09:40:58,49218.7,49240.25,150,49247.7,30,0,842370
BANKNIFTY-II.NFO,20/01/2025,09:40:59,49218.7,49238.3,150,49247.7,30,0,842370
BANKNIFTY-II.NFO,20/01/2025,09:41:01,49218.7,49238.55,150,49247.7,30,0,842370
BANKNIFTY-II.NFO,20/01/2025,09:41:02,49218.7,49240.25,150,49247.7,30,0,842370
BANKNIFTY-II.NFO,20/01/2025,09:41:04,49218.7,49244.35,150,49247.7,30,0,842370
BANKNIFTY-II.NFO,20/01/2025,09:41:06,49218.7,49245.8,150,49247.7,30,0,842370
BANKNIFTY-II.NFO,20/01/2025,09:41:07,49218.7,49243.7,150,49247.7,30,0,842370
BANKNIFTY-II.NFO,20/01/2025,09:41:09,49218.7,49244.2,150,49247,60,0,842370
BANKNIFTY-II.NFO,20/01/2025,09:41:11,49218.7,49244.65,180,49247,60,0,842370
BANKNIFTY-II.NFO,20/01/2025,09:41:12,49218.7,49246.25,150,49247,60,0,842370
BANKNIFTY-II.NFO,20/01/2025,09:41:14,49246.35,49245.6,150,49247,30,60,842370
BANKNIFTY-II.NFO,20/01/2025,09:41:15,49246.35,49245.85,150,49247,30,0,842370
BANKNIFTY-II.NFO,20/01/2025,09:41:17,49246.35,49245.9,150,49247,30,0,842370
BANKNIFTY-II.NFO,20/01/2025,09:41:19,49250,49250.2,150,49255,30,150,842370
BANKNIFTY-II.NFO,20/01/2025,09:41:20,49250,49254.15,150,49255,30,0,842370
BANKNIFTY-II.NFO,20/01/2025,09:41:22,49255,49259.15,150,49265,60,30,842370
BANKNIFTY-II.NFO,20/01/2025,09:41:24,49275,49270.5,150,49275,30,120,842370
BANKNIFTY-II.NFO,20/01/2025,09:41:25,49275,49271.85,150,49275,30,0,842370
BANKNIFTY-II.NFO,20/01/2025,09:41:27,49275,49271,150,49275,30,0,842370
BANKNIFTY-II.NFO,20/01/2025,09:41:29,49275,49275,870,49279,30,30,842370
BANKNIFTY-II.NFO,20/01/2025,09:41:30,49275,49268.15,150,49275.95,30,870,842370
BANKNIFTY-II.NFO,20/01/2025,09:41:32,49271.95,49265.15,150,49271.95,30,30,842370
BANKNIFTY-II.NFO,20/01/2025,09:41:34,49271.95,49266.25,150,49273.95,30,0,842370
BANKNIFTY-II.NFO,20/01/2025,09:41:35,49271.95,49267.45,150,49275.95,30,0,842370
BANKNIFTY-II.NFO,20/01/2025,09:41:37,49271.95,49267.85,150,49273.95,30,0,842370
BANKNIFTY-II.NFO,20/01/2025,09:41:39,49261.35,49261.95,150,49271.95,30,930,842370
BANKNIFTY-II.NFO,20/01/2025,09:41:40,49261.35,49265.8,150,49278.1,150,0,842370
BANKNIFTY-II.NFO,20/01/2025,09:41:42,49278.1,49264.9,150,49271.95,30,30,842370
BANKNIFTY-II.NFO,20/01/2025,09:41:44,49278.1,49261.9,150,49269,30,0,842370
BANKNIFTY-II.NFO,20/01/2025,09:41:45,49278.1,49262.2,150,49269,30,0,842370
BANKNIFTY-II.NFO,20/01/2025,09:41:47,49278.1,49260.65,150,49267.95,30,0,842370
BANKNIFTY-II.NFO,20/01/2025,09:41:49,49278.1,49264.45,150,49269,30,0,842370
BANKNIFTY-II.NFO,20/01/2025,09:41:50,49269,49264.55,150,49275.2,60,30,842370
BANKNIFTY-II.NFO,20/01/2025,09:41:52,49269,49267.6,150,49275.2,60,0,842370
BANKNIFTY-II.NFO,20/01/2025,09:41:54,49269.4,49268.8,150,49275.2,60,90,842370
BANKNIFTY-II.NFO,20/01/2025,09:41:55,49269.4,49268.85,210,49277.95,30,0,842370
BANKNIFTY-II.NFO,20/01/2025,09:41:57,49269.4,49268.55,150,49278.1,30,0,842370
BANKNIFTY-II.NFO,20/01/2025,09:41:59,49269.4,49267.95,150,49277.95,30,0,842370
BANKNIFTY-II.NFO,20/01/2025,09:42:00,49269.4,49267.75,150,49278.1,30,0,842370
BANKNIFTY-II.NFO,20/01/2025,09:42:02,49269.4,49271.35,60,49278.1,30,0,842370
BANKNIFTY-II.NFO,20/01/2025,09:42:04,49278.1,49276.85,150,49280,30,30,842370
BANKNIFTY-II.NFO,20/01/2025,09:42:05,49278.1,49277.6,150,49280,30,0,842370
BANKNIFTY-II.NFO,20/01/2025,09:42:07,49280,49278.5,150,49288.2,60,30,842370
BANKNIFTY-II.NFO,20/01/2025,09:42:08,49279.1,49279.4,150,49288.2,60,30,842370
BANKNIFTY-II.NFO,20/01/2025,09:42:10,49279.1,49275.1,150,49285.95,30,30,842370
BANKNIFTY-II.NFO,20/01/2025,09:42:12,49279.1,49273.45,150,49283.95,30,0,842370
BANKNIFTY-II.NFO,20/01/2025,09:42:13,49279.1,49275.9,150,49285.95,30,0,842370
BANKNIFTY-II.NFO,20/01/2025,09:42:15,49279.1,49274.55,150,49283.95,30,0,842370
BANKNIFTY-II.NFO,20/01/2025,09:42:17,49279.1,49273.65,150,49283.95,30,0,842370
BANKNIFTY-II.NFO,20/01/2025,09:42:18,49279.1,49278.3,150,49288.2,60,0,842370
BANKNIFTY-II.NFO,20/01/2025,09:42:20,49279.1,49278.3,150,49287.95,30,0,842370
BANKNIFTY-II.NFO,20/01/2025,09:42:22,49289.95,49283.3,150,49290,180,120,842370
BANKNIFTY-II.NFO,20/01/2025,09:42:23,49289.95,49276.8,150,49289.65,120,0,842370
BANKNIFTY-II.NFO,20/01/2025,09:42:25,49289.95,49282.35,150,49290,180,0,842370
BANKNIFTY-II.NFO,20/01/2025,09:42:27,49289.95,49279.1,150,49290,180,0,842370
BANKNIFTY-II.NFO,20/01/2025,09:42:28,49280.2,49280.05,90,49290,150,90,842370
BANKNIFTY-II.NFO,20/01/2025,09:42:30,49280.2,49282.35,90,49290,150,0,842370
BANKNIFTY-II.NFO,20/01/2025,09:42:31,49280.2,49283.75,90,49290,150,0,842370
BANKNIFTY-II.NFO,20/01/2025,09:42:33,49280.2,49284.5,90,49290,150,0,842370
BANKNIFTY-II.NFO,20/01/2025,09:42:35,49290,49287.3,90,49293,30,150,842370
BANKNIFTY-II.NFO,20/01/2025,09:42:36,49290,49287.95,90,49293,30,0,842370
BANKNIFTY-II.NFO,20/01/2025,09:42:38,49290,49289,90,49293,30,0,842370
BANKNIFTY-II.NFO,20/01/2025,09:42:40,49293,49289.3,150,49295,60,30,842370
BANKNIFTY-II.NFO,20/01/2025,09:42:41,49293,49290.8,90,49295,60,0,842370
BANKNIFTY-II.NFO,20/01/2025,09:42:43,49295,49292.55,90,49295,30,30,842370
BANKNIFTY-II.NFO,20/01/2025,09:42:44,49295,49295.55,60,49300,150,30,842370
BANKNIFTY-II.NFO,20/01/2025,09:42:46,49295,49294.4,60,49300,150,0,842370
BANKNIFTY-II.NFO,20/01/2025,09:42:48,49295,49295.65,60,49300,150,0,842370
BANKNIFTY-II.NFO,20/01/2025,09:42:49,49300,49295.6,60,49308.65,180,150,842370
BANKNIFTY-II.NFO,20/01/2025,09:42:51,49300,49298.65,30,49310,30,0,842370
BANKNIFTY-II.NFO,20/01/2025,09:42:52,49300,49296.15,30,49308.45,30,0,842370
BANKNIFTY-II.NFO,20/01/2025,09:42:54,49300,49294.35,30,49308.45,120,0,842370
BANKNIFTY-II.NFO,20/01/2025,09:42:56,49307.95,49292.45,60,49307.8,150,300,842580
BANKNIFTY-II.NFO,20/01/2025,09:42:57,49302.35,49298.3,60,49310,30,30,842580
BANKNIFTY-II.NFO,20/01/2025,09:42:59,49295.2,49295.2,60,49309.75,120,210,842580
BANKNIFTY-II.NFO,20/01/2025,09:43:00,49294,49302.75,60,49310,30,210,842580
BANKNIFTY-II.NFO,20/01/2025,09:43:02,49294,49303.2,60,49310,30,0,842580
BANKNIFTY-II.NFO,20/01/2025,09:43:04,49294,49304.6,60,49310,30,0,842580
BANKNIFTY-II.NFO,20/01/2025,09:43:05,49294,49305.65,60,49310,30,0,842580
BANKNIFTY-II.NFO,20/01/2025,09:43:07,49310,49311.05,60,49314,30,30,842580
BANKNIFTY-II.NFO,20/01/2025,09:43:09,49310,49312.95,60,49314,30,0,842580
BANKNIFTY-II.NFO,20/01/2025,09:43:10,49335.95,49324.5,120,49336.7,30,570,842580
BANKNIFTY-II.NFO,20/01/2025,09:43:10,49335.95,49324.5,120,49336.7,30,0,842580
BANKNIFTY-II.NFO,20/01/2025,09:43:12,49340,49335.3,60,49345,30,210,842580
BANKNIFTY-II.NFO,20/01/2025,09:43:12,49340,49335.3,60,49345,30,0,842580
BANKNIFTY-II.NFO,20/01/2025,09:43:14,49350,49349.6,30,49351.8,30,390,842580
BANKNIFTY-II.NFO,20/01/2025,09:43:14,49350,49349.6,30,49351.8,30,0,842580
BANKNIFTY-II.NFO,20/01/2025,09:43:15,49346,49345.15,150,49357.45,60,180,842580
BANKNIFTY-II.NFO,20/01/2025,09:43:15,49354,49345.15,150,49357.45,60,0,842580
BANKNIFTY-II.NFO,20/01/2025,09:43:17,49346,49343.2,60,49356.25,60,0,842580
BANKNIFTY-II.NFO,20/01/2025,09:43:19,49346,49346.9,30,49360,30,0,842580
BANKNIFTY-II.NFO,20/01/2025,09:43:20,49360,49353.5,30,49362,30,30,842580
BANKNIFTY-II.NFO,20/01/2025,09:43:20,49360,49353.5,30,49362,30,0,842580
BANKNIFTY-II.NFO,20/01/2025,09:43:22,49354.15,49351.8,60,49362,30,120,842580
BANKNIFTY-II.NFO,20/01/2025,09:43:24,49354,49351.8,60,49360,30,30,842580
BANKNIFTY-II.NFO,20/01/2025,09:43:25,49362,49353.05,150,49363.15,30,90,842580
BANKNIFTY-II.NFO,20/01/2025,09:43:25,49362,49353.05,150,49363.15,30,0,842580
BANKNIFTY-II.NFO,20/01/2025,09:43:27,49351.8,49346.9,30,49357.2,60,60,842580
BANKNIFTY-II.NFO,20/01/2025,09:43:29,49351.8,49351.6,150,49358,90,0,842580
BANKNIFTY-II.NFO,20/01/2025,09:43:30,49347.55,49347.25,60,49358,90,360,842580
BANKNIFTY-II.NFO,20/01/2025,09:43:32,49347.25,49346.9,30,49358,90,180,842580
BANKNIFTY-II.NFO,20/01/2025,09:43:33,49347.25,49346.9,30,49358,90,0,842580
BANKNIFTY-II.NFO,20/01/2025,09:43:35,49346,49346,1290,49350,90,240,842580
BANKNIFTY-II.NFO,20/01/2025,09:43:37,49350,49346,1290,49350,60,60,842580
BANKNIFTY-II.NFO,20/01/2025,09:43:38,49350,49349.5,30,49358,90,60,842580
BANKNIFTY-II.NFO,20/01/2025,09:43:40,49350,49346,1290,49354.15,30,0,842580
BANKNIFTY-II.NFO,20/01/2025,09:43:42,49358,49346,1290,49358,60,90,842580
BANKNIFTY-II.NFO,20/01/2025,09:43:43,49332.05,49331.7,30,49342.6,60,1530,842580
BANKNIFTY-II.NFO,20/01/2025,09:43:45,49331.9,49327,270,49338.45,60,30,842580
BANKNIFTY-II.NFO,20/01/2025,09:43:47,49332.05,49317.6,30,49332.35,150,30,842580
BANKNIFTY-II.NFO,20/01/2025,09:43:48,49332.05,49312.85,30,49325.1,120,0,842580
BANKNIFTY-II.NFO,20/01/2025,09:43:50,49321.9,49311.1,90,49325.65,120,60,842580
BANKNIFTY-II.NFO,20/01/2025,09:43:52,49308.45,49307.8,270,49322.2,120,60,842580
BANKNIFTY-II.NFO,20/01/2025,09:43:52,49308.45,49308.85,150,49322.2,120,0,842580
BANKNIFTY-II.NFO,20/01/2025,09:43:53,49302,49302,30,49317,120,90,842580
BANKNIFTY-II.NFO,20/01/2025,09:43:55,49302,49307,150,49320.25,60,0,842580
BANKNIFTY-II.NFO,20/01/2025,09:43:57,49302,49304.4,300,49318.2,120,0,842580
BANKNIFTY-II.NFO,20/01/2025,09:43:58,49302,49302.25,270,49315.75,60,0,842580
BANKNIFTY-II.NFO,20/01/2025,09:44:00,49302,49302,30,49315.6,60,0,842580
BANKNIFTY-II.NFO,20/01/2025,09:44:02,49296.05,49295.5,270,49309.1,120,210,842580
BANKNIFTY-II.NFO,20/01/2025,09:44:03,49284.85,49281.95,150,49297.9,150,90,842580
BANKNIFTY-II.NFO,20/01/2025,09:44:05,49299,49280.2,30,49286.55,120,30,842580
BANKNIFTY-II.NFO,20/01/2025,09:44:07,49280.2,49274.05,30,49288.05,120,30,842580
BANKNIFTY-II.NFO,20/01/2025,09:44:08,49285,49270,30,49282.05,120,30,842580
BANKNIFTY-II.NFO,20/01/2025,09:44:10,49281.7,49270,30,49279.5,60,30,842580
BANKNIFTY-II.NFO,20/01/2025,09:44:12,49281.7,49270.05,30,49283.2,120,0,842580
BANKNIFTY-II.NFO,20/01/2025,09:44:13,49281.7,49270,30,49280.3,60,0,842580
BANKNIFTY-II.NFO,20/01/2025,09:44:15,49281.7,49270,30,49282,60,0,842580
BANKNIFTY-II.NFO,20/01/2025,09:44:17,49281.7,49271.6,60,49284.95,60,0,842580
BANKNIFTY-II.NFO,20/01/2025,09:44:18,49281.7,49276.2,60,49290.6,60,0,842580
BANKNIFTY-II.NFO,20/01/2025,09:44:20,49281.7,49282.5,30,49296.45,60,0,842580
BANKNIFTY-II.NFO,20/01/2025,09:44:21,49281.7,49282.7,30,49295.8,60,0,842580
BANKNIFTY-II.NFO,20/01/2025,09:44:23,49281.7,49284.15,30,49297.85,90,0,842580
BANKNIFTY-II.NFO,20/01/2025,09:44:25,49281.7,49283.9,60,49297.85,60,0,842580
BANKNIFTY-II.NFO,20/01/2025,09:44:26,49281.7,49284.5,30,49296.6,60,0,842580
BANKNIFTY-II.NFO,20/01/2025,09:44:28,49281.7,49287.35,30,49300.4,60,0,842580
BANKNIFTY-II.NFO,20/01/2025,09:44:30,49281.7,49289.15,30,49304.05,60,0,842580
BANKNIFTY-II.NFO,20/01/2025,09:44:31,49281.7,49295.5,30,49308.6,60,0,842580
BANKNIFTY-II.NFO,20/01/2025,09:44:33,49281.7,49295.7,30,49310.65,60,0,842580
BANKNIFTY-II.NFO,20/01/2025,09:44:35,49281.7,49297.25,60,49312.3,90,0,842580
BANKNIFTY-II.NFO,20/01/2025,09:44:36,49281.7,49303.5,30,49318.85,120,0,842580
BANKNIFTY-II.NFO,20/01/2025,09:44:38,49281.7,49311.1,30,49320,60,0,842580
BANKNIFTY-II.NFO,20/01/2025,09:44:40,49281.7,49319.6,30,49320,60,0,842580
BANKNIFTY-II.NFO,20/01/2025,09:44:41,49320,49328.05,30,49343.8,60,60,842580
BANKNIFTY-II.NFO,20/01/2025,09:44:43,49320,49327.65,30,49342.4,60,0,842580
BANKNIFTY-II.NFO,20/01/2025,09:44:45,49320,49323.4,30,49337.3,60,0,842580
BANKNIFTY-II.NFO,20/01/2025,09:44:46,49320,49325.7,30,49340.3,60,0,842580
BANKNIFTY-II.NFO,20/01/2025,09:44:48,49325.8,49326.25,270,49339.15,60,30,842580
BANKNIFTY-II.NFO,20/01/2025,09:44:50,49326.9,49325.55,240,49339.35,60,30,842580
BANKNIFTY-II.NFO,20/01/2025,09:44:51,49326.9,49325.7,30,49339.95,60,0,842580
BANKNIFTY-II.NFO,20/01/2025,09:44:53,49326.9,49326.45,150,49341.6,150,0,842580
BANKNIFTY-II.NFO,20/01/2025,09:44:55,49326.9,49325.1,90,49339.5,60,0,842580
BANKNIFTY-II.NFO,20/01/2025,09:44:56,49326.9,49322.45,240,49336.65,120,0,842580
BANKNIFTY-II.NFO,20/01/2025,09:44:58,49326.9,49320,30,49333.8,60,0,842580
BANKNIFTY-II.NFO,20/01/2025,09:45:00,49326.9,49327.1,60,49343.85,60,0,842580
BANKNIFTY-II.NFO,20/01/2025,09:45:01,49326.9,49335.15,150,49350,30,0,842580
BANKNIFTY-II.NFO,20/01/2025,09:45:03,49326.9,49332.55,30,49346.8,60,0,842580
BANKNIFTY-II.NFO,20/01/2025,09:45:05,49326.9,49329.45,240,49344.05,120,0,842580
BANKNIFTY-II.NFO,20/01/2025,09:45:06,49326.9,49332.1,180,49346.85,150,0,842580
BANKNIFTY-II.NFO,20/01/2025,09:45:08,49326.9,49341.1,270,49350,30,0,842580
BANKNIFTY-II.NFO,20/01/2025,09:45:09,49326.9,49348.45,150,49350,30,0,842580
BANKNIFTY-II.NFO,20/01/2025,09:45:11,49354,49347.4,240,49356,30,60,842580
BANKNIFTY-II.NFO,20/01/2025,09:45:13,49354,49344.65,150,49356,30,0,842580
BANKNIFTY-II.NFO,20/01/2025,09:45:14,49354,49341.15,240,49354.7,120,0,842580
BANKNIFTY-II.NFO,20/01/2025,09:45:16,49354,49335.7,60,49350.3,120,0,842580
BANKNIFTY-II.NFO,20/01/2025,09:45:18,49354,49341.85,150,49355.7,60,0,842580
BANKNIFTY-II.NFO,20/01/2025,09:45:19,49354,49339.7,30,49353.55,120,0,842580
BANKNIFTY-II.NFO,20/01/2025,09:45:21,49354,49339.35,60,49353.95,60,0,842580
BANKNIFTY-II.NFO,20/01/2025,09:45:23,49354,49349.5,240,49356,30,30,842580
BANKNIFTY-II.NFO,20/01/2025,09:45:24,49375,49375.4,90,49379,30,720,842580
BANKNIFTY-II.NFO,20/01/2025,09:45:24,49375,49375.4,90,49379,30,0,842580
BANKNIFTY-II.NFO,20/01/2025,09:45:26,49389,49362.8,150,49378.9,120,210,842580
BANKNIFTY-II.NFO,20/01/2025,09:45:26,49389,49362.8,150,49378.9,120,0,842580
BANKNIFTY-II.NFO,20/01/2025,09:45:28,49383.2,49372.05,30,49389.55,120,30,842580
BANKNIFTY-II.NFO,20/01/2025,09:45:29,49383.2,49371.35,30,49375.85,30,0,842580
BANKNIFTY-II.NFO,20/01/2025,09:45:31,49383.55,49371.75,150,49384.4,120,60,842580
BANKNIFTY-II.NFO,20/01/2025,09:45:33,49371.05,49361.95,240,49375.05,120,30,842580
BANKNIFTY-II.NFO,20/01/2025,09:45:34,49357.25,49360.35,60,49376.45,60,30,842580
BANKNIFTY-II.NFO,20/01/2025,09:45:36,49357.25,49364.4,180,49379.2,60,0,842580
BANKNIFTY-II.NFO,20/01/2025,09:45:37,49357.25,49367.55,240,49381.55,210,0,842580
BANKNIFTY-II.NFO,20/01/2025,09:45:39,49357.25,49371.6,240,49383.55,30,0,842580
BANKNIFTY-II.NFO,20/01/2025,09:45:41,49383.55,49367.95,240,49380,30,30,842580
BANKNIFTY-II.NFO,20/01/2025,09:45:42,49383.55,49367,60,49380,30,0,842580
BANKNIFTY-II.NFO,20/01/2025,09:45:44,49383.55,49360.75,240,49376.35,120,0,842580
BANKNIFTY-II.NFO,20/01/2025,09:45:46,49375.3,49372.35,30,49380,30,30,842580
BANKNIFTY-II.NFO,20/01/2025,09:45:47,49375.3,49360.1,30,49372.85,30,0,842580
BANKNIFTY-II.NFO,20/01/2025,09:45:49,49373.55,49362,60,49375,30,30,842580
BANKNIFTY-II.NFO,20/01/2025,09:45:51,49373.55,49359.55,30,49373.2,60,0,842580
BANKNIFTY-II.NFO,20/01/2025,09:45:52,49370,49350.9,60,49364.6,60,30,842880
BANKNIFTY-II.NFO,20/01/2025,09:45:54,49370,49350.1,60,49365.7,120,0,842880
BANKNIFTY-II.NFO,20/01/2025,09:45:55,49370,49354.6,60,49367.3,60,0,842880
BANKNIFTY-II.NFO,20/01/2025,09:45:57,49370,49355.2,60,49373.85,120,0,842880
BANKNIFTY-II.NFO,20/01/2025,09:45:59,49370,49359.05,60,49365,30,0,842880
BANKNIFTY-II.NFO,20/01/2025,09:46:00,49370,49360.35,60,49365,30,0,842880
BANKNIFTY-II.NFO,20/01/2025,09:46:02,49360.35,49357.95,30,49369.65,60,30,842880
BANKNIFTY-II.NFO,20/01/2025,09:46:04,49360.35,49357.5,30,49369.7,60,0,842880
BANKNIFTY-II.NFO,20/01/2025,09:46:05,49360.35,49352.2,30,49364.85,60,0,842880
BANKNIFTY-II.NFO,20/01/2025,09:46:07,49360.35,49350,30,49360.65,120,0,842880
BANKNIFTY-II.NFO,20/01/2025,09:46:09,49350.25,49351,240,49365.25,60,30,842880
BANKNIFTY-II.NFO,20/01/2025,09:46:10,49350.25,49351.3,150,49369,150,0,842880
BANKNIFTY-II.NFO,20/01/2025,09:46:12,49350.25,49352.45,240,49368.05,120,0,842880
BANKNIFTY-II.NFO,20/01/2025,09:46:14,49350.25,49358,60,49373.25,120,0,842880
BANKNIFTY-II.NFO,20/01/2025,09:46:15,49350.25,49358.8,150,49375.2,120,0,842880
BANKNIFTY-II.NFO,20/01/2025,09:46:17,49361.1,49362.25,120,49375.7,60,30,842880
BANKNIFTY-II.NFO,20/01/2025,09:46:18,49361.1,49370.25,150,49380,60,0,842880
BANKNIFTY-II.NFO,20/01/2025,09:46:20,49361.1,49360.45,240,49374.65,60,0,842880
BANKNIFTY-II.NFO,20/01/2025,09:46:22,49361.1,49358.05,30,49371.05,120,0,842880
BANKNIFTY-II.NFO,20/01/2025,09:46:23,49361.1,49350,30,49361.75,120,0,842880
BANKNIFTY-II.NFO,20/01/2025,09:46:25,49350.25,49344.05,30,49359.1,120,90,842880
BANKNIFTY-II.NFO,20/01/2025,09:46:27,49350.25,49344.35,60,49359.7,150,0,842880
BANKNIFTY-II.NFO,20/01/2025,09:46:28,49350.25,49354.25,180,49369.4,60,0,842880
BANKNIFTY-II.NFO,20/01/2025,09:46:30,49350.25,49360.15,120,49374.55,60,0,842880
BANKNIFTY-II.NFO,20/01/2025,09:46:32,49350.25,49361.1,30,49374.2,120,0,842880
BANKNIFTY-II.NFO,20/01/2025,09:46:33,49359.7,49345.55,150,49360.1,60,60,842880
BANKNIFTY-II.NFO,20/01/2025,09:46:35,49359.7,49351,30,49364.4,120,0,842880
BANKNIFTY-II.NFO,20/01/2025,09:46:37,49351,49341.85,60,49357.75,120,30,842880
BANKNIFTY-II.NFO,20/01/2025,09:46:38,49360.1,49345.95,240,49361.85,150,30,842880
BANKNIFTY-II.NFO,20/01/2025,09:46:40,49360.1,49346.5,240,49360.7,150,0,842880
BANKNIFTY-II.NFO,20/01/2025,09:46:42,49360.1,49347.65,240,49360.65,60,0,842880
BANKNIFTY-II.NFO,20/01/2025,09:46:43,49346.7,49346.6,210,49360.2,60,30,842880
BANKNIFTY-II.NFO,20/01/2025,09:46:45,49346.7,49343.05,60,49360.85,120,0,842880
BANKNIFTY-II.NFO,20/01/2025,09:46:47,49363.95,49347.2,30,49361.2,150,30,842880
BANKNIFTY-II.NFO,20/01/2025,09:46:48,49363.95,49347.8,30,49362.15,120,0,842880
BANKNIFTY-II.NFO,20/01/2025,09:46:50,49363.95,49347.85,30,49360.8,60,0,842880
BANKNIFTY-II.NFO,20/01/2025,09:46:53,49350.15,49351.3,120,49363.95,270,30,842880
BANKNIFTY-II.NFO,20/01/2025,09:46:55,49350.15,49345.3,120,49359.8,120,0,842880
BANKNIFTY-II.NFO,20/01/2025,09:46:56,49350.15,49345.45,210,49361.5,120,0,842880
BANKNIFTY-II.NFO,20/01/2025,09:46:58,49350.15,49344.1,210,49357.8,150,30,842880
BANKNIFTY-II.NFO,20/01/2025,09:47:00,49350,49337.85,210,49352.75,120,30,842880
BANKNIFTY-II.NFO,20/01/2025,09:47:01,49350,49341.3,210,49355.75,120,0,842880
BANKNIFTY-II.NFO,20/01/2025,09:47:03,49350,49339.6,60,49355.35,120,0,842880
BANKNIFTY-II.NFO,20/01/2025,09:47:05,49333.05,49328.4,60,49344.95,120,60,842880
BANKNIFTY-II.NFO,20/01/2025,09:47:06,49333.05,49328.05,210,49343.4,150,0,842880
BANKNIFTY-II.NFO,20/01/2025,09:47:08,49340.6,49325.1,30,49339.8,120,210,842880
BANKNIFTY-II.NFO,20/01/2025,09:47:10,49321,49321.25,150,49335.5,150,180,842880
BANKNIFTY-II.NFO,20/01/2025,09:47:11,49313.75,49313.3,210,49326.6,150,90,842880
BANKNIFTY-II.NFO,20/01/2025,09:47:13,49306.6,49298.15,60,49314.05,120,450,842880
BANKNIFTY-II.NFO,20/01/2025,09:47:14,49306.6,49298.15,180,49312.95,120,0,842880
BANKNIFTY-II.NFO,20/01/2025,09:47:16,49306.6,49292.35,30,49306.6,30,0,842880
BANKNIFTY-II.NFO,20/01/2025,09:47:18,49306.6,49294.5,30,49306.6,30,0,842880
BANKNIFTY-II.NFO,20/01/2025,09:47:19,49306.6,49290.75,150,49304.05,60,0,842880
BANKNIFTY-II.NFO,20/01/2025,09:47:21,49306.6,49285.85,30,49299.8,60,0,842880
BANKNIFTY-II.NFO,20/01/2025,09:47:23,49306.6,49292.55,30,49304.6,60,0,842880
BANKNIFTY-II.NFO,20/01/2025,09:47:24,49306.6,49292.05,30,49305.25,60,0,842880
BANKNIFTY-II.NFO,20/01/2025,09:47:26,49306.6,49297.5,30,49300,30,0,842880
BANKNIFTY-II.NFO,20/01/2025,09:47:28,49306.6,49296.9,30,49300,30,0,842880
BANKNIFTY-II.NFO,20/01/2025,09:47:29,49300.85,49297.15,150,49306.6,60,60,842880
BANKNIFTY-II.NFO,20/01/2025,09:47:31,49300.85,49298.95,30,49306.6,60,0,842880
BANKNIFTY-II.NFO,20/01/2025,09:47:33,49300.85,49298.05,60,49306.6,60,0,842880
BANKNIFTY-II.NFO,20/01/2025,09:47:34,49300.85,49294.55,30,49306.6,60,0,842880
BANKNIFTY-II.NFO,20/01/2025,09:47:36,49300.85,49294.95,30,49300,90,0,842880
BANKNIFTY-II.NFO,20/01/2025,09:47:38,49300.85,49297.25,30,49300,90,0,842880
BANKNIFTY-II.NFO,20/01/2025,09:47:39,49300,49302.45,30,49306.6,30,90,842880
BANKNIFTY-II.NFO,20/01/2025,09:47:41,49306.6,49304.15,60,49318,60,30,842880
BANKNIFTY-II.NFO,20/01/2025,09:47:42,49306.6,49306.15,30,49320.95,60,0,842880
BANKNIFTY-II.NFO,20/01/2025,09:47:44,49306.6,49310.35,210,49324.25,60,0,842880
BANKNIFTY-II.NFO,20/01/2025,09:47:46,49312.6,49313.95,150,49328.7,90,30,842880
BANKNIFTY-II.NFO,20/01/2025,09:47:47,49314.95,49310.05,30,49325.95,210,540,842880
BANKNIFTY-II.NFO,20/01/2025,09:47:49,49314.95,49319.9,150,49333.95,90,0,842880
BANKNIFTY-II.NFO,20/01/2025,09:47:51,49314.95,49323.15,60,49338.95,150,0,842880
BANKNIFTY-II.NFO,20/01/2025,09:47:52,49314.95,49328.65,150,49344.1,150,0,842880
BANKNIFTY-II.NFO,20/01/2025,09:47:54,49314.95,49326.9,120,49341.7,150,0,842880
BANKNIFTY-II.NFO,20/01/2025,09:47:55,49314.95,49320.75,90,49334.45,30,0,842880
BANKNIFTY-II.NFO,20/01/2025,09:47:57,49314.95,49320.6,60,49334.5,60,0,842880
BANKNIFTY-II.NFO,20/01/2025,09:47:59,49314.95,49317.95,60,49331.5,90,0,842880
BANKNIFTY-II.NFO,20/01/2025,09:48:00,49314.95,49317.65,150,49331.5,90,0,842880
BANKNIFTY-II.NFO,20/01/2025,09:48:02,49314.95,49322.3,150,49324.95,30,0,842880
BANKNIFTY-II.NFO,20/01/2025,09:48:04,49324.95,49322.1,120,49336.05,60,30,842880
BANKNIFTY-II.NFO,20/01/2025,09:48:05,49324.95,49322.95,150,49337.95,120,0,842880
BANKNIFTY-II.NFO,20/01/2025,09:48:07,49324.95,49324.6,150,49338.55,30,0,842880
BANKNIFTY-II.NFO,20/01/2025,09:48:09,49324.95,49329.1,120,49343.65,150,0,842880
BANKNIFTY-II.NFO,20/01/2025,09:48:10,49324.95,49329.2,150,49342.55,60,0,842880
BANKNIFTY-II.NFO,20/01/2025,09:48:12,49324.95,49332.55,150,49346.85,150,0,842880
BANKNIFTY-II.NFO,20/01/2025,09:48:14,49324.95,49336.85,60,49349.5,60,0,842880
BANKNIFTY-II.NFO,20/01/2025,09:48:15,49324.95,49339.05,30,49350,120,0,842880
BANKNIFTY-II.NFO,20/01/2025,09:48:17,49345.05,49348.75,150,49350,120,30,842880
BANKNIFTY-II.NFO,20/01/2025,09:48:19,49350,49351.25,30,49360,30,120,842880
BANKNIFTY-II.NFO,20/01/2025,09:48:20,49350,49352.5,60,49360,30,0,842880
BANKNIFTY-II.NFO,20/01/2025,09:48:22,49353.2,49343.8,30,49357.05,60,30,842880
BANKNIFTY-II.NFO,20/01/2025,09:48:24,49353.2,49345.05,150,49359.7,150,0,842880
BANKNIFTY-II.NFO,20/01/2025,09:48:25,49341.5,49333.35,180,49346.05,60,30,842880
BANKNIFTY-II.NFO,20/01/2025,09:48:27,49341.5,49331.9,60,49345.35,120,0,842880
BANKNIFTY-II.NFO,20/01/2025,09:48:29,49341.5,49333.15,60,49347.95,150,0,842880
BANKNIFTY-II.NFO,20/01/2025,09:48:30,49341.5,49322.7,30,49337.1,180,0,842880
BANKNIFTY-II.NFO,20/01/2025,09:48:32,49341.5,49329.5,120,49344.4,150,0,842880
BANKNIFTY-II.NFO,20/01/2025,09:48:34,49345.2,49332.85,30,49346.2,60,90,842880
BANKNIFTY-II.NFO,20/01/2025,09:48:35,49345.2,49330.1,30,49342.05,60,0,842880
BANKNIFTY-II.NFO,20/01/2025,09:48:37,49345.2,49336.25,30,49348.45,60,0,842880
BANKNIFTY-II.NFO,20/01/2025,09:48:39,49345.2,49335.8,30,49347.75,60,0,842880
BANKNIFTY-II.NFO,20/01/2025,09:48:40,49345.2,49328.2,30,49340.4,60,0,842880
BANKNIFTY-II.NFO,20/01/2025,09:48:42,49345.2,49336.85,30,49349.65,90,0,842880
BANKNIFTY-II.NFO,20/01/2025,09:48:44,49345.2,49337.1,30,49349.55,60,0,842880
BANKNIFTY-II.NFO,20/01/2025,09:48:45,49345.2,49341,30,49350,30,0,842880
BANKNIFTY-II.NFO,20/01/2025,09:48:47,49345.2,49343.3,30,49350,30,0,842880
BANKNIFTY-II.NFO,20/01/2025,09:48:49,49342.9,49341.5,30,49350,30,60,842880
BANKNIFTY-II.NFO,20/01/2025,09:48:50,49342.9,49339.2,60,49350,30,0,842880
BANKNIFTY-II.NFO,20/01/2025,09:48:52,49342.55,49336.95,60,49351.25,150,30,842880
BANKNIFTY-II.NFO,20/01/2025,09:48:54,49351.25,49338.55,60,49353.35,150,30,843720
BANKNIFTY-II.NFO,20/01/2025,09:48:55,49348,49332.3,30,49345.1,60,30,843720
BANKNIFTY-II.NFO,20/01/2025,09:48:57,49348,49326.4,30,49340.35,150,0,843720
BANKNIFTY-II.NFO,20/01/2025,09:48:59,49348,49326.75,30,49340.7,60,0,843720
BANKNIFTY-II.NFO,20/01/2025,09:49:00,49348,49337.1,30,49351.6,150,0,843720
BANKNIFTY-II.NFO,20/01/2025,09:49:02,49348,49342.2,30,49354.55,60,0,843720
BANKNIFTY-II.NFO,20/01/2025,09:49:04,49348,49342.95,30,49357.15,150,0,843720
BANKNIFTY-II.NFO,20/01/2025,09:49:05,49348,49339.9,30,49352.95,60,0,843720
BANKNIFTY-II.NFO,20/01/2025,09:49:07,49348,49343,30,49357.05,90,0,843720
BANKNIFTY-II.NFO,20/01/2025,09:49:09,49341.95,49341.9,60,49354.9,60,30,843720
BANKNIFTY-II.NFO,20/01/2025,09:49:10,49341.95,49341.6,150,49356.35,60,0,843720
BANKNIFTY-II.NFO,20/01/2025,09:49:12,49341.95,49343.95,150,49357.55,60,0,843720
BANKNIFTY-II.NFO,20/01/2025,09:49:14,49341.95,49338.05,30,49350.95,90,0,843720
BANKNIFTY-II.NFO,20/01/2025,09:49:15,49341.95,49339.5,120,49352.65,60,0,843720
BANKNIFTY-II.NFO,20/01/2025,09:49:17,49341.95,49338.75,150,49354.3,150,0,843720
BANKNIFTY-II.NFO,20/01/2025,09:49:19,49341.95,49336.5,120,49350.55,120,0,843720
BANKNIFTY-II.NFO,20/01/2025,09:49:20,49341.95,49337.9,60,49352.7,120,0,843720
BANKNIFTY-II.NFO,20/01/2025,09:49:22,49341.95,49334.5,420,49352.05,120,0,843720
BANKNIFTY-II.NFO,20/01/2025,09:49:24,49341.95,49337.85,60,49350.9,60,0,843720
BANKNIFTY-II.NFO,20/01/2025,09:49:25,49341.95,49335.1,120,49347.7,60,0,843720
BANKNIFTY-II.NFO,20/01/2025,09:49:27,49341.95,49335.2,150,49348.95,60,0,843720
BANKNIFTY-II.NFO,20/01/2025,09:49:29,49341.95,49330.25,150,49344.15,120,0,843720
BANKNIFTY-II.NFO,20/01/2025,09:49:30,49341.95,49336.45,120,49349.8,60,0,843720
BANKNIFTY-II.NFO,20/01/2025,09:49:32,49341.95,49345.7,30,49354.8,120,0,843720
BANKNIFTY-II.NFO,20/01/2025,09:49:34,49345.7,49324.4,60,49330.25,30,30,843720
BANKNIFTY-II.NFO,20/01/2025,09:49:35,49330.25,49328.3,120,49342.1,60,30,843720
BANKNIFTY-II.NFO,20/01/2025,09:49:37,49332.5,49333.2,120,49346.6,120,30,843720
BANKNIFTY-II.NFO,20/01/2025,09:49:39,49332.5,49334.35,210,49347.8,60,0,843720
BANKNIFTY-II.NFO,20/01/2025,09:49:41,49332.5,49333.8,60,49347.3,150,0,843720
BANKNIFTY-II.NFO,20/01/2025,09:49:42,49332.5,49334.65,120,49347.2,60,0,843720
BANKNIFTY-II.NFO,20/01/2025,09:49:44,49332.5,49329.45,120,49344.2,120,0,843720
BANKNIFTY-II.NFO,20/01/2025,09:49:46,49330.45,49333.9,30,49345.7,60,60,843720
BANKNIFTY-II.NFO,20/01/2025,09:49:47,49330.45,49333.9,30,49345.35,60,0,843720
BANKNIFTY-II.NFO,20/01/2025,09:49:49,49330.45,49332.75,30,49345.85,60,0,843720
BANKNIFTY-II.NFO,20/01/2025,09:49:51,49330.45,49333.1,60,49345.8,60,0,843720
BANKNIFTY-II.NFO,20/01/2025,09:49:52,49330.45,49334.65,30,49346.9,60,0,843720
BANKNIFTY-II.NFO,20/01/2025,09:49:55,49330.45,49332.9,60,49345.55,90,0,843720
