Ticker,Date,Time,LTP,BuyPrice,BuyQty,SellPrice,SellQty,LTQ,OpenInterest
NIFTY-II.NFO,20/01/2025,09:15:01,23457.8,23464.1,300,23470,150,750,3522600
NIFTY-II.NFO,20/01/2025,09:15:01,23469.9,23464.1,300,23470,150,0,3522600
NIFTY-II.NFO,20/01/2025,09:15:01,23469.9,23464.1,300,23470,150,0,3522600
NIFTY-II.NFO,20/01/2025,09:15:01,23448.7,23464.1,300,23470,150,0,3522600
NIFTY-II.NFO,20/01/2025,09:15:03,23467.4,23468.8,150,23473.6,150,975,3522600
NIFTY-II.NFO,20/01/2025,09:15:03,23470.5,23468.8,150,23473.6,150,0,3522600
NIFTY-II.NFO,20/01/2025,09:15:04,23468.35,23468.25,150,23473.5,300,225,3522600
NIFTY-II.NFO,20/01/2025,09:15:06,23466.4,23461.6,150,23473.5,300,450,3522600
NIFTY-II.NFO,20/01/2025,09:15:06,23473.5,23461.6,150,23473.5,300,0,3522600
NIFTY-II.NFO,20/01/2025,09:15:07,23450.25,23438.3,150,23454.15,300,750,3522600
NIFTY-II.NFO,20/01/2025,09:15:09,23447.5,23435.95,75,23446,300,525,3522600
NIFTY-II.NFO,20/01/2025,09:15:09,23433.35,23435.95,75,23446,300,0,3522600
NIFTY-II.NFO,20/01/2025,09:15:11,23447.5,23440.05,150,23444.35,150,0,3522600
NIFTY-II.NFO,20/01/2025,09:15:12,23440.8,23441.75,375,23452.4,300,450,3522600
NIFTY-II.NFO,20/01/2025,09:15:14,23435.7,23437.9,525,23451.45,300,300,3522600
NIFTY-II.NFO,20/01/2025,09:15:16,23441.9,23439.25,900,23449.5,300,150,3522600
NIFTY-II.NFO,20/01/2025,09:15:17,23441.3,23438.85,150,23444.4,300,150,3522600
NIFTY-II.NFO,20/01/2025,09:15:19,23432.15,23435.75,150,23442.15,300,75,3522600
NIFTY-II.NFO,20/01/2025,09:15:19,23432.15,23435.75,150,23442.15,300,0,3522600
NIFTY-II.NFO,20/01/2025,09:15:21,23445,23444.2,150,23450,75,150,3522600
NIFTY-II.NFO,20/01/2025,09:15:22,23441.3,23438.75,150,23444.3,300,75,3522600
NIFTY-II.NFO,20/01/2025,09:15:24,23443.55,23439.85,150,23443.55,75,75,3522600
NIFTY-II.NFO,20/01/2025,09:15:26,23443.55,23440,75,23444.35,150,0,3522600
NIFTY-II.NFO,20/01/2025,09:15:27,23443.55,23441.3,75,23444.35,150,0,3522600
NIFTY-II.NFO,20/01/2025,09:15:29,23443.3,23443.3,150,23447.95,150,225,3522600
NIFTY-II.NFO,20/01/2025,09:15:31,23443.3,23442.65,975,23448.7,225,0,3522600
NIFTY-II.NFO,20/01/2025,09:15:32,23443.3,23443.55,375,23448.65,300,0,3522600
NIFTY-II.NFO,20/01/2025,09:15:34,23443.55,23443.55,300,23449,75,300,3522600
NIFTY-II.NFO,20/01/2025,09:15:36,23443.55,23441.3,75,23445,75,300,3522600
NIFTY-II.NFO,20/01/2025,09:15:37,23443.55,23441.3,75,23445,75,0,3522600
NIFTY-II.NFO,20/01/2025,09:15:39,23445.35,23441.3,75,23444.05,75,150,3522600
NIFTY-II.NFO,20/01/2025,09:15:40,23441.4,23434.7,450,23441.6,150,225,3522600
NIFTY-II.NFO,20/01/2025,09:15:42,23440,23433.05,450,23440.35,150,225,3522600
NIFTY-II.NFO,20/01/2025,09:15:44,23433.35,23434.75,450,23440.3,150,1050,3523650
NIFTY-II.NFO,20/01/2025,09:15:45,23440.25,23435.1,450,23440.85,150,75,3523650
NIFTY-II.NFO,20/01/2025,09:15:47,23440.25,23430,225,23438.8,150,0,3523650
NIFTY-II.NFO,20/01/2025,09:15:49,23436.1,23430,225,23436.05,150,75,3523650
NIFTY-II.NFO,20/01/2025,09:15:50,23436.1,23431.5,450,23438.8,150,0,3523650
NIFTY-II.NFO,20/01/2025,09:15:52,23436.1,23433.7,375,23438.8,150,0,3523650
NIFTY-II.NFO,20/01/2025,09:15:54,23439.85,23433.55,150,23439.85,75,450,3523650
NIFTY-II.NFO,20/01/2025,09:15:55,23439.85,23432.05,225,23438.9,150,75,3523650
NIFTY-II.NFO,20/01/2025,09:15:57,23433.1,23432.2,375,23439.7,300,75,3523650
NIFTY-II.NFO,20/01/2025,09:15:59,23433.1,23432.8,150,23438,150,0,3523650
NIFTY-II.NFO,20/01/2025,09:16:00,23438,23436,375,23440,750,225,3523650
NIFTY-II.NFO,20/01/2025,09:16:02,23438,23437.9,375,23440,750,0,3523650
NIFTY-II.NFO,20/01/2025,09:16:04,23436.05,23433.1,75,23438,300,75,3523650
NIFTY-II.NFO,20/01/2025,09:16:05,23438.3,23433.1,75,23438.3,75,75,3523650
NIFTY-II.NFO,20/01/2025,09:16:07,23435.85,23435.2,75,23435.85,150,75,3523650
NIFTY-II.NFO,20/01/2025,09:16:09,23435.85,23435.25,75,23440,750,150,3523650
NIFTY-II.NFO,20/01/2025,09:16:10,23435.25,23435.2,75,23440,750,75,3523650
NIFTY-II.NFO,20/01/2025,09:16:12,23434.4,23433.1,75,23439.25,450,375,3523650
NIFTY-II.NFO,20/01/2025,09:16:13,23434.4,23433.15,75,23437.3,300,0,3523650
NIFTY-II.NFO,20/01/2025,09:16:15,23434.4,23433.15,75,23438.7,450,0,3523650
NIFTY-II.NFO,20/01/2025,09:16:17,23433.15,23433.1,75,23439.85,300,75,3523650
NIFTY-II.NFO,20/01/2025,09:16:18,23439.6,23433.1,75,23438.95,300,75,3523650
NIFTY-II.NFO,20/01/2025,09:16:20,23438.95,23433.15,150,23439.55,300,75,3523650
NIFTY-II.NFO,20/01/2025,09:16:22,23432.05,23431.2,600,23437.95,75,150,3523650
NIFTY-II.NFO,20/01/2025,09:16:22,23432.05,23431.2,600,23437.95,75,0,3523650
NIFTY-II.NFO,20/01/2025,09:16:24,23432.05,23430.55,75,23436.85,375,0,3523650
NIFTY-II.NFO,20/01/2025,09:16:25,23436.85,23430.05,75,23436.35,300,75,3523650
NIFTY-II.NFO,20/01/2025,09:16:27,23436.85,23430.1,300,23436.95,300,0,3523650
NIFTY-II.NFO,20/01/2025,09:16:29,23436.95,23430.65,300,23437.85,225,225,3523650
NIFTY-II.NFO,20/01/2025,09:16:30,23436.95,23430.7,375,23437.6,225,0,3523650
NIFTY-II.NFO,20/01/2025,09:16:32,23437.9,23433.05,450,23438,450,75,3523650
NIFTY-II.NFO,20/01/2025,09:16:33,23437.9,23431.25,75,23434,450,0,3523650
NIFTY-II.NFO,20/01/2025,09:16:35,23437.9,23430.15,75,23434,450,0,3523650
NIFTY-II.NFO,20/01/2025,09:16:38,23434,23430.15,75,23434,375,75,3523650
NIFTY-II.NFO,20/01/2025,09:16:40,23434,23430.15,75,23434,150,225,3523650
NIFTY-II.NFO,20/01/2025,09:16:42,23434,23430.15,75,23434,150,0,3523650
NIFTY-II.NFO,20/01/2025,09:16:43,23434,23430.2,300,23432.85,75,0,3523650
NIFTY-II.NFO,20/01/2025,09:16:45,23432.85,23430.15,75,23434,150,75,3523650
NIFTY-II.NFO,20/01/2025,09:16:47,23432.85,23430.15,75,23434,150,0,3523650
NIFTY-II.NFO,20/01/2025,09:16:48,23432.85,23430.15,150,23434,150,0,3523650
NIFTY-II.NFO,20/01/2025,09:16:50,23435,23430.15,75,23434.95,150,300,3523650
NIFTY-II.NFO,20/01/2025,09:16:50,23430.2,23430.15,75,23434.95,150,0,3523650
NIFTY-II.NFO,20/01/2025,09:16:51,23430.15,23430.1,75,23435.6,300,75,3523650
NIFTY-II.NFO,20/01/2025,09:16:51,23430.15,23430.1,75,23435.6,300,0,3523650
NIFTY-II.NFO,20/01/2025,09:16:53,23430.15,23430.15,300,23435,75,0,3523650
NIFTY-II.NFO,20/01/2025,09:16:56,23430.05,23432,75,23436.35,300,825,3523650
NIFTY-II.NFO,20/01/2025,09:16:56,23430.05,23432,75,23436.35,300,0,3523650
NIFTY-II.NFO,20/01/2025,09:16:58,23430.05,23432,75,23437.45,300,0,3523650
NIFTY-II.NFO,20/01/2025,09:16:59,23430.05,23432,75,23437.35,450,0,3523650
NIFTY-II.NFO,20/01/2025,09:17:01,23430.05,23432,75,23436.8,375,0,3523650
NIFTY-II.NFO,20/01/2025,09:17:02,23435,23427.1,375,23435,375,375,3523650
NIFTY-II.NFO,20/01/2025,09:17:02,23427.75,23427.1,375,23435,375,0,3523650
NIFTY-II.NFO,20/01/2025,09:17:04,23435,23430.4,300,23438.35,375,0,3523650
NIFTY-II.NFO,20/01/2025,09:17:06,23435,23431.9,150,23439.15,300,75,3523650
NIFTY-II.NFO,20/01/2025,09:17:07,23439.2,23435,75,23439.2,375,75,3523650
NIFTY-II.NFO,20/01/2025,09:17:09,23439.2,23435.05,150,23439.2,375,0,3523650
NIFTY-II.NFO,20/01/2025,09:17:10,23439.2,23435,150,23438.2,300,0,3523650
NIFTY-II.NFO,20/01/2025,09:17:12,23439.2,23435,150,23439.2,375,0,3523650
NIFTY-II.NFO,20/01/2025,09:17:14,23439.15,23435,150,23439.15,300,75,3523650
NIFTY-II.NFO,20/01/2025,09:17:15,23435,23430,75,23435.55,300,150,3523650
NIFTY-II.NFO,20/01/2025,09:17:17,23435,23430,75,23436.1,300,0,3523650
NIFTY-II.NFO,20/01/2025,09:17:19,23430.55,23430.9,150,23437.85,300,75,3523650
NIFTY-II.NFO,20/01/2025,09:17:20,23430.55,23430.45,150,23438.25,450,0,3523650
NIFTY-II.NFO,20/01/2025,09:17:22,23438.25,23430.15,300,23436.1,300,150,3523650
NIFTY-II.NFO,20/01/2025,09:17:24,23436.1,23430.15,300,23437.35,375,75,3523650
NIFTY-II.NFO,20/01/2025,09:17:25,23436.1,23430.5,300,23438.05,225,0,3523650
NIFTY-II.NFO,20/01/2025,09:17:27,23436.1,23430.2,300,23437.4,225,0,3523650
NIFTY-II.NFO,20/01/2025,09:17:28,23436.1,23430.15,300,23436.3,225,0,3523650
NIFTY-II.NFO,20/01/2025,09:17:30,23436.1,23430.15,300,23436.9,300,0,3523650
NIFTY-II.NFO,20/01/2025,09:17:32,23436.1,23430.15,300,23435.15,225,0,3523650
NIFTY-II.NFO,20/01/2025,09:17:33,23436.1,23430.15,300,23436.1,450,0,3523650
NIFTY-II.NFO,20/01/2025,09:17:35,23436.1,23430.15,300,23436.05,225,0,3523650
NIFTY-II.NFO,20/01/2025,09:17:37,23436.1,23430.15,300,23436.05,450,0,3523650
NIFTY-II.NFO,20/01/2025,09:17:38,23436.1,23430.15,300,23435.75,300,0,3523650
NIFTY-II.NFO,20/01/2025,09:17:40,23430.15,23430.15,225,23435.35,300,75,3523650
NIFTY-II.NFO,20/01/2025,09:17:41,23430.15,23430.15,225,23436.05,300,0,3523650
NIFTY-II.NFO,20/01/2025,09:17:43,23435.75,23430.15,225,23433.45,300,75,3523650
NIFTY-II.NFO,20/01/2025,09:17:45,23430.15,23430,75,23434.8,450,225,3523650
NIFTY-II.NFO,20/01/2025,09:17:46,23430.15,23430.15,75,23435.3,450,0,3523650
NIFTY-II.NFO,20/01/2025,09:17:48,23433.4,23430.15,75,23433.65,375,75,3523650
NIFTY-II.NFO,20/01/2025,09:17:50,23435.5,23430.15,75,23436.05,150,75,3523650
NIFTY-II.NFO,20/01/2025,09:17:51,23435.5,23430.15,75,23435.35,75,0,3523650
NIFTY-II.NFO,20/01/2025,09:17:53,23435.5,23430.15,75,23434.15,150,0,3523650
NIFTY-II.NFO,20/01/2025,09:17:55,23434.65,23430.15,75,23434.85,150,375,3523650
NIFTY-II.NFO,20/01/2025,09:17:56,23432.25,23430,225,23432.55,300,150,3523650
NIFTY-II.NFO,20/01/2025,09:17:58,23432.25,23430,225,23431.85,300,0,3523650
NIFTY-II.NFO,20/01/2025,09:18:00,23432.25,23430,225,23433.65,75,0,3523650
NIFTY-II.NFO,20/01/2025,09:18:01,23432.25,23430,225,23432.8,75,0,3523650
NIFTY-II.NFO,20/01/2025,09:18:03,23432.25,23430,225,23432.9,75,0,3523650
NIFTY-II.NFO,20/01/2025,09:18:05,23432.25,23430,225,23433.5,75,0,3523650
NIFTY-II.NFO,20/01/2025,09:18:06,23430,23426.3,225,23430.1,75,300,3523650
NIFTY-II.NFO,20/01/2025,09:18:08,23430.1,23426.75,300,23430.15,75,75,3523650
NIFTY-II.NFO,20/01/2025,09:18:10,23430.15,23430.55,75,23433.05,300,75,3523650
NIFTY-II.NFO,20/01/2025,09:18:11,23432,23430,75,23432,75,75,3523650
NIFTY-II.NFO,20/01/2025,09:18:13,23432,23430.1,75,23432,75,0,3523650
NIFTY-II.NFO,20/01/2025,09:18:16,23432,23430.1,75,23433.1,300,75,3523650
NIFTY-II.NFO,20/01/2025,09:18:18,23432,23430.1,75,23432.15,300,0,3523650
NIFTY-II.NFO,20/01/2025,09:18:20,23432.15,23430.1,75,23431.7,225,75,3523650
NIFTY-II.NFO,20/01/2025,09:18:21,23432.15,23430.1,75,23432.2,300,0,3523650
NIFTY-II.NFO,20/01/2025,09:18:23,23430,23425,75,23428.6,75,300,3523650
NIFTY-II.NFO,20/01/2025,09:18:25,23428.7,23425,75,23430.45,150,75,3523650
NIFTY-II.NFO,20/01/2025,09:18:26,23431.9,23425.2,300,23432.15,75,75,3523650
NIFTY-II.NFO,20/01/2025,09:18:28,23431.9,23425,75,23430.35,75,0,3523650
NIFTY-II.NFO,20/01/2025,09:18:30,23425.05,23425.05,300,23430.95,75,225,3523650
NIFTY-II.NFO,20/01/2025,09:18:30,23425.05,23425.05,300,23430.95,75,0,3523650
NIFTY-II.NFO,20/01/2025,09:18:31,23425.05,23425,75,23431.2,300,75,3523650
NIFTY-II.NFO,20/01/2025,09:18:33,23425.05,23425,75,23429.35,300,0,3523650
NIFTY-II.NFO,20/01/2025,09:18:35,23425.05,23425,75,23429.3,75,0,3523650
NIFTY-II.NFO,20/01/2025,09:18:36,23425.05,23425,75,23429.25,300,0,3523650
NIFTY-II.NFO,20/01/2025,09:18:38,23425.05,23425,75,23428,75,0,3523650
NIFTY-II.NFO,20/01/2025,09:18:40,23427.3,23425,75,23425.05,75,375,3523650
NIFTY-II.NFO,20/01/2025,09:18:41,23425,23417.65,300,23423.6,225,75,3523650
NIFTY-II.NFO,20/01/2025,09:18:41,23425,23417.65,300,23423.6,225,0,3523650
NIFTY-II.NFO,20/01/2025,09:18:43,23414.7,23414.75,375,23421.95,150,225,3523650
NIFTY-II.NFO,20/01/2025,09:18:43,23414.7,23414.75,375,23421.95,150,0,3523650
NIFTY-II.NFO,20/01/2025,09:18:45,23414.7,23415,525,23421.2,75,0,3523650
NIFTY-II.NFO,20/01/2025,09:18:46,23415,23414.55,750,23422.4,150,75,3524775
NIFTY-II.NFO,20/01/2025,09:18:48,23415,23413.45,525,23421.15,75,0,3524775
NIFTY-II.NFO,20/01/2025,09:18:50,23415,23413.15,600,23420.55,150,0,3524775
NIFTY-II.NFO,20/01/2025,09:18:51,23415,23412.8,150,23419.05,150,0,3524775
NIFTY-II.NFO,20/01/2025,09:18:53,23415,23411.1,75,23415.75,150,0,3524775
NIFTY-II.NFO,20/01/2025,09:18:55,23412.4,23413.35,150,23419.95,75,75,3524775
NIFTY-II.NFO,20/01/2025,09:18:55,23412.4,23413.35,150,23419.95,75,0,3524775
NIFTY-II.NFO,20/01/2025,09:18:56,23412.4,23413.95,300,23420,75,0,3524775
NIFTY-II.NFO,20/01/2025,09:18:58,23413.1,23413.1,225,23419.95,300,300,3524775
NIFTY-II.NFO,20/01/2025,09:19:00,23417.1,23411.1,75,23415.9,450,150,3524775
NIFTY-II.NFO,20/01/2025,09:19:01,23411.1,23410,1050,23412.15,225,150,3524775
NIFTY-II.NFO,20/01/2025,09:19:01,23411.1,23410,1050,23412.15,225,0,3524775
NIFTY-II.NFO,20/01/2025,09:19:03,23415.8,23410,1050,23415.85,225,75,3524775
NIFTY-II.NFO,20/01/2025,09:19:05,23410,23410,75,23411.2,150,1050,3524775
NIFTY-II.NFO,20/01/2025,09:19:05,23410,23410,75,23411.2,150,0,3524775
NIFTY-II.NFO,20/01/2025,09:19:06,23410,23410,75,23411.45,75,0,3524775
NIFTY-II.NFO,20/01/2025,09:19:08,23410,23410,75,23412.2,75,0,3524775
NIFTY-II.NFO,20/01/2025,09:19:10,23410,23410,75,23413.75,75,0,3524775
NIFTY-II.NFO,20/01/2025,09:19:11,23410,23410,600,23413.4,150,75,3524775
NIFTY-II.NFO,20/01/2025,09:19:13,23415,23410,600,23415,300,150,3524775
NIFTY-II.NFO,20/01/2025,09:19:15,23415,23410,600,23415,300,0,3524775
NIFTY-II.NFO,20/01/2025,09:19:18,23415,23410,600,23413.95,75,0,3524775
NIFTY-II.NFO,20/01/2025,09:19:20,23415,23410,600,23410.35,75,0,3524775
NIFTY-II.NFO,20/01/2025,09:19:21,23414,23410,600,23414.65,150,75,3524775
NIFTY-II.NFO,20/01/2025,09:19:23,23414,23410,600,23415,300,0,3524775
NIFTY-II.NFO,20/01/2025,09:19:25,23414,23410.05,300,23415,300,0,3524775
NIFTY-II.NFO,20/01/2025,09:19:26,23414,23410.35,300,23415,300,0,3524775
NIFTY-II.NFO,20/01/2025,09:19:28,23414,23410,600,23415,300,0,3524775
NIFTY-II.NFO,20/01/2025,09:19:30,23414,23410,600,23414.75,150,75,3524775
NIFTY-II.NFO,20/01/2025,09:19:31,23410,23410,450,23413.45,150,150,3524775
NIFTY-II.NFO,20/01/2025,09:19:33,23410,23410,450,23411.75,150,0,3524775
NIFTY-II.NFO,20/01/2025,09:19:35,23410,23410.75,150,23415,300,0,3524775
NIFTY-II.NFO,20/01/2025,09:19:36,23415,23410.85,300,23415,150,150,3524775
NIFTY-II.NFO,20/01/2025,09:19:38,23406.35,23406.4,375,23413.65,75,75,3524775
NIFTY-II.NFO,20/01/2025,09:19:38,23406.35,23406.4,375,23413.65,75,0,3524775
NIFTY-II.NFO,20/01/2025,09:19:40,23406.35,23408.15,450,23410,75,0,3524775
NIFTY-II.NFO,20/01/2025,09:19:41,23406.35,23406.25,375,23410,75,0,3524775
NIFTY-II.NFO,20/01/2025,09:19:45,23410,23409,150,23413.65,75,75,3524775
NIFTY-II.NFO,20/01/2025,09:19:46,23410,23409,150,23414,75,0,3524775
NIFTY-II.NFO,20/01/2025,09:19:48,23410,23409,150,23410.6,75,0,3524775
NIFTY-II.NFO,20/01/2025,09:19:50,23408.35,23401.25,375,23408.05,150,300,3524775
NIFTY-II.NFO,20/01/2025,09:19:51,23408.35,23408,75,23410.15,150,0,3524775
NIFTY-II.NFO,20/01/2025,09:19:53,23408,23401.6,300,23408.15,150,75,3524775
NIFTY-II.NFO,20/01/2025,09:19:55,23408,23403.75,375,23410.85,150,0,3524775
NIFTY-II.NFO,20/01/2025,09:19:56,23408,23406.25,300,23412.35,300,0,3524775
NIFTY-II.NFO,20/01/2025,09:19:58,23408,23406.5,525,23413,150,0,3524775
NIFTY-II.NFO,20/01/2025,09:20:00,23415,23408.95,450,23415,75,75,3524775
NIFTY-II.NFO,20/01/2025,09:20:01,23413.6,23405,525,23412.55,150,75,3524775
NIFTY-II.NFO,20/01/2025,09:20:03,23414.05,23406.15,375,23414.45,150,150,3524775
NIFTY-II.NFO,20/01/2025,09:20:05,23414.05,23413.6,75,23415,75,0,3524775
NIFTY-II.NFO,20/01/2025,09:20:06,23413.85,23413.6,225,23415,75,75,3524775
NIFTY-II.NFO,20/01/2025,09:20:08,23413.85,23413.6,225,23415,75,0,3524775
NIFTY-II.NFO,20/01/2025,09:20:11,23407,23406.95,375,23413.75,75,300,3524775
NIFTY-II.NFO,20/01/2025,09:20:13,23407,23408.05,375,23414.85,225,0,3524775
NIFTY-II.NFO,20/01/2025,09:20:15,23407,23408,150,23414.65,75,0,3524775
NIFTY-II.NFO,20/01/2025,09:20:16,23407,23408.05,300,23414.95,75,0,3524775
NIFTY-II.NFO,20/01/2025,09:20:18,23414.3,23408,150,23414.35,150,150,3524775
NIFTY-II.NFO,20/01/2025,09:20:20,23414.9,23408,150,23414.1,375,300,3524775
NIFTY-II.NFO,20/01/2025,09:20:21,23414.9,23408.05,300,23415,75,0,3524775
NIFTY-II.NFO,20/01/2025,09:20:23,23414.9,23408,150,23412.65,375,0,3524775
NIFTY-II.NFO,20/01/2025,09:20:25,23414.9,23410,75,23411.8,150,0,3524775
NIFTY-II.NFO,20/01/2025,09:20:26,23414.9,23410,75,23412.55,150,0,3524775
NIFTY-II.NFO,20/01/2025,09:20:28,23414.9,23410,75,23411.1,150,0,3524775
NIFTY-II.NFO,20/01/2025,09:20:30,23410,23408,150,23410.3,450,225,3524775
NIFTY-II.NFO,20/01/2025,09:20:31,23410.1,23408,150,23409.85,150,75,3524775
NIFTY-II.NFO,20/01/2025,09:20:33,23409.4,23408,150,23410.55,300,75,3524775
NIFTY-II.NFO,20/01/2025,09:20:35,23408,23407,375,23407.8,150,150,3524775
NIFTY-II.NFO,20/01/2025,09:20:36,23407,23401,75,23405.7,150,375,3524775
NIFTY-II.NFO,20/01/2025,09:20:38,23401,23400.05,300,23402,75,75,3524775
NIFTY-II.NFO,20/01/2025,09:20:38,23401,23400.05,300,23402,75,0,3524775
NIFTY-II.NFO,20/01/2025,09:20:40,23401,23400.25,300,23402,75,0,3524775
NIFTY-II.NFO,20/01/2025,09:20:41,23401,23401.95,75,23402,75,0,3524775
NIFTY-II.NFO,20/01/2025,09:20:43,23400.6,23400,225,23403.7,150,150,3524775
NIFTY-II.NFO,20/01/2025,09:20:43,23400.6,23400,225,23403.7,150,0,3524775
NIFTY-II.NFO,20/01/2025,09:20:45,23400.6,23401,75,23402.5,300,0,3524775
NIFTY-II.NFO,20/01/2025,09:20:46,23400.6,23401,75,23405.75,225,0,3524775
NIFTY-II.NFO,20/01/2025,09:20:48,23400.6,23401,75,23401.9,150,0,3524775
NIFTY-II.NFO,20/01/2025,09:20:50,23400.6,23401,75,23404.2,150,0,3524775
NIFTY-II.NFO,20/01/2025,09:20:51,23401,23400,300,23401.9,150,75,3524775
NIFTY-II.NFO,20/01/2025,09:20:53,23400,23394.95,225,23400.6,75,300,3524775
NIFTY-II.NFO,20/01/2025,09:20:53,23400,23394.95,225,23400.6,75,0,3524775
NIFTY-II.NFO,20/01/2025,09:20:55,23400,23395.15,225,23400.6,150,0,3524775
NIFTY-II.NFO,20/01/2025,09:20:56,23395,23395.85,75,23400.35,150,150,3524775
NIFTY-II.NFO,20/01/2025,09:20:56,23394,23395.85,75,23400.35,150,0,3524775
NIFTY-II.NFO,20/01/2025,09:20:58,23395,23394.8,225,23400.6,150,0,3524775
NIFTY-II.NFO,20/01/2025,09:21:00,23395.1,23391.2,225,23396.9,150,75,3524775
NIFTY-II.NFO,20/01/2025,09:21:01,23395.1,23393.95,150,23400,150,0,3524775
NIFTY-II.NFO,20/01/2025,09:21:03,23395.1,23396.65,150,23400,150,0,3524775
NIFTY-II.NFO,20/01/2025,09:21:05,23395.1,23396.75,450,23400,225,0,3524775
NIFTY-II.NFO,20/01/2025,09:21:06,23400,23396.65,375,23400,150,75,3524775
NIFTY-II.NFO,20/01/2025,09:21:08,23400,23396.75,375,23400,150,0,3524775
NIFTY-II.NFO,20/01/2025,09:21:10,23400,23398.95,75,23400,150,0,3524775
NIFTY-II.NFO,20/01/2025,09:21:11,23400,23398.95,75,23400.6,150,150,3524775
NIFTY-II.NFO,20/01/2025,09:21:13,23400,23398.95,75,23400.6,150,0,3524775
NIFTY-II.NFO,20/01/2025,09:21:15,23400.6,23398.95,75,23402.6,150,150,3524775
NIFTY-II.NFO,20/01/2025,09:21:16,23400.6,23400.35,75,23405.65,300,0,3524775
NIFTY-II.NFO,20/01/2025,09:21:18,23400.6,23398.95,75,23404.45,150,0,3524775
NIFTY-II.NFO,20/01/2025,09:21:20,23400.6,23395.8,75,23401.15,150,0,3524775
NIFTY-II.NFO,20/01/2025,09:21:21,23400.6,23400.05,75,23402.05,150,0,3524775
NIFTY-II.NFO,20/01/2025,09:21:23,23402.3,23400.05,75,23403.85,150,150,3524775
NIFTY-II.NFO,20/01/2025,09:21:25,23400.05,23396.15,75,23401.55,225,75,3524775
NIFTY-II.NFO,20/01/2025,09:21:26,23400.05,23396.4,300,23403.7,150,0,3524775
NIFTY-II.NFO,20/01/2025,09:21:28,23400.05,23398.1,75,23403.6,150,0,3524775
NIFTY-II.NFO,20/01/2025,09:21:29,23400.05,23400,75,23402.1,150,0,3524775
NIFTY-II.NFO,20/01/2025,09:21:31,23400.05,23400,75,23405.35,150,0,3524775
NIFTY-II.NFO,20/01/2025,09:21:33,23400.05,23401.25,150,23407.05,150,0,3524775
NIFTY-II.NFO,20/01/2025,09:21:34,23400.35,23400,150,23406.7,375,225,3524775
NIFTY-II.NFO,20/01/2025,09:21:36,23400.35,23401.35,525,23408.4,300,0,3524775
NIFTY-II.NFO,20/01/2025,09:21:38,23400.35,23400.4,225,23407.25,375,0,3524775
NIFTY-II.NFO,20/01/2025,09:21:39,23400.35,23400.4,225,23407.25,450,0,3524775
NIFTY-II.NFO,20/01/2025,09:21:41,23400.35,23403.25,300,23410.1,375,0,3524775
NIFTY-II.NFO,20/01/2025,09:21:43,23404,23404.2,225,23410.1,225,75,3524775
NIFTY-II.NFO,20/01/2025,09:21:44,23404,23405.05,150,23411.65,225,0,3524775
NIFTY-II.NFO,20/01/2025,09:21:46,23404,23406.75,225,23412.55,375,0,3524775
NIFTY-II.NFO,20/01/2025,09:21:48,23404,23406.8,150,23413.75,450,0,3524775
NIFTY-II.NFO,20/01/2025,09:21:49,23404,23408.7,225,23413.2,75,0,3524775
NIFTY-II.NFO,20/01/2025,09:21:51,23407.35,23409.45,225,23415,75,75,3525900
NIFTY-II.NFO,20/01/2025,09:21:53,23407.35,23406.6,225,23412.7,375,0,3525900
NIFTY-II.NFO,20/01/2025,09:21:54,23407.35,23405.3,225,23412,375,0,3525900
NIFTY-II.NFO,20/01/2025,09:21:56,23412.2,23405.9,375,23412.95,375,75,3525900
NIFTY-II.NFO,20/01/2025,09:21:58,23412.2,23403.95,300,23410.85,375,0,3525900
NIFTY-II.NFO,20/01/2025,09:21:59,23412.2,23403.9,225,23410.25,375,0,3525900
NIFTY-II.NFO,20/01/2025,09:22:01,23412.2,23401.5,450,23408.75,375,0,3525900
NIFTY-II.NFO,20/01/2025,09:22:03,23408.8,23401.3,375,23409.05,300,75,3525900
NIFTY-II.NFO,20/01/2025,09:22:04,23408.8,23404.65,225,23410.1,300,0,3525900
NIFTY-II.NFO,20/01/2025,09:22:06,23404.65,23405,150,23409.3,225,225,3525900
NIFTY-II.NFO,20/01/2025,09:22:08,23408.9,23405,150,23407.75,150,75,3525900
NIFTY-II.NFO,20/01/2025,09:22:09,23407.2,23405,150,23408,75,150,3525900
NIFTY-II.NFO,20/01/2025,09:22:11,23407.2,23405,150,23408.6,300,0,3525900
NIFTY-II.NFO,20/01/2025,09:22:13,23407.2,23405,150,23409.9,300,0,3525900
NIFTY-II.NFO,20/01/2025,09:22:14,23410.2,23405,150,23409.5,75,75,3525900
NIFTY-II.NFO,20/01/2025,09:22:16,23410.2,23405,150,23408.2,375,0,3525900
NIFTY-II.NFO,20/01/2025,09:22:18,23410.9,23407.2,75,23409.4,75,900,3525900
NIFTY-II.NFO,20/01/2025,09:22:19,23410.9,23407.2,75,23408.1,75,0,3525900
NIFTY-II.NFO,20/01/2025,09:22:21,23407.2,23405,225,23407.6,75,75,3525900
NIFTY-II.NFO,20/01/2025,09:22:23,23407.2,23405,225,23408.4,375,0,3525900
NIFTY-II.NFO,20/01/2025,09:22:24,23407.2,23408,150,23408.95,375,0,3525900
NIFTY-II.NFO,20/01/2025,09:22:26,23404.7,23400.35,150,23404.85,75,300,3525900
NIFTY-II.NFO,20/01/2025,09:22:28,23404.7,23400.35,150,23404.8,375,0,3525900
NIFTY-II.NFO,20/01/2025,09:22:29,23404.7,23400.35,150,23403.25,450,0,3525900
NIFTY-II.NFO,20/01/2025,09:22:31,23404.7,23400.35,150,23402.55,300,0,3525900
NIFTY-II.NFO,20/01/2025,09:22:33,23404.7,23400.35,150,23404.05,300,0,3525900
NIFTY-II.NFO,20/01/2025,09:22:35,23400.35,23400.35,75,23405.75,150,75,3525900
NIFTY-II.NFO,20/01/2025,09:22:36,23400.35,23400.35,75,23405.8,300,0,3525900
NIFTY-II.NFO,20/01/2025,09:22:38,23400.35,23400.35,75,23405.55,150,0,3525900
NIFTY-II.NFO,20/01/2025,09:22:40,23402.15,23402.35,375,23409,300,75,3525900
NIFTY-II.NFO,20/01/2025,09:22:41,23402.15,23405.1,525,23411.7,300,0,3525900
NIFTY-II.NFO,20/01/2025,09:22:43,23402.15,23406.7,375,23413,225,0,3525900
NIFTY-II.NFO,20/01/2025,09:22:45,23402.15,23406.2,375,23413,75,0,3525900
NIFTY-II.NFO,20/01/2025,09:22:46,23402.15,23403.55,525,23410.65,75,0,3525900
NIFTY-II.NFO,20/01/2025,09:22:48,23402.15,23402.45,525,23408.85,75,0,3525900
NIFTY-II.NFO,20/01/2025,09:22:50,23402.15,23403.2,375,23409.45,75,0,3525900
NIFTY-II.NFO,20/01/2025,09:22:51,23402.15,23402.2,75,23408.65,75,0,3525900
NIFTY-II.NFO,20/01/2025,09:22:53,23402.15,23402.15,150,23408.8,75,0,3525900
NIFTY-II.NFO,20/01/2025,09:22:55,23402.15,23402.15,150,23408.15,75,0,3525900
NIFTY-II.NFO,20/01/2025,09:22:56,23402.15,23402.15,150,23407.5,75,0,3525900
NIFTY-II.NFO,20/01/2025,09:22:58,23402.15,23402.2,375,23408.15,300,0,3525900
NIFTY-II.NFO,20/01/2025,09:23:00,23402.15,23402.15,150,23407.15,75,0,3525900
NIFTY-II.NFO,20/01/2025,09:23:01,23402.15,23402.15,225,23406.2,300,0,3525900
NIFTY-II.NFO,20/01/2025,09:23:03,23402.15,23403.05,75,23407.8,75,0,3525900
NIFTY-II.NFO,20/01/2025,09:23:05,23402.15,23402.15,225,23406.4,75,0,3525900
NIFTY-II.NFO,20/01/2025,09:23:06,23402.15,23402.15,225,23406.45,75,0,3525900
NIFTY-II.NFO,20/01/2025,09:23:08,23406.3,23402.15,150,23406.95,75,150,3525900
NIFTY-II.NFO,20/01/2025,09:23:10,23406.3,23402.15,150,23406.25,75,0,3525900
NIFTY-II.NFO,20/01/2025,09:23:11,23406.3,23403.05,75,23406.9,75,0,3525900
NIFTY-II.NFO,20/01/2025,09:23:13,23407.55,23402.15,75,23407.3,75,75,3525900
NIFTY-II.NFO,20/01/2025,09:23:15,23406.95,23402.15,75,23407.9,75,150,3525900
NIFTY-II.NFO,20/01/2025,09:23:16,23406.95,23402.15,75,23407.9,75,0,3525900
NIFTY-II.NFO,20/01/2025,09:23:18,23406.95,23406,75,23408.3,75,0,3525900
NIFTY-II.NFO,20/01/2025,09:23:20,23406.95,23406,75,23407.25,75,0,3525900
NIFTY-II.NFO,20/01/2025,09:23:21,23406.95,23406,75,23408.4,75,0,3525900
NIFTY-II.NFO,20/01/2025,09:23:23,23406.95,23406,75,23407.9,75,0,3525900
NIFTY-II.NFO,20/01/2025,09:23:25,23401.1,23405.05,75,23409.85,300,600,3525900
NIFTY-II.NFO,20/01/2025,09:23:26,23401.1,23404.05,75,23409.95,300,0,3525900
NIFTY-II.NFO,20/01/2025,09:23:28,23401.1,23402.15,300,23408.85,300,0,3525900
NIFTY-II.NFO,20/01/2025,09:23:30,23408.85,23402.1,300,23408.95,225,75,3525900
NIFTY-II.NFO,20/01/2025,09:23:31,23408.85,23400.4,300,23406.9,225,0,3525900
NIFTY-II.NFO,20/01/2025,09:23:33,23408.85,23401.05,150,23407.85,225,0,3525900
NIFTY-II.NFO,20/01/2025,09:23:35,23408.85,23402,75,23406.85,225,0,3525900
NIFTY-II.NFO,20/01/2025,09:23:36,23402,23402,75,23407.65,75,75,3525900
NIFTY-II.NFO,20/01/2025,09:23:38,23400.35,23400.5,300,23406.95,75,75,3525900
NIFTY-II.NFO,20/01/2025,09:23:40,23400.35,23400.1,300,23406.35,225,0,3525900
NIFTY-II.NFO,20/01/2025,09:23:41,23400.35,23402.1,300,23407.9,75,0,3525900
NIFTY-II.NFO,20/01/2025,09:23:43,23400.35,23405.05,75,23408.5,75,0,3525900
NIFTY-II.NFO,20/01/2025,09:23:45,23400.35,23400.3,300,23405.05,75,0,3525900
NIFTY-II.NFO,20/01/2025,09:23:46,23400.35,23400.35,375,23405.05,75,0,3525900
NIFTY-II.NFO,20/01/2025,09:23:48,23400.35,23402.1,375,23405.05,75,0,3525900
NIFTY-II.NFO,20/01/2025,09:23:50,23409,23405.05,75,23409.65,225,150,3525900
NIFTY-II.NFO,20/01/2025,09:23:51,23409,23405.05,75,23408.05,75,0,3525900
NIFTY-II.NFO,20/01/2025,09:23:53,23409,23400.55,525,23407.4,75,0,3525900
NIFTY-II.NFO,20/01/2025,09:23:55,23409,23403.05,75,23408.45,75,0,3525900
NIFTY-II.NFO,20/01/2025,09:23:56,23409,23400.45,300,23407,75,0,3525900
NIFTY-II.NFO,20/01/2025,09:23:58,23409,23400.1,375,23406.35,75,0,3525900
NIFTY-II.NFO,20/01/2025,09:24:00,23409,23403.05,75,23407.1,75,0,3525900
NIFTY-II.NFO,20/01/2025,09:24:01,23409,23400.05,375,23405.35,75,0,3525900
NIFTY-II.NFO,20/01/2025,09:24:03,23409,23400,450,23404.5,75,0,3525900
NIFTY-II.NFO,20/01/2025,09:24:05,23409,23403.05,75,23405.95,75,0,3525900
NIFTY-II.NFO,20/01/2025,09:24:06,23409,23401.1,300,23406.55,75,0,3525900
NIFTY-II.NFO,20/01/2025,09:24:08,23409,23405.05,75,23409,75,0,3525900
NIFTY-II.NFO,20/01/2025,09:24:13,23409,23405.7,300,23409,75,0,3525900
NIFTY-II.NFO,20/01/2025,09:24:15,23409,23404.9,300,23409,75,0,3525900
NIFTY-II.NFO,20/01/2025,09:24:16,23409,23404.4,450,23409,75,0,3525900
NIFTY-II.NFO,20/01/2025,09:24:18,23409,23406.3,300,23409,75,0,3525900
NIFTY-II.NFO,20/01/2025,09:24:20,23409,23406.5,450,23409,75,0,3525900
NIFTY-II.NFO,20/01/2025,09:24:21,23409,23405.55,300,23409,75,0,3525900
NIFTY-II.NFO,20/01/2025,09:24:23,23410,23411.05,75,23414.6,75,150,3525900
NIFTY-II.NFO,20/01/2025,09:24:25,23410,23406.2,300,23410,75,0,3525900
NIFTY-II.NFO,20/01/2025,09:24:26,23410,23410.05,75,23415.15,225,75,3525900
NIFTY-II.NFO,20/01/2025,09:24:28,23410,23409.05,75,23414.75,75,0,3525900
NIFTY-II.NFO,20/01/2025,09:24:30,23415.7,23413.1,300,23418.05,225,75,3525900
NIFTY-II.NFO,20/01/2025,09:24:31,23415.7,23413.05,75,23417.6,150,0,3525900
NIFTY-II.NFO,20/01/2025,09:24:33,23415.7,23412.05,75,23417.95,75,0,3525900
NIFTY-II.NFO,20/01/2025,09:24:35,23415.7,23412.05,75,23418.2,150,0,3525900
NIFTY-II.NFO,20/01/2025,09:24:36,23415.7,23412,75,23415.9,150,0,3525900
NIFTY-II.NFO,20/01/2025,09:24:38,23414.5,23412,75,23414.45,75,75,3525900
NIFTY-II.NFO,20/01/2025,09:24:39,23414.5,23412,75,23413.5,75,0,3525900
NIFTY-II.NFO,20/01/2025,09:24:41,23414.5,23412,75,23413.25,75,0,3525900
NIFTY-II.NFO,20/01/2025,09:24:44,23414.5,23412,75,23413.7,75,0,3525900
NIFTY-II.NFO,20/01/2025,09:24:46,23412,23405.25,300,23412.85,75,75,3525900
NIFTY-II.NFO,20/01/2025,09:24:48,23412,23401.1,75,23405.95,75,0,3526200
NIFTY-II.NFO,20/01/2025,09:24:49,23412,23401.1,75,23405.8,75,0,3526200
NIFTY-II.NFO,20/01/2025,09:24:51,23412,23401.1,75,23405.6,75,0,3526200
NIFTY-II.NFO,20/01/2025,09:24:53,23412,23401.1,75,23406.05,75,0,3526200
NIFTY-II.NFO,20/01/2025,09:24:54,23412,23401.1,75,23404.65,75,0,3526200
NIFTY-II.NFO,20/01/2025,09:24:56,23400.55,23400,450,23402.15,75,150,3526200
NIFTY-II.NFO,20/01/2025,09:24:58,23397,23394,75,23397,300,525,3526200
NIFTY-II.NFO,20/01/2025,09:24:59,23397,23394,75,23397.9,75,0,3526200
NIFTY-II.NFO,20/01/2025,09:25:01,23394,23390.1,75,23395.25,450,75,3526200
NIFTY-II.NFO,20/01/2025,09:25:03,23393.05,23390.1,75,23394.5,300,150,3526200
NIFTY-II.NFO,20/01/2025,09:25:03,23393.05,23390.1,75,23394.5,300,0,3526200
NIFTY-II.NFO,20/01/2025,09:25:04,23393.05,23390.1,75,23394.75,150,0,3526200
NIFTY-II.NFO,20/01/2025,09:25:06,23393.05,23390.1,75,23395.15,300,0,3526200
NIFTY-II.NFO,20/01/2025,09:25:08,23393.05,23390.1,75,23394.75,300,0,3526200
NIFTY-II.NFO,20/01/2025,09:25:09,23393.05,23390.1,75,23393.7,150,0,3526200
NIFTY-II.NFO,20/01/2025,09:25:11,23393.05,23390.1,75,23394.3,300,0,3526200
NIFTY-II.NFO,20/01/2025,09:25:13,23393.05,23390.1,75,23391.85,300,0,3526200
NIFTY-II.NFO,20/01/2025,09:25:14,23391.95,23390.1,75,23393,300,75,3526200
NIFTY-II.NFO,20/01/2025,09:25:14,23391.95,23390.1,75,23393,300,0,3526200
NIFTY-II.NFO,20/01/2025,09:25:16,23390.1,23392.05,75,23395.9,75,75,3526200
NIFTY-II.NFO,20/01/2025,09:25:16,23390.1,23392.05,75,23395.9,75,0,3526200
NIFTY-II.NFO,20/01/2025,09:25:18,23392.05,23391.1,300,23396.6,300,150,3526200
NIFTY-II.NFO,20/01/2025,09:25:19,23392.05,23390,150,23394.05,300,0,3526200
NIFTY-II.NFO,20/01/2025,09:25:21,23392.05,23390.05,75,23394.45,75,0,3526200
NIFTY-II.NFO,20/01/2025,09:25:23,23392.05,23390,150,23394.8,300,0,3526200
NIFTY-II.NFO,20/01/2025,09:25:24,23392.05,23390.05,300,23392.05,150,0,3526200
NIFTY-II.NFO,20/01/2025,09:25:26,23392.05,23390,150,23392.05,150,0,3526200
NIFTY-II.NFO,20/01/2025,09:25:29,23392.05,23390,150,23392.05,75,75,3526200
NIFTY-II.NFO,20/01/2025,09:25:31,23392.05,23390,150,23392.95,75,150,3526200
NIFTY-II.NFO,20/01/2025,09:25:33,23392.05,23390,150,23392.85,300,0,3526200
NIFTY-II.NFO,20/01/2025,09:25:34,23392.05,23390,150,23390.3,75,0,3526200
NIFTY-II.NFO,20/01/2025,09:25:36,23387,23380.15,300,23386,150,300,3526200
NIFTY-II.NFO,20/01/2025,09:25:36,23387,23380.15,300,23386,150,0,3526200
NIFTY-II.NFO,20/01/2025,09:25:38,23387,23380.55,300,23386.7,300,0,3526200
NIFTY-II.NFO,20/01/2025,09:25:39,23387,23380.7,150,23386.55,150,0,3526200
NIFTY-II.NFO,20/01/2025,09:25:41,23383.35,23380,150,23383.55,375,75,3526200
NIFTY-II.NFO,20/01/2025,09:25:41,23383.35,23380,150,23383.55,375,0,3526200
NIFTY-II.NFO,20/01/2025,09:25:43,23380.6,23380.95,375,23387,75,150,3526200
NIFTY-II.NFO,20/01/2025,09:25:43,23380.6,23380.95,375,23387,75,0,3526200
NIFTY-II.NFO,20/01/2025,09:25:44,23380.6,23380.85,375,23387,75,0,3526200
NIFTY-II.NFO,20/01/2025,09:25:46,23380.6,23381.6,375,23387,75,0,3526200
NIFTY-II.NFO,20/01/2025,09:25:48,23380.6,23382.95,375,23387,75,0,3526200
NIFTY-II.NFO,20/01/2025,09:25:49,23387,23384.35,150,23389.9,75,150,3526200
NIFTY-II.NFO,20/01/2025,09:25:51,23387,23385.85,375,23390,75,0,3526200
NIFTY-II.NFO,20/01/2025,09:25:53,23387,23387,375,23390,75,0,3526200
NIFTY-II.NFO,20/01/2025,09:25:54,23390,23389.05,375,23396.25,75,75,3526200
NIFTY-II.NFO,20/01/2025,09:25:56,23390,23389.75,375,23396.45,225,0,3526200
NIFTY-II.NFO,20/01/2025,09:25:58,23390,23390.85,300,23398.1,225,0,3526200
NIFTY-II.NFO,20/01/2025,09:25:59,23398.9,23391.8,525,23398.8,75,75,3526200
NIFTY-II.NFO,20/01/2025,09:26:01,23398.9,23396.25,300,23404.95,75,0,3526200
NIFTY-II.NFO,20/01/2025,09:26:03,23402.95,23397.2,375,23403.95,75,375,3526200
NIFTY-II.NFO,20/01/2025,09:26:04,23397.2,23400.7,300,23408.15,75,75,3526200
NIFTY-II.NFO,20/01/2025,09:26:06,23397.2,23402.9,375,23410.5,75,0,3526200
NIFTY-II.NFO,20/01/2025,09:26:08,23397.2,23399.2,375,23405.85,75,0,3526200
NIFTY-II.NFO,20/01/2025,09:26:09,23397.2,23399.75,150,23404.95,75,0,3526200
NIFTY-II.NFO,20/01/2025,09:26:11,23399.05,23398.7,300,23403.95,75,375,3526200
NIFTY-II.NFO,20/01/2025,09:26:13,23399.05,23395.95,300,23401.95,75,0,3526200
NIFTY-II.NFO,20/01/2025,09:26:14,23399.05,23395.45,375,23401.9,300,0,3526200
NIFTY-II.NFO,20/01/2025,09:26:16,23400,23395.05,300,23400.95,75,75,3526200
NIFTY-II.NFO,20/01/2025,09:26:18,23400,23395.05,75,23400.95,75,0,3526200
NIFTY-II.NFO,20/01/2025,09:26:19,23400,23395,75,23399.75,300,0,3526200
NIFTY-II.NFO,20/01/2025,09:26:21,23399,23395,150,23400.85,225,75,3526200
NIFTY-II.NFO,20/01/2025,09:26:23,23399,23395,150,23401.95,225,0,3526200
NIFTY-II.NFO,20/01/2025,09:26:24,23399,23395,150,23399.95,225,0,3526200
NIFTY-II.NFO,20/01/2025,09:26:26,23399,23399,75,23401.2,225,0,3526200
NIFTY-II.NFO,20/01/2025,09:26:28,23399,23399,75,23401.5,225,0,3526200
NIFTY-II.NFO,20/01/2025,09:26:29,23401.5,23400,75,23400.8,150,75,3526200
NIFTY-II.NFO,20/01/2025,09:26:31,23400.85,23395,150,23399.95,75,150,3526200
NIFTY-II.NFO,20/01/2025,09:26:33,23400.85,23395.4,150,23401.2,75,0,3526200
NIFTY-II.NFO,20/01/2025,09:26:34,23400.85,23395.25,375,23400.95,75,0,3526200
NIFTY-II.NFO,20/01/2025,09:26:36,23399,23400.1,75,23404.3,75,75,3526200
NIFTY-II.NFO,20/01/2025,09:26:38,23399,23397.1,375,23403.85,75,0,3526200
NIFTY-II.NFO,20/01/2025,09:26:39,23399,23398.75,375,23403.95,75,0,3526200
NIFTY-II.NFO,20/01/2025,09:26:41,23397.05,23399.05,375,23402.95,75,75,3526200
NIFTY-II.NFO,20/01/2025,09:26:43,23397.05,23396.75,375,23402.95,150,0,3526200
NIFTY-II.NFO,20/01/2025,09:26:44,23397.05,23397.7,300,23402.95,75,0,3526200
NIFTY-II.NFO,20/01/2025,09:26:46,23403.6,23397.6,300,23403.9,75,75,3526200
NIFTY-II.NFO,20/01/2025,09:26:48,23403.6,23397,300,23403.8,150,0,3526200
NIFTY-II.NFO,20/01/2025,09:26:49,23403.6,23403.6,75,23404.95,75,0,3526200
NIFTY-II.NFO,20/01/2025,09:26:51,23403.6,23403.6,75,23405,75,0,3526200
NIFTY-II.NFO,20/01/2025,09:26:53,23401.05,23400.35,375,23405,75,225,3526200
NIFTY-II.NFO,20/01/2025,09:26:54,23401.05,23397.15,375,23403.95,75,0,3526200
NIFTY-II.NFO,20/01/2025,09:26:56,23401.05,23399.8,300,23405,75,0,3526200
NIFTY-II.NFO,20/01/2025,09:26:57,23401.05,23398,150,23403.95,75,0,3526200
NIFTY-II.NFO,20/01/2025,09:26:59,23401.05,23399.6,300,23404.85,225,0,3526200
NIFTY-II.NFO,20/01/2025,09:27:01,23400.45,23400.3,375,23405,75,75,3526200
NIFTY-II.NFO,20/01/2025,09:27:03,23400.45,23400.8,300,23405,75,0,3526200
NIFTY-II.NFO,20/01/2025,09:27:04,23400.45,23399.8,300,23404.95,75,0,3526200
NIFTY-II.NFO,20/01/2025,09:27:06,23400.45,23398.8,300,23404.7,300,0,3526200
NIFTY-II.NFO,20/01/2025,09:27:08,23400.45,23398,75,23401.7,300,0,3526200
NIFTY-II.NFO,20/01/2025,09:27:09,23400.45,23398,75,23401.65,300,0,3526200
NIFTY-II.NFO,20/01/2025,09:27:11,23400.45,23398,75,23399.95,75,0,3526200
NIFTY-II.NFO,20/01/2025,09:27:13,23398,23395,75,23396.95,450,75,3526200
NIFTY-II.NFO,20/01/2025,09:27:14,23398,23395,75,23398.65,300,0,3526200
NIFTY-II.NFO,20/01/2025,09:27:16,23398.65,23395,75,23397,150,150,3526200
NIFTY-II.NFO,20/01/2025,09:27:18,23395,23390,150,23395.3,150,75,3526200
NIFTY-II.NFO,20/01/2025,09:27:19,23395,23390,150,23393.3,300,0,3526200
NIFTY-II.NFO,20/01/2025,09:27:21,23395,23390,150,23392.55,150,0,3526200
NIFTY-II.NFO,20/01/2025,09:27:23,23395,23390,150,23392.25,150,0,3526200
NIFTY-II.NFO,20/01/2025,09:27:26,23392.25,23390,150,23392.35,375,75,3526200
NIFTY-II.NFO,20/01/2025,09:27:28,23390,23390,75,23392.45,150,75,3526200
NIFTY-II.NFO,20/01/2025,09:27:29,23390,23390,75,23390.4,375,0,3526200
NIFTY-II.NFO,20/01/2025,09:27:31,23390,23385,75,23388.35,225,75,3526200
NIFTY-II.NFO,20/01/2025,09:27:33,23390,23385,75,23386.5,375,0,3526200
NIFTY-II.NFO,20/01/2025,09:27:34,23390,23385,75,23388.6,375,0,3526200
NIFTY-II.NFO,20/01/2025,09:27:36,23390,23385,75,23386.9,75,0,3526200
NIFTY-II.NFO,20/01/2025,09:27:38,23390,23385,75,23386.05,75,0,3526200
NIFTY-II.NFO,20/01/2025,09:27:39,23380,23375,75,23379.7,375,375,3526200
NIFTY-II.NFO,20/01/2025,09:27:39,23380,23375,75,23379.7,375,0,3526200
NIFTY-II.NFO,20/01/2025,09:27:41,23380,23375,75,23380.7,150,0,3526200
NIFTY-II.NFO,20/01/2025,09:27:43,23382.35,23375.05,300,23382.1,150,75,3526200
NIFTY-II.NFO,20/01/2025,09:27:44,23375,23371.6,150,23378.9,75,150,3526200
NIFTY-II.NFO,20/01/2025,09:27:44,23375,23371.6,150,23378.9,75,0,3526200
NIFTY-II.NFO,20/01/2025,09:27:46,23378.9,23372.25,375,23379.6,225,75,3527400
NIFTY-II.NFO,20/01/2025,09:27:48,23378.9,23373.4,300,23380.45,75,0,3527400
NIFTY-II.NFO,20/01/2025,09:27:49,23378.9,23374.7,375,23380.45,75,0,3527400
NIFTY-II.NFO,20/01/2025,09:27:51,23378.9,23374.55,300,23379.95,75,0,3527400
NIFTY-II.NFO,20/01/2025,09:27:53,23378.9,23374.5,150,23380.45,75,0,3527400
NIFTY-II.NFO,20/01/2025,09:27:54,23378.9,23374.15,375,23380.35,225,0,3527400
NIFTY-II.NFO,20/01/2025,09:27:56,23378.9,23376.35,300,23380.45,75,0,3527400
NIFTY-II.NFO,20/01/2025,09:27:58,23378.9,23379.3,225,23380.45,75,0,3527400
NIFTY-II.NFO,20/01/2025,09:27:59,23380.45,23379.45,375,23386.2,375,75,3527400
NIFTY-II.NFO,20/01/2025,09:28:01,23380.45,23378.9,75,23382.95,75,0,3527400
NIFTY-II.NFO,20/01/2025,09:28:03,23380.45,23378.9,75,23383.4,300,0,3527400
NIFTY-II.NFO,20/01/2025,09:28:04,23380.45,23382.5,300,23387,75,0,3527400
NIFTY-II.NFO,20/01/2025,09:28:06,23380.45,23380.45,75,23385.6,75,0,3527400
NIFTY-II.NFO,20/01/2025,09:28:08,23380.5,23380.45,75,23384.95,75,300,3527400
NIFTY-II.NFO,20/01/2025,09:28:09,23380.5,23380.45,75,23383.95,75,0,3527400
NIFTY-II.NFO,20/01/2025,09:28:11,23388.85,23383.3,75,23388.8,75,300,3527400
NIFTY-II.NFO,20/01/2025,09:28:13,23382.2,23381.35,150,23385.95,75,150,3527400
NIFTY-II.NFO,20/01/2025,09:28:14,23382.2,23381.2,300,23386.95,75,0,3527400
NIFTY-II.NFO,20/01/2025,09:28:16,23386.95,23380.7,300,23384.95,75,75,3527400
NIFTY-II.NFO,20/01/2025,09:28:18,23385.95,23380.85,150,23386.95,75,75,3527400
NIFTY-II.NFO,20/01/2025,09:28:19,23386,23382.3,375,23386,75,150,3527400
NIFTY-II.NFO,20/01/2025,09:28:21,23384.5,23383.95,300,23391.75,150,225,3527400
NIFTY-II.NFO,20/01/2025,09:28:23,23384.5,23384.8,300,23391.75,150,0,3527400
NIFTY-II.NFO,20/01/2025,09:28:24,23384.5,23386.95,300,23394.25,150,0,3527400
NIFTY-II.NFO,20/01/2025,09:28:26,23384.5,23387.85,300,23395.3,150,0,3527400
NIFTY-II.NFO,20/01/2025,09:28:28,23384.5,23386.75,150,23392.8,150,0,3527400
NIFTY-II.NFO,20/01/2025,09:28:29,23384.5,23386,75,23389.55,150,0,3527400
NIFTY-II.NFO,20/01/2025,09:28:31,23390.45,23386,75,23391.1,75,150,3527400
NIFTY-II.NFO,20/01/2025,09:28:33,23390.45,23386,75,23388.9,75,0,3527400
NIFTY-II.NFO,20/01/2025,09:28:34,23390.45,23386,75,23390.45,75,0,3527400
NIFTY-II.NFO,20/01/2025,09:28:36,23390.55,23383.8,375,23391.45,75,75,3527400
NIFTY-II.NFO,20/01/2025,09:28:38,23383.8,23385.7,300,23393.5,300,225,3527400
NIFTY-II.NFO,20/01/2025,09:28:39,23383.8,23386.3,150,23392.85,225,0,3527400
NIFTY-II.NFO,20/01/2025,09:28:41,23383.8,23387.4,300,23394.35,225,0,3527400
NIFTY-II.NFO,20/01/2025,09:28:43,23383.8,23385.9,375,23391.7,75,0,3527400
NIFTY-II.NFO,20/01/2025,09:28:44,23392.95,23388,225,23393.85,75,150,3527400
NIFTY-II.NFO,20/01/2025,09:28:46,23392.95,23387.75,75,23393.9,225,0,3527400
NIFTY-II.NFO,20/01/2025,09:28:48,23387.8,23385.7,150,23391.3,75,225,3527400
NIFTY-II.NFO,20/01/2025,09:28:49,23390.95,23384.9,675,23391,75,75,3527400
NIFTY-II.NFO,20/01/2025,09:28:51,23390.95,23384.55,525,23390,75,0,3527400
NIFTY-II.NFO,20/01/2025,09:28:52,23390.95,23383.95,300,23390,150,0,3527400
NIFTY-II.NFO,20/01/2025,09:28:54,23390.95,23383.05,300,23389.05,75,0,3527400
NIFTY-II.NFO,20/01/2025,09:28:56,23390.95,23384.3,300,23389.95,75,0,3527400
NIFTY-II.NFO,20/01/2025,09:28:57,23390.95,23386.5,150,23390,300,0,3527400
NIFTY-II.NFO,20/01/2025,09:28:59,23390.95,23387.45,300,23390,300,0,3527400
NIFTY-II.NFO,20/01/2025,09:29:01,23390,23387.5,300,23390,75,225,3527400
NIFTY-II.NFO,20/01/2025,09:29:02,23395,23389.3,300,23395.9,300,150,3527400
NIFTY-II.NFO,20/01/2025,09:29:04,23390.95,23390.95,75,23392.4,75,75,3527400
NIFTY-II.NFO,20/01/2025,09:29:06,23390.95,23386.65,225,23391.4,75,75,3527400
NIFTY-II.NFO,20/01/2025,09:29:08,23394.3,23388.75,300,23394.9,225,75,3527400
NIFTY-II.NFO,20/01/2025,09:29:09,23394.3,23388.75,300,23393.7,75,0,3527400
NIFTY-II.NFO,20/01/2025,09:29:11,23394.3,23390.95,75,23396.1,225,0,3527400
NIFTY-II.NFO,20/01/2025,09:29:13,23394.3,23390.95,75,23394.1,75,0,3527400
NIFTY-II.NFO,20/01/2025,09:29:14,23394.3,23390.95,75,23392.85,75,0,3527400
NIFTY-II.NFO,20/01/2025,09:29:16,23394.3,23390.95,75,23395.55,225,0,3527400
NIFTY-II.NFO,20/01/2025,09:29:18,23394.3,23390.95,75,23396.15,225,0,3527400
NIFTY-II.NFO,20/01/2025,09:29:19,23394.95,23390,75,23394.75,75,375,3527400
NIFTY-II.NFO,20/01/2025,09:29:21,23394.95,23394.3,75,23395,150,0,3527400
NIFTY-II.NFO,20/01/2025,09:29:23,23394.3,23390,75,23393.1,75,75,3527400
NIFTY-II.NFO,20/01/2025,09:29:24,23394.3,23390,75,23393.2,75,0,3527400
NIFTY-II.NFO,20/01/2025,09:29:26,23394.3,23390,75,23392.95,75,0,3527400
NIFTY-II.NFO,20/01/2025,09:29:29,23394.3,23390,150,23393.85,75,0,3527400
NIFTY-II.NFO,20/01/2025,09:29:31,23394.3,23390,150,23393.95,75,0,3527400
NIFTY-II.NFO,20/01/2025,09:29:33,23394.3,23390,150,23393.4,75,0,3527400
NIFTY-II.NFO,20/01/2025,09:29:34,23394,23390,75,23394.05,75,225,3527400
NIFTY-II.NFO,20/01/2025,09:29:36,23390,23388.65,150,23393.95,75,75,3527400
NIFTY-II.NFO,20/01/2025,09:29:38,23390,23389.2,375,23393.95,75,75,3527400
NIFTY-II.NFO,20/01/2025,09:29:39,23390,23389.55,300,23394.95,75,75,3527400
NIFTY-II.NFO,20/01/2025,09:29:41,23390,23389.4,300,23394.95,75,0,3527400
NIFTY-II.NFO,20/01/2025,09:29:43,23390,23391,75,23393.35,75,0,3527400
NIFTY-II.NFO,20/01/2025,09:29:44,23390,23391,75,23394.35,75,0,3527400
NIFTY-II.NFO,20/01/2025,09:29:46,23391,23388.4,375,23393.8,75,75,3527400
NIFTY-II.NFO,20/01/2025,09:29:48,23391,23388.9,675,23394.95,75,0,3527400
NIFTY-II.NFO,20/01/2025,09:29:49,23391,23389.55,300,23390,75,0,3527400
NIFTY-II.NFO,20/01/2025,09:29:51,23390,23390.65,150,23396.55,75,75,3527400
NIFTY-II.NFO,20/01/2025,09:29:52,23390,23392.1,300,23398.1,75,0,3527400
NIFTY-II.NFO,20/01/2025,09:29:54,23390,23391.65,300,23398.75,225,0,3527400
NIFTY-II.NFO,20/01/2025,09:29:56,23390,23395.75,75,23401.35,75,0,3527400
NIFTY-II.NFO,20/01/2025,09:29:57,23390,23396.4,300,23402.25,75,0,3527400
NIFTY-II.NFO,20/01/2025,09:29:59,23393.75,23392.25,750,23397.85,150,150,3527400
NIFTY-II.NFO,20/01/2025,09:30:01,23393.75,23392.9,75,23398.9,150,0,3527400
NIFTY-II.NFO,20/01/2025,09:30:02,23397.85,23393.9,75,23399.1,300,150,3527400
NIFTY-II.NFO,20/01/2025,09:30:04,23398.7,23393.1,75,23397.5,150,300,3527400
NIFTY-II.NFO,20/01/2025,09:30:06,23399.55,23392.5,750,23398.2,75,75,3527400
NIFTY-II.NFO,20/01/2025,09:30:07,23399.55,23391.2,300,23397.25,75,0,3527400
NIFTY-II.NFO,20/01/2025,09:30:09,23400.95,23394.9,375,23401.75,75,75,3527400
NIFTY-II.NFO,20/01/2025,09:30:11,23400.95,23395.75,375,23401.95,75,0,3527400
NIFTY-II.NFO,20/01/2025,09:30:12,23400.95,23395.1,375,23399.95,75,0,3527400
NIFTY-II.NFO,20/01/2025,09:30:14,23400.95,23397.3,300,23404.6,75,0,3527400
NIFTY-II.NFO,20/01/2025,09:30:16,23400.95,23400.95,75,23405,150,0,3527400
NIFTY-II.NFO,20/01/2025,09:30:17,23400.95,23400.95,75,23405,225,0,3527400
NIFTY-II.NFO,20/01/2025,09:30:19,23400.95,23401.55,375,23405,225,0,3527400
NIFTY-II.NFO,20/01/2025,09:30:21,23400.95,23401,300,23405,225,0,3527400
NIFTY-II.NFO,20/01/2025,09:30:22,23400.95,23400.95,150,23403.45,225,0,3527400
NIFTY-II.NFO,20/01/2025,09:30:24,23400,23395,75,23399.95,75,1425,3527400
NIFTY-II.NFO,20/01/2025,09:30:26,23400,23397.95,300,23403.95,75,0,3527400
NIFTY-II.NFO,20/01/2025,09:30:27,23400,23399.6,75,23404.95,75,0,3527400
NIFTY-II.NFO,20/01/2025,09:30:29,23400,23398.4,375,23404.8,150,0,3527400
NIFTY-II.NFO,20/01/2025,09:30:31,23400,23399.45,375,23405,225,0,3527400
NIFTY-II.NFO,20/01/2025,09:30:32,23400,23399.35,150,23405,225,0,3527400
NIFTY-II.NFO,20/01/2025,09:30:34,23400,23400.55,375,23405,225,0,3527400
NIFTY-II.NFO,20/01/2025,09:30:36,23405,23400.4,75,23405,150,75,3527400
NIFTY-II.NFO,20/01/2025,09:30:37,23405,23401,375,23405,150,0,3527400
NIFTY-II.NFO,20/01/2025,09:30:39,23401.55,23402.95,375,23405,150,75,3527400
NIFTY-II.NFO,20/01/2025,09:30:41,23403,23403,300,23405,150,75,3527400
NIFTY-II.NFO,20/01/2025,09:30:42,23403,23402.2,75,23405,150,0,3527400
NIFTY-II.NFO,20/01/2025,09:30:44,23403,23402.8,375,23405,150,0,3527400
NIFTY-II.NFO,20/01/2025,09:30:46,23403,23403.35,375,23405,150,0,3527400
NIFTY-II.NFO,20/01/2025,09:30:47,23403,23401.35,75,23405,150,0,3527400
NIFTY-II.NFO,20/01/2025,09:30:49,23405,23402.85,375,23405,75,75,3530250
NIFTY-II.NFO,20/01/2025,09:30:51,23405,23404.5,375,23410,225,75,3530250
NIFTY-II.NFO,20/01/2025,09:30:52,23405,23403.35,375,23408.6,150,0,3530250
NIFTY-II.NFO,20/01/2025,09:30:54,23405,23404.5,375,23409.7,225,0,3530250
NIFTY-II.NFO,20/01/2025,09:30:56,23409.7,23404.2,450,23408.9,150,75,3530250
NIFTY-II.NFO,20/01/2025,09:30:57,23409.45,23403.1,75,23408.6,75,75,3530250
NIFTY-II.NFO,20/01/2025,09:30:59,23409.45,23403.1,225,23408.45,75,0,3530250
NIFTY-II.NFO,20/01/2025,09:31:01,23409.45,23405.85,150,23410,75,0,3530250
NIFTY-II.NFO,20/01/2025,09:31:02,23409.45,23404.95,300,23409.7,75,0,3530250
NIFTY-II.NFO,20/01/2025,09:31:04,23409.45,23405.45,375,23409.7,75,0,3530250
NIFTY-II.NFO,20/01/2025,09:31:06,23409.35,23403.4,300,23410,75,150,3530250
NIFTY-II.NFO,20/01/2025,09:31:07,23409.35,23404.25,75,23410,75,0,3530250
NIFTY-II.NFO,20/01/2025,09:31:09,23408.35,23403.05,300,23409.5,150,75,3530250
NIFTY-II.NFO,20/01/2025,09:31:11,23407,23403.55,75,23408.3,75,75,3530250
NIFTY-II.NFO,20/01/2025,09:31:12,23403,23403.2,375,23409.55,75,75,3530250
NIFTY-II.NFO,20/01/2025,09:31:14,23403,23406.45,1050,23410,75,0,3530250
NIFTY-II.NFO,20/01/2025,09:31:16,23403,23407.85,300,23410,75,0,3530250
NIFTY-II.NFO,20/01/2025,09:31:18,23410,23408.35,375,23414.8,225,75,3530250
NIFTY-II.NFO,20/01/2025,09:31:19,23410,23408.85,375,23414.8,225,0,3530250
NIFTY-II.NFO,20/01/2025,09:31:21,23410,23410.65,525,23414.8,225,0,3530250
NIFTY-II.NFO,20/01/2025,09:31:22,23410,23409.05,300,23414.8,225,0,3530250
NIFTY-II.NFO,20/01/2025,09:31:24,23410,23410.05,300,23414.95,225,0,3530250
NIFTY-II.NFO,20/01/2025,09:31:26,23410,23410,75,23415,75,0,3530250
NIFTY-II.NFO,20/01/2025,09:31:32,23410,23410,150,23414.9,225,0,3530250
NIFTY-II.NFO,20/01/2025,09:31:34,23410,23410,150,23413.3,75,0,3530250
NIFTY-II.NFO,20/01/2025,09:31:36,23410,23410,150,23413.15,375,0,3530250
NIFTY-II.NFO,20/01/2025,09:31:37,23410,23410,150,23412.95,375,0,3530250
NIFTY-II.NFO,20/01/2025,09:31:39,23410,23410,150,23411.95,375,0,3530250
NIFTY-II.NFO,20/01/2025,09:31:41,23410,23410,150,23410.6,600,0,3530250
NIFTY-II.NFO,20/01/2025,09:31:42,23407.95,23402.75,300,23408.95,75,225,3530250
NIFTY-II.NFO,20/01/2025,09:31:44,23409.05,23403,300,23409.85,150,150,3530250
NIFTY-II.NFO,20/01/2025,09:31:46,23408.9,23403.25,225,23408.3,150,150,3530250
NIFTY-II.NFO,20/01/2025,09:31:47,23408.9,23403.3,375,23409.4,150,0,3530250
NIFTY-II.NFO,20/01/2025,09:31:49,23409.85,23401.6,150,23407.75,150,75,3530250
NIFTY-II.NFO,20/01/2025,09:31:51,23405.5,23399,75,23402.15,225,75,3530250
NIFTY-II.NFO,20/01/2025,09:31:52,23405.5,23399,75,23404,300,0,3530250
NIFTY-II.NFO,20/01/2025,09:31:54,23399,23395,75,23399.1,300,75,3530250
NIFTY-II.NFO,20/01/2025,09:31:56,23399,23395,75,23399.2,225,0,3530250
NIFTY-II.NFO,20/01/2025,09:31:57,23399,23395,75,23397.75,300,0,3530250
NIFTY-II.NFO,20/01/2025,09:31:59,23395,23390,75,23393.6,300,75,3530250
NIFTY-II.NFO,20/01/2025,09:32:01,23390,23387.65,150,23393.8,300,75,3530250
NIFTY-II.NFO,20/01/2025,09:32:02,23390,23390.15,150,23395.55,150,0,3530250
NIFTY-II.NFO,20/01/2025,09:32:04,23390,23387.8,750,23394.05,375,0,3530250
NIFTY-II.NFO,20/01/2025,09:32:06,23392.4,23387.5,75,23392.6,150,75,3530250
NIFTY-II.NFO,20/01/2025,09:32:07,23392.4,23387.95,150,23392.95,75,0,3530250
NIFTY-II.NFO,20/01/2025,09:32:09,23392.4,23387.5,75,23392.45,75,0,3530250
NIFTY-II.NFO,20/01/2025,09:32:11,23392.4,23387.5,75,23390.05,150,0,3530250
NIFTY-II.NFO,20/01/2025,09:32:12,23387.5,23383,300,23389.2,150,75,3530250
NIFTY-II.NFO,20/01/2025,09:32:14,23387.5,23382.05,300,23387.8,300,0,3530250
NIFTY-II.NFO,20/01/2025,09:32:16,23387.5,23382,150,23386,300,0,3530250
NIFTY-II.NFO,20/01/2025,09:32:17,23384.2,23382,150,23384.1,225,75,3530250
NIFTY-II.NFO,20/01/2025,09:32:19,23384.2,23382,150,23387.55,300,0,3530250
NIFTY-II.NFO,20/01/2025,09:32:21,23384.2,23382.95,300,23388.1,225,0,3530250
NIFTY-II.NFO,20/01/2025,09:32:22,23384.2,23382.05,300,23387.95,75,0,3530250
NIFTY-II.NFO,20/01/2025,09:32:24,23387,23382,150,23386.1,150,75,3530250
NIFTY-II.NFO,20/01/2025,09:32:26,23387,23382.05,300,23387.7,225,0,3530250
NIFTY-II.NFO,20/01/2025,09:32:27,23387,23383.05,150,23388.2,150,0,3530250
NIFTY-II.NFO,20/01/2025,09:32:29,23387,23382,150,23385.6,150,0,3530250
NIFTY-II.NFO,20/01/2025,09:32:31,23387,23382.15,300,23388.45,75,0,3530250
NIFTY-II.NFO,20/01/2025,09:32:32,23387,23382,150,23385.4,375,0,3530250
NIFTY-II.NFO,20/01/2025,09:32:34,23380,23375,675,23380.4,150,225,3530250
NIFTY-II.NFO,20/01/2025,09:32:36,23380,23376.3,300,23383.1,150,0,3530250
NIFTY-II.NFO,20/01/2025,09:32:37,23380,23375,675,23380.15,150,0,3530250
NIFTY-II.NFO,20/01/2025,09:32:39,23380,23376.5,150,23382.6,225,0,3530250
NIFTY-II.NFO,20/01/2025,09:32:41,23380,23380,75,23383.35,150,0,3530250
NIFTY-II.NFO,20/01/2025,09:32:42,23380,23380,75,23381.55,300,0,3530250
NIFTY-II.NFO,20/01/2025,09:32:44,23382.45,23376.9,75,23382.65,150,225,3530250
NIFTY-II.NFO,20/01/2025,09:32:46,23376.5,23377.2,300,23382.45,75,75,3530250
NIFTY-II.NFO,20/01/2025,09:32:47,23376.5,23375.15,150,23381.65,75,0,3530250
NIFTY-II.NFO,20/01/2025,09:32:49,23382.45,23376.35,300,23382.85,75,75,3530250
NIFTY-II.NFO,20/01/2025,09:32:51,23382.45,23376.65,150,23382.85,75,0,3530250
NIFTY-II.NFO,20/01/2025,09:32:52,23376.65,23375.75,150,23381.75,75,75,3530250
NIFTY-II.NFO,20/01/2025,09:32:54,23376.65,23376.25,150,23380,75,0,3530250
NIFTY-II.NFO,20/01/2025,09:32:55,23376.65,23376.65,75,23380,75,0,3530250
NIFTY-II.NFO,20/01/2025,09:32:57,23376.65,23378.7,300,23380,75,0,3530250
NIFTY-II.NFO,20/01/2025,09:32:59,23376.65,23378.1,225,23380,150,0,3530250
NIFTY-II.NFO,20/01/2025,09:33:00,23376.65,23376.65,150,23379.65,225,0,3530250
NIFTY-II.NFO,20/01/2025,09:33:02,23376.65,23377.6,75,23380,150,0,3530250
NIFTY-II.NFO,20/01/2025,09:33:04,23376.65,23378.25,75,23380,150,0,3530250
NIFTY-II.NFO,20/01/2025,09:33:05,23376.65,23377.8,225,23380,150,0,3530250
NIFTY-II.NFO,20/01/2025,09:33:07,23376.65,23377.2,75,23380,150,0,3530250
NIFTY-II.NFO,20/01/2025,09:33:09,23376.65,23376.65,150,23380,150,0,3530250
NIFTY-II.NFO,20/01/2025,09:33:10,23380,23376.65,150,23380,75,75,3530250
NIFTY-II.NFO,20/01/2025,09:33:12,23380,23376.65,150,23379.3,75,0,3530250
NIFTY-II.NFO,20/01/2025,09:33:14,23365,23364.5,300,23371.75,75,1275,3530250
NIFTY-II.NFO,20/01/2025,09:33:14,23365,23364.5,300,23371.75,75,0,3530250
NIFTY-II.NFO,20/01/2025,09:33:15,23365,23367.2,75,23373.6,150,0,3530250
NIFTY-II.NFO,20/01/2025,09:33:17,23365,23367.15,150,23373.35,150,0,3530250
NIFTY-II.NFO,20/01/2025,09:33:19,23367.2,23368.95,300,23374.6,225,75,3530250
NIFTY-II.NFO,20/01/2025,09:33:20,23367.2,23371.65,300,23379.2,75,0,3530250
NIFTY-II.NFO,20/01/2025,09:33:22,23375.35,23369.3,300,23375.3,75,75,3530250
NIFTY-II.NFO,20/01/2025,09:33:24,23375.35,23369.55,150,23375.2,75,0,3530250
NIFTY-II.NFO,20/01/2025,09:33:25,23374.05,23367.3,750,23374.1,75,150,3530250
NIFTY-II.NFO,20/01/2025,09:33:27,23368,23368.1,150,23374.55,75,75,3530250
NIFTY-II.NFO,20/01/2025,09:33:29,23374.55,23369.45,300,23376.25,900,75,3530250
NIFTY-II.NFO,20/01/2025,09:33:31,23378.8,23370.4,300,23377.7,150,75,3530250
NIFTY-II.NFO,20/01/2025,09:33:32,23378.8,23370.1,375,23376.65,225,0,3530250
NIFTY-II.NFO,20/01/2025,09:33:34,23375.95,23369.25,300,23376,225,75,3530250
NIFTY-II.NFO,20/01/2025,09:33:36,23375.95,23367.95,300,23373.85,225,0,3530250
NIFTY-II.NFO,20/01/2025,09:33:37,23375.95,23367,75,23373,150,0,3530250
NIFTY-II.NFO,20/01/2025,09:33:39,23375.95,23369,75,23373.6,150,0,3530250
NIFTY-II.NFO,20/01/2025,09:33:41,23375.95,23369.5,150,23375.7,225,0,3530250
NIFTY-II.NFO,20/01/2025,09:33:42,23375.95,23369.35,150,23375.25,375,0,3530250
NIFTY-II.NFO,20/01/2025,09:33:44,23375,23369,75,23374.95,150,75,3530250
NIFTY-II.NFO,20/01/2025,09:33:46,23375,23369,75,23374.9,375,0,3530250
NIFTY-II.NFO,20/01/2025,09:33:47,23375,23369.65,150,23376.35,150,0,3530250
NIFTY-II.NFO,20/01/2025,09:33:49,23375,23370.75,300,23377,75,0,3530250
NIFTY-II.NFO,20/01/2025,09:33:51,23375,23372.2,300,23377,75,0,3530250
NIFTY-II.NFO,20/01/2025,09:33:52,23375,23373.3,300,23377,75,0,3530250
NIFTY-II.NFO,20/01/2025,09:33:54,23375,23371.6,450,23377,75,0,3530250
NIFTY-II.NFO,20/01/2025,09:33:55,23375,23373.6,300,23377,75,0,3530250
NIFTY-II.NFO,20/01/2025,09:33:57,23375,23373.55,75,23377,75,0,3530250
NIFTY-II.NFO,20/01/2025,09:33:59,23375,23374.95,450,23377,75,0,3530250
NIFTY-II.NFO,20/01/2025,09:34:00,23377,23378.2,300,23380,300,75,3530775
NIFTY-II.NFO,20/01/2025,09:34:02,23380,23379.3,375,23384.25,225,300,3530775
NIFTY-II.NFO,20/01/2025,09:34:04,23380,23378.4,375,23384.3,225,0,3530775
NIFTY-II.NFO,20/01/2025,09:34:05,23380,23381.15,375,23387.85,225,0,3530775
NIFTY-II.NFO,20/01/2025,09:34:07,23380,23383.95,375,23389.8,225,0,3530775
NIFTY-II.NFO,20/01/2025,09:34:09,23380,23382.7,150,23389.35,525,0,3530775
NIFTY-II.NFO,20/01/2025,09:34:10,23380,23381.1,150,23386.65,150,0,3530775
NIFTY-II.NFO,20/01/2025,09:34:12,23380,23381.3,150,23386.95,75,0,3530775
NIFTY-II.NFO,20/01/2025,09:34:14,23386.25,23380.2,225,23386.3,300,75,3530775
NIFTY-II.NFO,20/01/2025,09:34:15,23386.25,23380.05,150,23385.75,150,0,3530775
NIFTY-II.NFO,20/01/2025,09:34:17,23386.25,23380,150,23384.15,300,0,3530775
NIFTY-II.NFO,20/01/2025,09:34:19,23384.55,23380,225,23384.8,300,75,3530775
NIFTY-II.NFO,20/01/2025,09:34:20,23384.55,23380,225,23382.5,300,0,3530775
NIFTY-II.NFO,20/01/2025,09:34:22,23380,23375,75,23376.85,150,300,3530775
NIFTY-II.NFO,20/01/2025,09:34:24,23373.05,23367.2,150,23374.1,225,225,3530775
NIFTY-II.NFO,20/01/2025,09:34:25,23373.05,23367.6,300,23375.35,150,0,3530775
NIFTY-II.NFO,20/01/2025,09:34:27,23373.05,23367,75,23373.6,150,0,3530775
NIFTY-II.NFO,20/01/2025,09:34:29,23373.05,23368.4,300,23375.05,150,0,3530775
NIFTY-II.NFO,20/01/2025,09:34:30,23368.5,23369.85,375,23377.4,150,75,3530775
NIFTY-II.NFO,20/01/2025,09:34:32,23377.65,23370.95,300,23377.65,150,75,3530775
NIFTY-II.NFO,20/01/2025,09:34:34,23370.95,23369.8,75,23376.55,150,75,3530775
NIFTY-II.NFO,20/01/2025,09:34:35,23370.95,23368.6,300,23375.35,75,0,3530775
NIFTY-II.NFO,20/01/2025,09:34:37,23370.95,23368.25,450,23375.1,150,0,3530775
NIFTY-II.NFO,20/01/2025,09:34:39,23370.95,23368.8,300,23373.05,75,0,3530775
NIFTY-II.NFO,20/01/2025,09:34:40,23370.95,23370.25,300,23373.05,75,0,3530775
NIFTY-II.NFO,20/01/2025,09:34:42,23370.95,23370.4,300,23373.05,75,0,3530775
NIFTY-II.NFO,20/01/2025,09:34:44,23370.95,23370.15,300,23373.05,75,0,3530775
NIFTY-II.NFO,20/01/2025,09:34:45,23373.05,23370.05,300,23375.3,225,75,3530775
NIFTY-II.NFO,20/01/2025,09:34:47,23373.05,23370,75,23374.2,150,0,3530775
NIFTY-II.NFO,20/01/2025,09:34:49,23370,23368.8,300,23374.9,75,75,3530775
NIFTY-II.NFO,20/01/2025,09:34:50,23370,23369.1,300,23374.95,75,0,3530775
NIFTY-II.NFO,20/01/2025,09:34:52,23370,23370,75,23374.9,75,0,3530775
NIFTY-II.NFO,20/01/2025,09:34:54,23370,23370,75,23374.95,75,0,3530775
NIFTY-II.NFO,20/01/2025,09:34:55,23370.05,23370.05,300,23376.2,150,75,3530775
NIFTY-II.NFO,20/01/2025,09:34:57,23370.05,23370,150,23373.8,150,0,3530775
NIFTY-II.NFO,20/01/2025,09:34:59,23370.05,23370,150,23372.45,150,0,3530775
NIFTY-II.NFO,20/01/2025,09:35:00,23368.2,23367,75,23368.45,150,225,3530775
NIFTY-II.NFO,20/01/2025,09:35:02,23367,23365,150,23369.55,150,75,3530775
NIFTY-II.NFO,20/01/2025,09:35:04,23367,23365.9,300,23370.25,225,0,3530775
NIFTY-II.NFO,20/01/2025,09:35:05,23367,23365,150,23370.3,75,0,3530775
NIFTY-II.NFO,20/01/2025,09:35:07,23367,23366.55,300,23370.3,75,0,3530775
NIFTY-II.NFO,20/01/2025,09:35:09,23367.95,23367.75,75,23370.3,75,1950,3530775
NIFTY-II.NFO,20/01/2025,09:35:10,23370.3,23367.35,225,23372.95,75,75,3530775
NIFTY-II.NFO,20/01/2025,09:35:12,23367.65,23367.1,75,23373.55,150,75,3530775
NIFTY-II.NFO,20/01/2025,09:35:14,23369.8,23364,150,23369.9,375,225,3530775
NIFTY-II.NFO,20/01/2025,09:35:15,23364,23364,75,23368.55,150,75,3530775
NIFTY-II.NFO,20/01/2025,09:35:15,23364,23364,75,23368.55,150,0,3530775
NIFTY-II.NFO,20/01/2025,09:35:17,23362.1,23363.85,75,23370.9,300,375,3530775
NIFTY-II.NFO,20/01/2025,09:35:17,23362.1,23363.85,75,23370.9,300,0,3530775
NIFTY-II.NFO,20/01/2025,09:35:19,23362.1,23362.2,150,23368.9,300,0,3530775
NIFTY-II.NFO,20/01/2025,09:35:20,23362.1,23364.25,75,23371,300,0,3530775
NIFTY-II.NFO,20/01/2025,09:35:22,23362.1,23365.8,75,23369.95,75,0,3530775
NIFTY-II.NFO,20/01/2025,09:35:24,23362.1,23367.5,75,23373.95,75,0,3530775
NIFTY-II.NFO,20/01/2025,09:35:25,23362.1,23367.2,75,23373.9,300,0,3530775
NIFTY-II.NFO,20/01/2025,09:35:27,23367.2,23368.35,75,23374.95,75,75,3530775
NIFTY-II.NFO,20/01/2025,09:35:29,23367.2,23369.05,75,23375,75,0,3530775
NIFTY-II.NFO,20/01/2025,09:35:30,23367.2,23369.6,75,23374,75,0,3530775
NIFTY-II.NFO,20/01/2025,09:35:32,23367.2,23371.05,75,23374,75,0,3530775
NIFTY-II.NFO,20/01/2025,09:35:34,23373.7,23372.7,150,23375,75,150,3530775
NIFTY-II.NFO,20/01/2025,09:35:35,23371.45,23371.45,75,23375,75,75,3530775
NIFTY-II.NFO,20/01/2025,09:35:37,23376.95,23373,75,23379.3,225,150,3530775
NIFTY-II.NFO,20/01/2025,09:35:39,23376.95,23372.9,750,23378.95,75,0,3530775
NIFTY-II.NFO,20/01/2025,09:35:40,23376.95,23375,75,23379.9,225,0,3530775
NIFTY-II.NFO,20/01/2025,09:35:42,23376.95,23376.35,750,23382.9,300,0,3530775
NIFTY-II.NFO,20/01/2025,09:35:44,23378.75,23375.3,225,23381.9,300,75,3530775
NIFTY-II.NFO,20/01/2025,09:35:45,23378.75,23376.95,375,23384.25,300,0,3530775
NIFTY-II.NFO,20/01/2025,09:35:47,23378.75,23378.25,900,23384.55,225,0,3530775
NIFTY-II.NFO,20/01/2025,09:35:49,23378.75,23379.1,300,23385.9,300,0,3530775
NIFTY-II.NFO,20/01/2025,09:35:50,23378.75,23378.15,75,23384.9,300,0,3530775
NIFTY-II.NFO,20/01/2025,09:35:52,23378.75,23379.25,75,23386.65,300,0,3530775
NIFTY-II.NFO,20/01/2025,09:35:54,23378.75,23380.45,150,23386.95,75,0,3530775
NIFTY-II.NFO,20/01/2025,09:35:55,23378.75,23377.15,150,23383.5,300,0,3530775
NIFTY-II.NFO,20/01/2025,09:35:57,23378.75,23376.95,225,23382.9,300,0,3530775
NIFTY-II.NFO,20/01/2025,09:35:59,23378.75,23376.95,225,23381.3,300,0,3530775
NIFTY-II.NFO,20/01/2025,09:36:00,23376.95,23376.95,75,23378.15,300,150,3530775
NIFTY-II.NFO,20/01/2025,09:36:02,23376.95,23376.95,75,23378.3,300,0,3530775
NIFTY-II.NFO,20/01/2025,09:36:04,23376.95,23371.75,300,23378.55,300,75,3530775
NIFTY-II.NFO,20/01/2025,09:36:05,23376.95,23368.55,300,23374.9,300,0,3530775
NIFTY-II.NFO,20/01/2025,09:36:07,23370,23369.85,225,23375.95,75,75,3530775
NIFTY-II.NFO,20/01/2025,09:36:09,23370,23371.35,975,23376.95,75,0,3530775
NIFTY-II.NFO,20/01/2025,09:36:10,23370,23370.15,750,23376.9,375,0,3530775
NIFTY-II.NFO,20/01/2025,09:36:12,23370,23371.85,225,23376.95,150,0,3530775
NIFTY-II.NFO,20/01/2025,09:36:14,23370,23372.95,150,23376.95,150,0,3530775
NIFTY-II.NFO,20/01/2025,09:36:15,23370,23373.55,750,23376.95,150,0,3530775
NIFTY-II.NFO,20/01/2025,09:36:17,23370,23373.9,750,23376.95,150,0,3530775
NIFTY-II.NFO,20/01/2025,09:36:19,23370,23370.1,150,23376.65,150,0,3530775
NIFTY-II.NFO,20/01/2025,09:36:20,23370,23371.25,825,23376.95,150,0,3530775
NIFTY-II.NFO,20/01/2025,09:36:22,23370,23372.25,825,23376.95,150,0,3530775
NIFTY-II.NFO,20/01/2025,09:36:24,23370,23370,225,23376.9,375,0,3530775
NIFTY-II.NFO,20/01/2025,09:36:25,23370,23370.8,75,23376.95,225,0,3530775
NIFTY-II.NFO,20/01/2025,09:36:27,23370,23370,150,23375.8,300,0,3530775
NIFTY-II.NFO,20/01/2025,09:36:29,23370,23372.05,75,23376.95,150,0,3530775
NIFTY-II.NFO,20/01/2025,09:36:30,23372.25,23372.5,1575,23376.95,150,375,3530775
NIFTY-II.NFO,20/01/2025,09:36:32,23374.05,23372.75,750,23376.95,150,150,3530775
NIFTY-II.NFO,20/01/2025,09:36:34,23374.05,23371.9,750,23376,75,0,3530775
NIFTY-II.NFO,20/01/2025,09:36:35,23374.05,23371.55,750,23376,75,0,3530775
NIFTY-II.NFO,20/01/2025,09:36:37,23374.05,23372.85,150,23376,75,0,3530775
NIFTY-II.NFO,20/01/2025,09:36:39,23376,23372,1125,23376.95,75,75,3530775
NIFTY-II.NFO,20/01/2025,09:36:40,23372,23373.85,75,23376.95,75,75,3530775
NIFTY-II.NFO,20/01/2025,09:36:42,23372,23373.75,1650,23376.95,75,0,3530775
NIFTY-II.NFO,20/01/2025,09:36:44,23376,23376,150,23376.95,75,75,3530775
NIFTY-II.NFO,20/01/2025,09:36:45,23376,23376,150,23376.95,75,0,3530775
NIFTY-II.NFO,20/01/2025,09:36:52,23377.15,23372.7,75,23379.2,300,150,3530775
NIFTY-II.NFO,20/01/2025,09:36:54,23377.15,23372.25,75,23379.5,300,0,3532275
NIFTY-II.NFO,20/01/2025,09:36:55,23377.15,23372.8,75,23379.95,300,0,3532275
NIFTY-II.NFO,20/01/2025,09:36:57,23377.15,23373.75,75,23380.55,300,0,3532275
NIFTY-II.NFO,20/01/2025,09:36:59,23377.15,23372.25,75,23373.15,75,0,3532275
NIFTY-II.NFO,20/01/2025,09:37:00,23373.15,23372.9,75,23379.9,300,75,3532275
NIFTY-II.NFO,20/01/2025,09:37:02,23373.15,23371,150,23378.4,300,0,3532275
NIFTY-II.NFO,20/01/2025,09:37:04,23373.15,23371.5,75,23378.4,300,0,3532275
NIFTY-II.NFO,20/01/2025,09:37:05,23373.15,23377.15,75,23380.25,300,0,3532275
NIFTY-II.NFO,20/01/2025,09:37:07,23377.15,23377.25,75,23383.7,300,75,3532275
NIFTY-II.NFO,20/01/2025,09:37:09,23378.45,23379.3,600,23386.1,225,150,3532275
NIFTY-II.NFO,20/01/2025,09:37:10,23384.05,23377.05,375,23384.05,75,75,3532275
NIFTY-II.NFO,20/01/2025,09:37:12,23376,23373.15,75,23380.15,525,75,3532275
NIFTY-II.NFO,20/01/2025,09:37:14,23376,23374.2,825,23381.35,525,0,3532275
NIFTY-II.NFO,20/01/2025,09:37:15,23376,23375.7,825,23382.8,450,0,3532275
NIFTY-II.NFO,20/01/2025,09:37:17,23376,23375.75,750,23382.75,450,0,3532275
NIFTY-II.NFO,20/01/2025,09:37:19,23376,23373.15,75,23379.55,375,0,3532275
NIFTY-II.NFO,20/01/2025,09:37:20,23373.15,23371.8,300,23379.65,300,75,3532275
NIFTY-II.NFO,20/01/2025,09:37:22,23373.15,23376,75,23377.2,300,0,3532275
NIFTY-II.NFO,20/01/2025,09:37:24,23376,23370,225,23373.15,150,75,3532275
NIFTY-II.NFO,20/01/2025,09:37:25,23376,23370,225,23373.15,150,0,3532275
NIFTY-II.NFO,20/01/2025,09:37:32,23376,23370.35,750,23373.15,150,0,3532275
NIFTY-II.NFO,20/01/2025,09:37:34,23373.15,23370,375,23375.65,225,150,3532275
NIFTY-II.NFO,20/01/2025,09:37:35,23373.15,23370,375,23373.85,225,0,3532275
NIFTY-II.NFO,20/01/2025,09:37:37,23372.7,23370,375,23372.7,150,75,3532275
NIFTY-II.NFO,20/01/2025,09:37:39,23372.7,23370,375,23373.6,450,0,3532275
NIFTY-II.NFO,20/01/2025,09:37:40,23373.6,23370,375,23373.8,300,75,3532275
NIFTY-II.NFO,20/01/2025,09:37:42,23373.6,23370,225,23371.8,300,0,3532275
NIFTY-II.NFO,20/01/2025,09:37:44,23370,23370,150,23373.95,300,75,3532275
NIFTY-II.NFO,20/01/2025,09:37:45,23370,23370.1,225,23373.35,300,0,3532275
NIFTY-II.NFO,20/01/2025,09:37:47,23370,23370,150,23374.35,150,0,3532275
NIFTY-II.NFO,20/01/2025,09:37:49,23370,23370,150,23374.75,150,0,3532275
NIFTY-II.NFO,20/01/2025,09:37:51,23370,23370.1,225,23374.8,150,0,3532275
NIFTY-II.NFO,20/01/2025,09:37:52,23374.6,23370.15,150,23376.5,300,75,3532275
NIFTY-II.NFO,20/01/2025,09:37:54,23374.6,23370.6,225,23377.4,150,0,3532275
NIFTY-II.NFO,20/01/2025,09:37:56,23374.6,23370,300,23375.45,150,0,3532275
NIFTY-II.NFO,20/01/2025,09:37:57,23374.6,23370,300,23373.95,300,0,3532275
NIFTY-II.NFO,20/01/2025,09:37:59,23374.6,23370,300,23370.2,75,0,3532275
NIFTY-II.NFO,20/01/2025,09:38:02,23370,23365,150,23369,150,300,3532275
NIFTY-II.NFO,20/01/2025,09:38:04,23370.2,23365,150,23370.95,300,75,3532275
NIFTY-II.NFO,20/01/2025,09:38:06,23370.2,23365,150,23369.8,300,0,3532275
NIFTY-II.NFO,20/01/2025,09:38:07,23370.2,23365,150,23371.7,300,0,3532275
NIFTY-II.NFO,20/01/2025,09:38:09,23370.2,23365.05,225,23371.9,300,0,3532275
NIFTY-II.NFO,20/01/2025,09:38:11,23370.2,23366.4,225,23373.05,225,0,3532275
NIFTY-II.NFO,20/01/2025,09:38:12,23366.6,23367.2,150,23373.45,225,75,3532275
NIFTY-II.NFO,20/01/2025,09:38:14,23372.95,23367.25,225,23373.95,75,75,3532275
NIFTY-II.NFO,20/01/2025,09:38:16,23372.95,23367.45,150,23373.95,75,0,3532275
NIFTY-II.NFO,20/01/2025,09:38:17,23372.95,23370,150,23375.9,150,0,3532275
NIFTY-II.NFO,20/01/2025,09:38:21,23372.95,23371.55,225,23378,150,0,3532275
NIFTY-II.NFO,20/01/2025,09:38:22,23372.95,23371.4,75,23377.95,75,0,3532275
NIFTY-II.NFO,20/01/2025,09:38:24,23372.95,23371.3,450,23378.4,150,0,3532275
NIFTY-II.NFO,20/01/2025,09:38:26,23378,23372.35,750,23378.9,300,75,3532275
NIFTY-II.NFO,20/01/2025,09:38:27,23378,23373.8,750,23378.9,225,0,3532275
NIFTY-II.NFO,20/01/2025,09:38:29,23373.85,23373.8,750,23379.6,225,75,3532275
NIFTY-II.NFO,20/01/2025,09:38:31,23373.85,23373.65,900,23379.25,225,0,3532275
NIFTY-II.NFO,20/01/2025,09:38:32,23373.85,23376.2,750,23379.9,225,0,3532275
NIFTY-II.NFO,20/01/2025,09:38:34,23373.85,23376.65,750,23380,75,0,3532275
NIFTY-II.NFO,20/01/2025,09:38:36,23373.85,23376,750,23380,75,0,3532275
NIFTY-II.NFO,20/01/2025,09:38:39,23373.85,23374,75,23378.9,300,0,3532275
NIFTY-II.NFO,20/01/2025,09:38:41,23377.95,23374,75,23378.6,300,75,3532275
NIFTY-II.NFO,20/01/2025,09:38:42,23377.95,23374,75,23377.85,300,0,3532275
NIFTY-II.NFO,20/01/2025,09:38:44,23377.95,23374,75,23376.7,300,0,3532275
NIFTY-II.NFO,20/01/2025,09:38:46,23374,23370,75,23374.2,300,75,3532275
NIFTY-II.NFO,20/01/2025,09:38:47,23374,23370.4,225,23376.9,300,0,3532275
NIFTY-II.NFO,20/01/2025,09:38:49,23374,23370,75,23375.45,300,0,3532275
NIFTY-II.NFO,20/01/2025,09:38:51,23374,23370,75,23371.85,300,0,3532275
NIFTY-II.NFO,20/01/2025,09:38:52,23374,23370,75,23371.75,300,0,3532275
NIFTY-II.NFO,20/01/2025,09:38:54,23370,23368,75,23371.3,300,75,3532275
NIFTY-II.NFO,20/01/2025,09:38:56,23370,23368,75,23370.45,300,0,3532275
NIFTY-II.NFO,20/01/2025,09:38:57,23370,23368,75,23369.15,300,0,3532275
NIFTY-II.NFO,20/01/2025,09:38:59,23368,23367,75,23367.9,300,75,3532275
NIFTY-II.NFO,20/01/2025,09:39:01,23365,23362.1,150,23364.3,150,225,3532275
NIFTY-II.NFO,20/01/2025,09:39:02,23362.1,23360.1,75,23361.8,150,150,3532275
NIFTY-II.NFO,20/01/2025,09:39:04,23362.1,23360.1,75,23364.3,225,0,3532275
NIFTY-II.NFO,20/01/2025,09:39:06,23362.1,23360.1,75,23364.25,300,0,3532275
NIFTY-II.NFO,20/01/2025,09:39:07,23362.1,23360.1,75,23362.55,150,0,3532275
NIFTY-II.NFO,20/01/2025,09:39:09,23362.1,23360.1,75,23362.1,150,0,3532275
NIFTY-II.NFO,20/01/2025,09:39:11,23362.1,23360.4,75,23362.1,150,75,3532275
NIFTY-II.NFO,20/01/2025,09:39:12,23362.1,23360.35,150,23362.1,150,0,3532275
NIFTY-II.NFO,20/01/2025,09:39:14,23362.1,23360.15,75,23362.1,150,0,3532275
NIFTY-II.NFO,20/01/2025,09:39:16,23362.1,23360.15,75,23362.1,75,75,3532275
NIFTY-II.NFO,20/01/2025,09:39:17,23362.1,23360.15,150,23365.95,75,75,3532275
NIFTY-II.NFO,20/01/2025,09:39:19,23362.1,23360.15,150,23365.95,75,0,3532275
NIFTY-II.NFO,20/01/2025,09:39:21,23362.1,23360.75,150,23367.3,150,0,3532275
NIFTY-II.NFO,20/01/2025,09:39:22,23362.1,23361.05,150,23367.25,150,0,3532275
NIFTY-II.NFO,20/01/2025,09:39:24,23362.1,23361.2,150,23367.8,150,0,3532275
NIFTY-II.NFO,20/01/2025,09:39:26,23362.1,23361.85,150,23365,75,0,3532275
NIFTY-II.NFO,20/01/2025,09:39:27,23362.1,23362.5,75,23365,75,0,3532275
NIFTY-II.NFO,20/01/2025,09:39:29,23362.1,23361.85,75,23365,75,0,3532275
NIFTY-II.NFO,20/01/2025,09:39:31,23363.15,23362.5,225,23365,75,75,3532275
NIFTY-II.NFO,20/01/2025,09:39:32,23363.15,23361.1,225,23365,75,0,3532275
NIFTY-II.NFO,20/01/2025,09:39:34,23363.15,23361,75,23362,150,0,3532275
NIFTY-II.NFO,20/01/2025,09:39:36,23362,23361,75,23362,75,75,3532275
NIFTY-II.NFO,20/01/2025,09:39:36,23362,23361,75,23362,75,0,3532275
NIFTY-II.NFO,20/01/2025,09:39:37,23360,23360,300,23362,75,225,3532275
NIFTY-II.NFO,20/01/2025,09:39:37,23360,23360,300,23362,75,0,3532275
NIFTY-II.NFO,20/01/2025,09:39:39,23360,23360,300,23362,75,0,3532275
NIFTY-II.NFO,20/01/2025,09:39:42,23362,23361.4,375,23365,75,75,3532275
NIFTY-II.NFO,20/01/2025,09:39:44,23362,23361.1,375,23365,75,0,3532275
NIFTY-II.NFO,20/01/2025,09:39:46,23362,23361.75,375,23365,75,0,3532275
NIFTY-II.NFO,20/01/2025,09:39:47,23365,23361.3,375,23368,75,75,3532275
NIFTY-II.NFO,20/01/2025,09:39:49,23365,23363.4,375,23368,75,0,3532275
NIFTY-II.NFO,20/01/2025,09:39:51,23365,23363.3,375,23368,75,0,3532275
NIFTY-II.NFO,20/01/2025,09:39:52,23365,23364.75,375,23368,75,0,3532275
NIFTY-II.NFO,20/01/2025,09:39:54,23365,23363.05,375,23368,75,0,3532275
NIFTY-II.NFO,20/01/2025,09:39:56,23365,23365.15,375,23368,75,0,3532275
NIFTY-II.NFO,20/01/2025,09:39:57,23365,23363.65,375,23368,75,0,3532275
NIFTY-II.NFO,20/01/2025,09:39:59,23365,23364.55,750,23368,75,0,3532275
NIFTY-II.NFO,20/01/2025,09:40:01,23365.65,23363.3,900,23370.9,300,150,3532950
NIFTY-II.NFO,20/01/2025,09:40:02,23368.95,23362.95,300,23369.45,300,75,3532950
NIFTY-II.NFO,20/01/2025,09:40:04,23368.95,23362.05,300,23368.9,300,0,3532950
NIFTY-II.NFO,20/01/2025,09:40:06,23368.95,23364.5,375,23370.95,375,0,3532950
NIFTY-II.NFO,20/01/2025,09:40:07,23368.95,23362.8,750,23370.2,300,0,3532950
NIFTY-II.NFO,20/01/2025,09:40:09,23368.95,23363.25,300,23369.45,150,0,3532950
NIFTY-II.NFO,20/01/2025,09:40:11,23368.95,23362.1,300,23366.95,75,0,3532950
NIFTY-II.NFO,20/01/2025,09:40:12,23368.95,23362.2,225,23369.3,300,0,3532950
NIFTY-II.NFO,20/01/2025,09:40:14,23368.95,23360,225,23365.3,375,0,3532950
NIFTY-II.NFO,20/01/2025,09:40:16,23368.95,23362,75,23367.2,150,0,3532950
NIFTY-II.NFO,20/01/2025,09:40:17,23368.95,23362,75,23368,300,0,3532950
NIFTY-II.NFO,20/01/2025,09:40:19,23367.5,23362.15,300,23368.45,300,75,3532950
NIFTY-II.NFO,20/01/2025,09:40:21,23367.5,23362.8,300,23368.9,300,0,3532950
NIFTY-II.NFO,20/01/2025,09:40:22,23367.5,23364.05,300,23368.95,75,0,3532950
NIFTY-II.NFO,20/01/2025,09:40:24,23367.5,23365.6,300,23370,75,0,3532950
NIFTY-II.NFO,20/01/2025,09:40:26,23367.5,23362,375,23367.95,150,0,3532950
NIFTY-II.NFO,20/01/2025,09:40:27,23367.45,23362,75,23366.6,300,75,3532950
NIFTY-II.NFO,20/01/2025,09:40:29,23367.45,23362,75,23364.35,300,0,3532950
NIFTY-II.NFO,20/01/2025,09:40:31,23362,23360,225,23363.6,300,75,3532950
NIFTY-II.NFO,20/01/2025,09:40:32,23364.05,23360,225,23364.4,300,75,3532950
NIFTY-II.NFO,20/01/2025,09:40:34,23364.05,23360,225,23365.4,300,0,3532950
NIFTY-II.NFO,20/01/2025,09:40:36,23364.05,23361.3,150,23368.1,300,0,3532950
NIFTY-II.NFO,20/01/2025,09:40:37,23364.05,23362.5,300,23368.95,75,0,3532950
NIFTY-II.NFO,20/01/2025,09:40:39,23365.8,23365.8,75,23370,75,75,3532950
NIFTY-II.NFO,20/01/2025,09:40:41,23365.8,23366.35,75,23370,75,0,3532950
NIFTY-II.NFO,20/01/2025,09:40:42,23370,23370.65,75,23375.8,225,75,3532950
NIFTY-II.NFO,20/01/2025,09:40:44,23374.45,23369.7,75,23375.9,225,150,3532950
NIFTY-II.NFO,20/01/2025,09:40:46,23374.45,23370.65,75,23377.05,225,0,3532950
NIFTY-II.NFO,20/01/2025,09:40:47,23374.45,23373.8,75,23379.45,225,0,3532950
NIFTY-II.NFO,20/01/2025,09:40:49,23374.45,23371.65,75,23378,225,0,3532950
NIFTY-II.NFO,20/01/2025,09:40:51,23374.45,23373.15,75,23379.4,225,0,3532950
NIFTY-II.NFO,20/01/2025,09:40:52,23374.45,23373.55,75,23379.35,300,0,3532950
NIFTY-II.NFO,20/01/2025,09:40:54,23374.45,23374.05,150,23380.75,300,0,3532950
NIFTY-II.NFO,20/01/2025,09:40:56,23374.45,23373.3,75,23379.95,300,0,3532950
NIFTY-II.NFO,20/01/2025,09:40:57,23374.45,23375.1,75,23380,225,0,3532950
NIFTY-II.NFO,20/01/2025,09:40:59,23374.45,23372.35,300,23378.1,300,0,3532950
NIFTY-II.NFO,20/01/2025,09:41:01,23374.45,23371.85,75,23377.65,300,0,3532950
NIFTY-II.NFO,20/01/2025,09:41:02,23374.45,23371.35,75,23376.85,300,0,3532950
NIFTY-II.NFO,20/01/2025,09:41:04,23374.45,23371.4,75,23376.55,300,0,3532950
NIFTY-II.NFO,20/01/2025,09:41:06,23374.45,23371.2,150,23376.95,300,0,3532950
NIFTY-II.NFO,20/01/2025,09:41:07,23374.45,23374,75,23375.5,225,0,3532950
NIFTY-II.NFO,20/01/2025,09:41:09,23374.45,23374,75,23376.35,300,0,3532950
NIFTY-II.NFO,20/01/2025,09:41:12,23374.45,23374,75,23375.65,300,0,3532950
NIFTY-II.NFO,20/01/2025,09:41:14,23374.45,23374,75,23376.2,300,0,3532950
NIFTY-II.NFO,20/01/2025,09:41:16,23374.45,23374,75,23375.35,300,0,3532950
NIFTY-II.NFO,20/01/2025,09:41:17,23374.45,23374,75,23374.7,300,0,3532950
NIFTY-II.NFO,20/01/2025,09:41:19,23378.25,23374,75,23377.2,300,75,3532950
NIFTY-II.NFO,20/01/2025,09:41:21,23378.25,23375.65,225,23380.85,225,0,3532950
NIFTY-II.NFO,20/01/2025,09:41:22,23378.25,23377.3,225,23381.75,300,0,3532950
NIFTY-II.NFO,20/01/2025,09:41:24,23379.65,23380,225,23385.7,225,75,3532950
NIFTY-II.NFO,20/01/2025,09:41:26,23379.65,23381.5,225,23386.6,300,0,3532950
NIFTY-II.NFO,20/01/2025,09:41:27,23379.7,23380.6,150,23384.5,300,75,3532950
NIFTY-II.NFO,20/01/2025,09:41:29,23379.7,23378.9,150,23384.4,300,0,3532950
NIFTY-II.NFO,20/01/2025,09:41:31,23382.1,23376.2,150,23381.5,300,150,3532950
NIFTY-II.NFO,20/01/2025,09:41:32,23382.1,23375.65,150,23380.45,225,0,3532950
NIFTY-II.NFO,20/01/2025,09:41:34,23380.55,23375,600,23380.75,300,525,3532950
NIFTY-II.NFO,20/01/2025,09:41:36,23380.55,23375,600,23380.95,300,0,3532950
NIFTY-II.NFO,20/01/2025,09:41:37,23380.55,23375,600,23380.6,300,0,3532950
NIFTY-II.NFO,20/01/2025,09:41:39,23375,23375,450,23380.2,300,150,3532950
NIFTY-II.NFO,20/01/2025,09:41:41,23375,23375.95,225,23380.4,150,0,3532950
NIFTY-II.NFO,20/01/2025,09:41:42,23375,23375,450,23379.65,300,0,3532950
NIFTY-II.NFO,20/01/2025,09:41:44,23375,23375,450,23379.55,300,0,3532950
NIFTY-II.NFO,20/01/2025,09:41:46,23375,23375,375,23379.05,300,75,3532950
NIFTY-II.NFO,20/01/2025,09:41:47,23375,23375,375,23380.25,300,0,3532950
NIFTY-II.NFO,20/01/2025,09:41:49,23375,23375.2,225,23382.5,300,0,3532950
NIFTY-II.NFO,20/01/2025,09:41:51,23376.75,23376.7,75,23383.2,300,75,3532950
NIFTY-II.NFO,20/01/2025,09:41:52,23376.75,23380.25,75,23386.5,675,0,3532950
NIFTY-II.NFO,20/01/2025,09:41:54,23376.75,23380.55,225,23386.5,300,0,3532950
NIFTY-II.NFO,20/01/2025,09:41:55,23387.1,23380.55,225,23385.8,150,1800,3532950
NIFTY-II.NFO,20/01/2025,09:41:57,23387.1,23380.55,225,23385.1,150,0,3532950
NIFTY-II.NFO,20/01/2025,09:41:59,23387.1,23380,150,23383.25,150,0,3532950
NIFTY-II.NFO,20/01/2025,09:42:00,23387.1,23380,150,23382.8,150,0,3532950
NIFTY-II.NFO,20/01/2025,09:42:02,23380,23380.3,75,23386.7,150,75,3532950
NIFTY-II.NFO,20/01/2025,09:42:04,23380,23382.85,75,23388.4,225,0,3532950
NIFTY-II.NFO,20/01/2025,09:42:06,23382.9,23382.8,225,23388.55,225,150,3532950
NIFTY-II.NFO,20/01/2025,09:42:07,23382.9,23382.35,225,23387.95,150,0,3532950
NIFTY-II.NFO,20/01/2025,09:42:09,23382.9,23382.85,225,23388.55,375,0,3532950
NIFTY-II.NFO,20/01/2025,09:42:11,23387.75,23380.05,375,23386.25,150,1800,3532950
NIFTY-II.NFO,20/01/2025,09:42:12,23387.75,23380.05,375,23386.85,150,0,3532950
NIFTY-II.NFO,20/01/2025,09:42:14,23387.75,23380,225,23385.75,150,0,3532950
NIFTY-II.NFO,20/01/2025,09:42:16,23387.75,23380,225,23384.35,150,0,3532950
NIFTY-II.NFO,20/01/2025,09:42:17,23387.75,23380,225,23384.9,75,0,3532950
NIFTY-II.NFO,20/01/2025,09:42:19,23387.75,23380,225,23385.05,150,0,3532950
NIFTY-II.NFO,20/01/2025,09:42:21,23387.75,23380.25,300,23386.55,150,0,3532950
NIFTY-II.NFO,20/01/2025,09:42:22,23387.75,23380.75,375,23387.25,150,0,3532950
NIFTY-II.NFO,20/01/2025,09:42:24,23386.25,23380,225,23385.95,150,75,3532950
NIFTY-II.NFO,20/01/2025,09:42:26,23386.25,23380.55,225,23385.95,150,0,3532950
NIFTY-II.NFO,20/01/2025,09:42:27,23386.25,23385,75,23385.55,150,0,3532950
NIFTY-II.NFO,20/01/2025,09:42:29,23385,23382,150,23385.15,150,75,3532950
NIFTY-II.NFO,20/01/2025,09:42:31,23385,23386,150,23386.35,150,0,3532950
NIFTY-II.NFO,20/01/2025,09:42:32,23385,23386,150,23387.3,150,0,3532950
NIFTY-II.NFO,20/01/2025,09:42:34,23385,23386,150,23387.25,75,0,3532950
NIFTY-II.NFO,20/01/2025,09:42:36,23385,23387,150,23388.45,150,0,3532950
NIFTY-II.NFO,20/01/2025,09:42:37,23388.45,23387,150,23388.9,150,75,3532950
NIFTY-II.NFO,20/01/2025,09:42:39,23388.45,23387,150,23388.9,150,0,3532950
NIFTY-II.NFO,20/01/2025,09:42:42,23388.9,23385.2,225,23390.25,150,150,3532950
NIFTY-II.NFO,20/01/2025,09:42:44,23388.9,23386.75,225,23391.5,150,0,3532950
NIFTY-II.NFO,20/01/2025,09:42:46,23388.9,23388.45,300,23391.4,150,0,3532950
NIFTY-II.NFO,20/01/2025,09:42:47,23388.9,23388.45,300,23392.9,75,0,3532950
NIFTY-II.NFO,20/01/2025,09:42:49,23388.9,23390,75,23393.45,150,0,3532950
NIFTY-II.NFO,20/01/2025,09:42:51,23388.9,23390,75,23394,150,0,3532950
NIFTY-II.NFO,20/01/2025,09:42:52,23388.9,23390,75,23394.1,150,0,3532950
NIFTY-II.NFO,20/01/2025,09:42:54,23390,23393.3,150,23394.1,75,150,3534675
NIFTY-II.NFO,20/01/2025,09:42:56,23393.3,23393.3,75,23394.55,300,75,3534675
NIFTY-II.NFO,20/01/2025,09:42:57,23390.35,23389.95,225,23395.25,150,150,3534675
NIFTY-II.NFO,20/01/2025,09:42:59,23390.15,23389.5,225,23394.7,75,75,3534675
NIFTY-II.NFO,20/01/2025,09:43:01,23398.6,23391.7,300,23398.1,150,75,3534675
NIFTY-II.NFO,20/01/2025,09:43:02,23398.6,23390.75,225,23396.8,375,0,3534675
NIFTY-II.NFO,20/01/2025,09:43:04,23398.6,23389.2,225,23395.2,225,0,3534675
NIFTY-II.NFO,20/01/2025,09:43:06,23395.8,23389.95,300,23396.15,75,450,3534675
NIFTY-II.NFO,20/01/2025,09:43:07,23395.8,23391.05,225,23396.05,75,0,3534675
NIFTY-II.NFO,20/01/2025,09:43:09,23395.8,23391.05,75,23397.5,300,0,3534675
NIFTY-II.NFO,20/01/2025,09:43:11,23395.8,23394.3,375,23400,225,0,3534675
NIFTY-II.NFO,20/01/2025,09:43:12,23395.8,23395.8,75,23400,225,0,3534675
NIFTY-II.NFO,20/01/2025,09:43:14,23395.8,23396.9,375,23400,225,0,3534675
NIFTY-II.NFO,20/01/2025,09:43:16,23403.15,23400,75,23404.9,225,300,3534675
NIFTY-II.NFO,20/01/2025,09:43:17,23403.15,23400,75,23403.2,150,0,3534675
NIFTY-II.NFO,20/01/2025,09:43:19,23401.95,23397.15,300,23403.25,150,225,3534675
NIFTY-II.NFO,20/01/2025,09:43:21,23404,23394.5,375,23400.95,150,225,3534675
NIFTY-II.NFO,20/01/2025,09:43:22,23404,23396.4,300,23402.9,150,0,3534675
NIFTY-II.NFO,20/01/2025,09:43:24,23397.15,23397.15,375,23403.3,150,150,3534675
NIFTY-II.NFO,20/01/2025,09:43:25,23403.4,23394.75,375,23402.3,375,75,3534675
NIFTY-II.NFO,20/01/2025,09:43:27,23401.8,23392.55,300,23400.2,75,75,3534675
NIFTY-II.NFO,20/01/2025,09:43:29,23400.75,23393.1,375,23400.65,150,75,3534675
NIFTY-II.NFO,20/01/2025,09:43:30,23400.75,23391.4,300,23399.2,300,0,3534675
NIFTY-II.NFO,20/01/2025,09:43:32,23400.75,23391.1,375,23398.85,150,0,3534675
NIFTY-II.NFO,20/01/2025,09:43:34,23400.75,23391.1,375,23398.75,600,0,3534675
NIFTY-II.NFO,20/01/2025,09:43:35,23400.75,23391.5,300,23398.95,225,0,3534675
NIFTY-II.NFO,20/01/2025,09:43:37,23400.75,23391.25,450,23399.2,300,0,3534675
NIFTY-II.NFO,20/01/2025,09:43:39,23400.75,23392.85,375,23400.6,225,0,3534675
NIFTY-II.NFO,20/01/2025,09:43:40,23400.75,23392.2,300,23399.35,150,0,3534675
NIFTY-II.NFO,20/01/2025,09:43:42,23400.75,23394.45,225,23399.8,600,0,3534675
NIFTY-II.NFO,20/01/2025,09:43:44,23400.75,23392.1,375,23400.15,750,0,3534675
NIFTY-II.NFO,20/01/2025,09:43:45,23400.75,23392.05,150,23399.15,600,0,3534675
NIFTY-II.NFO,20/01/2025,09:43:47,23392.1,23391,75,23397.5,150,150,3534675
NIFTY-II.NFO,20/01/2025,09:43:49,23397.5,23391,75,23396.3,225,75,3534675
NIFTY-II.NFO,20/01/2025,09:43:50,23396.95,23391,75,23396.75,300,75,3534675
NIFTY-II.NFO,20/01/2025,09:43:52,23396.95,23391,75,23396.2,300,0,3534675
NIFTY-II.NFO,20/01/2025,09:43:53,23396.95,23391,75,23394.1,450,0,3534675
NIFTY-II.NFO,20/01/2025,09:43:55,23396.95,23394,150,23395.8,525,0,3534675
NIFTY-II.NFO,20/01/2025,09:43:57,23394,23391,75,23394.05,75,150,3534675
NIFTY-II.NFO,20/01/2025,09:43:58,23394,23391,150,23393.3,300,0,3534675
NIFTY-II.NFO,20/01/2025,09:44:00,23392.5,23391,150,23392.5,225,75,3534675
NIFTY-II.NFO,20/01/2025,09:44:02,23390.1,23385,150,23390.1,300,300,3534675
NIFTY-II.NFO,20/01/2025,09:44:04,23388.85,23385,150,23387.4,75,75,3534675
NIFTY-II.NFO,20/01/2025,09:44:05,23385,23380,150,23383.2,150,150,3534675
NIFTY-II.NFO,20/01/2025,09:44:07,23385,23380,150,23384.6,75,0,3534675
NIFTY-II.NFO,20/01/2025,09:44:09,23385,23380,150,23383.75,75,0,3534675
NIFTY-II.NFO,20/01/2025,09:44:10,23380,23380,75,23383.9,300,150,3534675
NIFTY-II.NFO,20/01/2025,09:44:12,23380,23380.6,300,23387,300,0,3534675
NIFTY-II.NFO,20/01/2025,09:44:14,23380,23380.55,300,23387.4,150,0,3534675
NIFTY-II.NFO,20/01/2025,09:44:15,23387.9,23381.8,450,23387.45,150,150,3534675
NIFTY-II.NFO,20/01/2025,09:44:17,23387.9,23382.4,300,23386.75,75,0,3534675
NIFTY-II.NFO,20/01/2025,09:44:19,23387.9,23381.65,450,23386.7,75,0,3534675
NIFTY-II.NFO,20/01/2025,09:44:20,23387.9,23381.65,300,23386.7,75,0,3534675
NIFTY-II.NFO,20/01/2025,09:44:22,23382.2,23381.8,225,23386.7,75,75,3534675
NIFTY-II.NFO,20/01/2025,09:44:24,23382.2,23383.35,300,23386.65,75,0,3534675
NIFTY-II.NFO,20/01/2025,09:44:25,23382.2,23383.95,300,23386.65,75,0,3534675
NIFTY-II.NFO,20/01/2025,09:44:27,23382.2,23382.05,300,23386.65,75,0,3534675
NIFTY-II.NFO,20/01/2025,09:44:29,23382.2,23384.2,375,23386.55,150,0,3534675
NIFTY-II.NFO,20/01/2025,09:44:30,23382.2,23384.5,300,23386.5,75,0,3534675
NIFTY-II.NFO,20/01/2025,09:44:32,23386.5,23385.4,300,23386.55,150,150,3534675
NIFTY-II.NFO,20/01/2025,09:44:34,23386.55,23385.6,375,23386.55,75,75,3534675
NIFTY-II.NFO,20/01/2025,09:44:35,23386.8,23387.1,300,23393.65,75,225,3534675
NIFTY-II.NFO,20/01/2025,09:44:37,23393.55,23389.1,300,23393.65,75,75,3534675
NIFTY-II.NFO,20/01/2025,09:44:39,23393.65,23392.1,300,23397.5,75,75,3534675
NIFTY-II.NFO,20/01/2025,09:44:40,23393.65,23394.8,300,23397.5,75,0,3534675
NIFTY-II.NFO,20/01/2025,09:44:42,23403.4,23400.05,75,23403.7,7425,150,3534675
NIFTY-II.NFO,20/01/2025,09:44:44,23403.4,23397.05,75,23403.7,150,0,3534675
NIFTY-II.NFO,20/01/2025,09:44:45,23403.4,23396.8,375,23403.4,75,0,3534675
NIFTY-II.NFO,20/01/2025,09:44:47,23403.4,23398.05,75,23403.2,75,0,3534675
NIFTY-II.NFO,20/01/2025,09:44:49,23403.4,23396.05,75,23401.95,150,0,3534675
NIFTY-II.NFO,20/01/2025,09:44:50,23400,23394.5,375,23400,1125,150,3534675
NIFTY-II.NFO,20/01/2025,09:44:52,23400,23396.05,75,23400,1050,75,3534675
NIFTY-II.NFO,20/01/2025,09:44:54,23400,23393.6,525,23400,1050,0,3534675
NIFTY-II.NFO,20/01/2025,09:44:55,23400,23397.05,75,23400,1050,0,3534675
NIFTY-II.NFO,20/01/2025,09:44:57,23400,23395.55,450,23399.95,75,0,3534675
NIFTY-II.NFO,20/01/2025,09:44:59,23400,23397.65,75,23399.95,75,0,3534675
NIFTY-II.NFO,20/01/2025,09:45:00,23400,23398.75,300,23399.95,75,0,3534675
NIFTY-II.NFO,20/01/2025,09:45:02,23403.4,23400.05,75,23404,75,1200,3534675
NIFTY-II.NFO,20/01/2025,09:45:04,23403.4,23399.05,75,23404,75,0,3534675
NIFTY-II.NFO,20/01/2025,09:45:05,23403.4,23397.45,150,23403.85,75,0,3534675
NIFTY-II.NFO,20/01/2025,09:45:07,23403.4,23402.05,300,23403.95,75,0,3534675
NIFTY-II.NFO,20/01/2025,09:45:09,23403.4,23402.55,900,23403.95,75,0,3534675
NIFTY-II.NFO,20/01/2025,09:45:10,23404,23404.25,150,23408,300,150,3534675
NIFTY-II.NFO,20/01/2025,09:45:12,23404,23403.4,225,23407.95,75,0,3534675
NIFTY-II.NFO,20/01/2025,09:45:14,23407.95,23403.4,75,23407.85,150,75,3534675
NIFTY-II.NFO,20/01/2025,09:45:15,23407.95,23403.4,75,23406.5,300,0,3534675
NIFTY-II.NFO,20/01/2025,09:45:17,23407.95,23403.4,75,23406.15,75,0,3534675
NIFTY-II.NFO,20/01/2025,09:45:19,23403.4,23400,75,23404.45,75,75,3534675
NIFTY-II.NFO,20/01/2025,09:45:20,23404.95,23400,75,23405.5,150,75,3534675
NIFTY-II.NFO,20/01/2025,09:45:22,23406.65,23400.25,75,23407.9,300,75,3534675
NIFTY-II.NFO,20/01/2025,09:45:24,23406.65,23402.05,150,23407.9,150,0,3534675
NIFTY-II.NFO,20/01/2025,09:45:25,23406.65,23404.05,75,23407.95,225,0,3534675
NIFTY-II.NFO,20/01/2025,09:45:27,23406.65,23400.05,300,23407.85,150,0,3534675
NIFTY-II.NFO,20/01/2025,09:45:29,23406.65,23404.05,75,23407.95,225,0,3534675
NIFTY-II.NFO,20/01/2025,09:45:30,23407.95,23403.05,225,23405,450,75,3534675
NIFTY-II.NFO,20/01/2025,09:45:32,23407.95,23401.05,75,23405,450,0,3534675
NIFTY-II.NFO,20/01/2025,09:45:34,23407.95,23400.05,375,23405,450,0,3534675
NIFTY-II.NFO,20/01/2025,09:45:35,23407.95,23400.3,375,23405,450,0,3534675
NIFTY-II.NFO,20/01/2025,09:45:37,23407.95,23400.35,525,23405,450,0,3534675
NIFTY-II.NFO,20/01/2025,09:45:39,23402.45,23400.85,1125,23405,450,150,3534675
NIFTY-II.NFO,20/01/2025,09:45:40,23402.45,23400.8,300,23405,450,0,3534675
NIFTY-II.NFO,20/01/2025,09:45:42,23402.45,23401.45,375,23405,450,0,3534675
NIFTY-II.NFO,20/01/2025,09:45:44,23401.95,23401.25,75,23405,450,300,3534675
NIFTY-II.NFO,20/01/2025,09:45:45,23401.95,23404,150,23405,450,0,3534675
NIFTY-II.NFO,20/01/2025,09:45:47,23404.25,23402.55,225,23405,450,225,3534675
NIFTY-II.NFO,20/01/2025,09:45:49,23404.25,23402.85,750,23405,450,0,3534675
NIFTY-II.NFO,20/01/2025,09:45:50,23405,23401.5,750,23405,375,75,3535350
NIFTY-II.NFO,20/01/2025,09:45:52,23405,23400,150,23404.95,150,0,3535350
NIFTY-II.NFO,20/01/2025,09:45:54,23405,23401.25,75,23405,375,0,3535350
NIFTY-II.NFO,20/01/2025,09:45:55,23405,23401.25,150,23405,375,0,3535350
NIFTY-II.NFO,20/01/2025,09:45:57,23405,23401.35,825,23405,450,0,3535350
NIFTY-II.NFO,20/01/2025,09:45:59,23405,23401.75,750,23404,300,0,3535350
NIFTY-II.NFO,20/01/2025,09:46:00,23405,23401.25,75,23404,300,0,3535350
NIFTY-II.NFO,20/01/2025,09:46:02,23405,23400,150,23403.9,150,0,3535350
NIFTY-II.NFO,20/01/2025,09:46:04,23400.05,23400,150,23404,300,75,3535350
NIFTY-II.NFO,20/01/2025,09:46:05,23400.05,23400.05,75,23404,300,0,3535350
NIFTY-II.NFO,20/01/2025,09:46:07,23400,23397.3,375,23403.85,525,150,3535350
NIFTY-II.NFO,20/01/2025,09:46:09,23400,23399.05,75,23403.85,300,0,3535350
NIFTY-II.NFO,20/01/2025,09:46:10,23400,23397,75,23403,450,0,3535350
NIFTY-II.NFO,20/01/2025,09:46:12,23400,23398.05,75,23403.2,450,0,3535350
NIFTY-II.NFO,20/01/2025,09:46:14,23400,23400.05,75,23403.85,300,0,3535350
NIFTY-II.NFO,20/01/2025,09:46:15,23400,23400.05,75,23403.75,225,0,3535350
NIFTY-II.NFO,20/01/2025,09:46:17,23400,23401.85,750,23404,300,0,3535350
NIFTY-II.NFO,20/01/2025,09:46:19,23404,23403.7,75,23405,450,300,3535350
NIFTY-II.NFO,20/01/2025,09:46:20,23404,23403.25,750,23405,450,0,3535350
NIFTY-II.NFO,20/01/2025,09:46:22,23404,23402.05,75,23405,450,0,3535350
NIFTY-II.NFO,20/01/2025,09:46:24,23404,23397.05,150,23404.65,525,0,3535350
NIFTY-II.NFO,20/01/2025,09:46:25,23404,23397.05,75,23404.65,525,0,3535350
NIFTY-II.NFO,20/01/2025,09:46:27,23404,23398.05,75,23404.65,525,0,3535350
NIFTY-II.NFO,20/01/2025,09:46:29,23404.65,23399.35,225,23405,75,75,3535350
NIFTY-II.NFO,20/01/2025,09:46:30,23404.65,23400.25,75,23405,75,0,3535350
NIFTY-II.NFO,20/01/2025,09:46:32,23404.65,23401.05,75,23405,75,0,3535350
NIFTY-II.NFO,20/01/2025,09:46:34,23404.65,23399.1,750,23404.85,300,0,3535350
NIFTY-II.NFO,20/01/2025,09:46:35,23404.65,23399.1,750,23404.85,375,0,3535350
NIFTY-II.NFO,20/01/2025,09:46:37,23404.65,23399.4,750,23404.85,300,0,3535350
NIFTY-II.NFO,20/01/2025,09:46:39,23400.05,23399.3,825,23400,300,75,3535350
NIFTY-II.NFO,20/01/2025,09:46:40,23400,23398.85,750,23400,225,75,3535350
NIFTY-II.NFO,20/01/2025,09:46:42,23400,23398.95,750,23400,150,75,3535350
NIFTY-II.NFO,20/01/2025,09:46:44,23400,23399.15,75,23400,150,0,3535350
NIFTY-II.NFO,20/01/2025,09:46:45,23400,23398,825,23400,150,0,3535350
NIFTY-II.NFO,20/01/2025,09:46:47,23399.1,23399,75,23400,75,225,3535350
NIFTY-II.NFO,20/01/2025,09:46:49,23400,23400.05,75,23405,75,75,3535350
NIFTY-II.NFO,20/01/2025,09:46:50,23405,23402.05,75,23405.85,150,75,3535350
NIFTY-II.NFO,20/01/2025,09:46:52,23405,23402.05,75,23407.05,375,0,3535350
NIFTY-II.NFO,20/01/2025,09:46:54,23405,23404.05,75,23407.05,300,0,3535350
NIFTY-II.NFO,20/01/2025,09:46:55,23405,23404,75,23407.05,450,0,3535350
NIFTY-II.NFO,20/01/2025,09:46:57,23405,23404,75,23406.85,525,0,3535350
NIFTY-II.NFO,20/01/2025,09:46:59,23405,23404,75,23406.15,375,0,3535350
NIFTY-II.NFO,20/01/2025,09:47:00,23403,23399,150,23403.9,525,150,3535350
NIFTY-II.NFO,20/01/2025,09:47:02,23403,23399,150,23403.65,450,0,3535350
NIFTY-II.NFO,20/01/2025,09:47:04,23403,23399,150,23402.5,225,0,3535350
NIFTY-II.NFO,20/01/2025,09:47:05,23403,23399,150,23401.6,300,0,3535350
NIFTY-II.NFO,20/01/2025,09:47:07,23403,23399,150,23401,450,0,3535350
NIFTY-II.NFO,20/01/2025,09:47:09,23403,23399,150,23400.9,300,0,3535350
NIFTY-II.NFO,20/01/2025,09:47:10,23396.05,23394,75,23397.9,450,300,3535350
NIFTY-II.NFO,20/01/2025,09:47:12,23394,23384.75,225,23392.8,525,150,3535350
NIFTY-II.NFO,20/01/2025,09:47:14,23394,23387.05,75,23392.65,450,0,3535350
NIFTY-II.NFO,20/01/2025,09:47:15,23394,23385.75,225,23392.75,450,0,3535350
NIFTY-II.NFO,20/01/2025,09:47:17,23385.75,23387.1,300,23393.3,450,75,3535350
NIFTY-II.NFO,20/01/2025,09:47:19,23385.75,23385.3,150,23391.7,525,0,3535350
NIFTY-II.NFO,20/01/2025,09:47:20,23385.75,23385.95,225,23392.75,375,0,3535350
NIFTY-II.NFO,20/01/2025,09:47:22,23385.75,23387.05,75,23392.95,300,0,3535350
NIFTY-II.NFO,20/01/2025,09:47:24,23385.75,23389.05,75,23393.95,300,0,3535350
NIFTY-II.NFO,20/01/2025,09:47:25,23385.75,23388.1,225,23394,75,0,3535350
NIFTY-II.NFO,20/01/2025,09:47:27,23385.75,23390.05,75,23394,75,0,3535350
NIFTY-II.NFO,20/01/2025,09:47:30,23385.75,23389.05,75,23394,75,0,3535350
NIFTY-II.NFO,20/01/2025,09:47:34,23385.75,23388.4,225,23394,75,0,3535350
NIFTY-II.NFO,20/01/2025,09:47:35,23385.75,23389.1,225,23394,75,0,3535350
NIFTY-II.NFO,20/01/2025,09:47:37,23385.75,23388.7,225,23394,75,0,3535350
NIFTY-II.NFO,20/01/2025,09:47:39,23389.1,23390.05,75,23395.35,375,75,3535350
NIFTY-II.NFO,20/01/2025,09:47:40,23389.1,23392.05,75,23396.5,375,0,3535350
NIFTY-II.NFO,20/01/2025,09:47:42,23389.1,23391.05,75,23395.9,375,0,3535350
NIFTY-II.NFO,20/01/2025,09:47:44,23389.1,23391.05,75,23396.5,150,0,3535350
NIFTY-II.NFO,20/01/2025,09:47:45,23392.1,23392.1,75,23397.8,225,75,3535350
NIFTY-II.NFO,20/01/2025,09:47:47,23392.1,23393.05,75,23399.6,450,75,3535350
NIFTY-II.NFO,20/01/2025,09:47:49,23393.05,23393.65,150,23401.95,75,300,3535350
NIFTY-II.NFO,20/01/2025,09:47:50,23393.05,23397.05,75,23404.05,300,0,3535350
NIFTY-II.NFO,20/01/2025,09:47:52,23393.05,23399.4,75,23406.15,225,0,3535350
NIFTY-II.NFO,20/01/2025,09:47:54,23393.05,23399.1,75,23405.95,300,0,3535350
NIFTY-II.NFO,20/01/2025,09:47:55,23393.05,23395.9,150,23403.55,600,0,3535350
NIFTY-II.NFO,20/01/2025,09:47:57,23393.05,23394.15,300,23401.6,375,0,3535350
NIFTY-II.NFO,20/01/2025,09:47:59,23393.05,23395.15,225,23401.7,525,0,3535350
NIFTY-II.NFO,20/01/2025,09:48:00,23393.15,23393.25,300,23401.05,525,300,3535350
NIFTY-II.NFO,20/01/2025,09:48:02,23393.15,23398.05,75,23404,150,0,3535350
NIFTY-II.NFO,20/01/2025,09:48:04,23393.15,23398.15,225,23403.85,150,0,3535350
NIFTY-II.NFO,20/01/2025,09:48:06,23393.15,23397.1,300,23404.2,225,0,3535350
NIFTY-II.NFO,20/01/2025,09:48:07,23393.15,23397.1,225,23400,75,0,3535350
NIFTY-II.NFO,20/01/2025,09:48:09,23397.4,23397.7,75,23400,75,75,3535350
NIFTY-II.NFO,20/01/2025,09:48:11,23397.4,23396.35,225,23400,75,0,3535350
NIFTY-II.NFO,20/01/2025,09:48:12,23397.4,23396.25,1725,23400,75,0,3535350
NIFTY-II.NFO,20/01/2025,09:48:14,23397.4,23395.95,150,23400,75,0,3535350
NIFTY-II.NFO,20/01/2025,09:48:16,23397.4,23396,150,23400,75,0,3535350
NIFTY-II.NFO,20/01/2025,09:48:17,23397.4,23396.8,825,23400,75,0,3535350
NIFTY-II.NFO,20/01/2025,09:48:19,23397.4,23397.6,975,23400,75,75,3535350
NIFTY-II.NFO,20/01/2025,09:48:21,23397.4,23398.15,825,23400,75,0,3535350
NIFTY-II.NFO,20/01/2025,09:48:22,23397.4,23397.05,75,23400,75,0,3535350
NIFTY-II.NFO,20/01/2025,09:48:24,23397.4,23398.85,150,23400,75,0,3535350
NIFTY-II.NFO,20/01/2025,09:48:26,23397.4,23395,150,23400,75,0,3535350
NIFTY-II.NFO,20/01/2025,09:48:27,23397.4,23395.05,150,23400,75,0,3535350
NIFTY-II.NFO,20/01/2025,09:48:29,23397.4,23396.35,75,23400,75,0,3535350
NIFTY-II.NFO,20/01/2025,09:48:31,23397.4,23393.8,75,23399.45,150,0,3535350
NIFTY-II.NFO,20/01/2025,09:48:32,23397.4,23395.65,750,23400,75,0,3535350
NIFTY-II.NFO,20/01/2025,09:48:34,23397.4,23396.45,75,23400,75,0,3535350
NIFTY-II.NFO,20/01/2025,09:48:36,23397.4,23394.45,75,23400,75,0,3535350
NIFTY-II.NFO,20/01/2025,09:48:37,23397.4,23395.6,75,23400,75,0,3535350
NIFTY-II.NFO,20/01/2025,09:48:41,23397.4,23393.05,75,23398.3,300,0,3535350
NIFTY-II.NFO,20/01/2025,09:48:42,23397.4,23395.05,75,23399.15,150,0,3535350
NIFTY-II.NFO,20/01/2025,09:48:44,23397.4,23396.05,75,23400,75,0,3535350
NIFTY-II.NFO,20/01/2025,09:48:46,23396.05,23396.05,75,23400,75,75,3535350
NIFTY-II.NFO,20/01/2025,09:48:47,23396.05,23396.7,750,23400,75,0,3535350
NIFTY-II.NFO,20/01/2025,09:48:49,23400,23400.05,75,23404.3,225,75,3535350
NIFTY-II.NFO,20/01/2025,09:48:51,23400,23400.05,75,23404.95,300,0,3535350
NIFTY-II.NFO,20/01/2025,09:48:52,23400,23399.05,75,23404.15,150,0,3535350
NIFTY-II.NFO,20/01/2025,09:48:54,23400,23400.05,75,23405.35,300,0,3535350
NIFTY-II.NFO,20/01/2025,09:48:56,23400,23396.05,75,23401.8,300,0,3535350
NIFTY-II.NFO,20/01/2025,09:48:57,23400,23393.1,150,23400.8,375,0,3535350
NIFTY-II.NFO,20/01/2025,09:48:59,23400,23398.05,75,23402,300,0,3535350
NIFTY-II.NFO,20/01/2025,09:49:01,23400,23399.05,75,23404.5,300,0,3535350
NIFTY-II.NFO,20/01/2025,09:49:02,23400,23401.05,75,23406.85,300,0,3535350
NIFTY-II.NFO,20/01/2025,09:49:04,23401.05,23402.05,75,23406.05,300,75,3535650
NIFTY-II.NFO,20/01/2025,09:49:06,23401.05,23401.05,75,23405.85,450,0,3535650
NIFTY-II.NFO,20/01/2025,09:49:07,23401.05,23401.05,75,23406.25,300,0,3535650
NIFTY-II.NFO,20/01/2025,09:49:09,23401.05,23401.05,75,23406.35,375,0,3535650
NIFTY-II.NFO,20/01/2025,09:49:11,23406.75,23402.1,75,23406.85,300,75,3535650
NIFTY-II.NFO,20/01/2025,09:49:12,23406.75,23402.1,75,23408.15,450,0,3535650
NIFTY-II.NFO,20/01/2025,09:49:14,23406.75,23402.1,75,23407.6,375,0,3535650
NIFTY-II.NFO,20/01/2025,09:49:16,23406.75,23403.05,75,23408.6,225,0,3535650
NIFTY-II.NFO,20/01/2025,09:49:17,23406.75,23403.3,225,23408.2,300,0,3535650
NIFTY-II.NFO,20/01/2025,09:49:19,23408.4,23400.1,225,23405.65,150,150,3535650
NIFTY-II.NFO,20/01/2025,09:49:21,23408.4,23402.3,225,23409.05,300,0,3535650
NIFTY-II.NFO,20/01/2025,09:49:22,23408.4,23401.3,225,23407.15,300,0,3535650
NIFTY-II.NFO,20/01/2025,09:49:24,23408.4,23401.6,225,23407.9,300,0,3535650
NIFTY-II.NFO,20/01/2025,09:49:26,23408.4,23400.1,225,23405.95,225,0,3535650
NIFTY-II.NFO,20/01/2025,09:49:27,23408.4,23400.1,225,23406.05,150,0,3535650
NIFTY-II.NFO,20/01/2025,09:49:29,23400,23398,75,23404.85,375,75,3535650
NIFTY-II.NFO,20/01/2025,09:49:30,23400,23400.1,300,23407.6,375,0,3535650
NIFTY-II.NFO,20/01/2025,09:49:32,23400,23402.1,225,23408.5,300,0,3535650
NIFTY-II.NFO,20/01/2025,09:49:34,23398,23395.15,300,23402.75,375,75,3535650
NIFTY-II.NFO,20/01/2025,09:49:35,23398,23399.05,75,23404.1,450,0,3535650
NIFTY-II.NFO,20/01/2025,09:49:37,23398,23397.1,225,23403.85,525,0,3535650
NIFTY-II.NFO,20/01/2025,09:49:39,23398,23397.1,300,23404.05,300,0,3535650
NIFTY-II.NFO,20/01/2025,09:49:40,23398,23397.05,225,23401.9,150,0,3535650
NIFTY-II.NFO,20/01/2025,09:49:42,23402.65,23398.05,150,23404.3,300,75,3535650
NIFTY-II.NFO,20/01/2025,09:49:44,23402.65,23397.05,375,23404.45,375,0,3535650
NIFTY-II.NFO,20/01/2025,09:49:45,23402.65,23399.05,75,23405,300,0,3535650
NIFTY-II.NFO,20/01/2025,09:49:47,23402.65,23399.1,225,23405.15,150,0,3535650
NIFTY-II.NFO,20/01/2025,09:49:49,23402.65,23398.05,75,23403.85,300,0,3535650
NIFTY-II.NFO,20/01/2025,09:49:50,23402.65,23398.1,300,23404.45,150,0,3535650
NIFTY-II.NFO,20/01/2025,09:49:52,23402.65,23399.05,75,23404.35,300,0,3535650
NIFTY-II.NFO,20/01/2025,09:49:54,23402.65,23399.05,75,23404.4,150,0,3535650
NIFTY-II.NFO,20/01/2025,09:49:55,23402.65,23399.05,75,23403.9,300,0,3535650
NIFTY-II.NFO,20/01/2025,09:49:59,23402.65,23399.05,75,23403.95,150,0,3535650
NIFTY-II.NFO,20/01/2025,09:50:00,23401.45,23397,75,23402.05,150,75,3535650
NIFTY-II.NFO,20/01/2025,09:50:02,23401.45,23398.1,375,23404.8,150,0,3535650
NIFTY-II.NFO,20/01/2025,09:50:04,23401.45,23398.1,300,23404.7,450,0,3535650
NIFTY-II.NFO,20/01/2025,09:50:05,23401.45,23397,75,23402.55,750,0,3535650
NIFTY-II.NFO,20/01/2025,09:50:07,23397,23395.1,300,23401.7,300,75,3535650
NIFTY-II.NFO,20/01/2025,09:50:09,23397,23391.1,375,23398.65,675,0,3535650
NIFTY-II.NFO,20/01/2025,09:50:11,23397,23391.1,300,23397.4,300,0,3535650
NIFTY-II.NFO,20/01/2025,09:50:12,23398.3,23395.05,75,23400.65,225,75,3535650
NIFTY-II.NFO,20/01/2025,09:50:14,23398.3,23392.15,375,23399.7,225,0,3535650
NIFTY-II.NFO,20/01/2025,09:50:16,23398.3,23390.4,225,23397.05,375,0,3535650
NIFTY-II.NFO,20/01/2025,09:50:17,23398.3,23390.05,75,23395.8,225,0,3535650
NIFTY-II.NFO,20/01/2025,09:50:19,23390,23385.4,225,23391.3,225,75,3535650
NIFTY-II.NFO,20/01/2025,09:50:21,23390,23385.7,75,23392.35,375,0,3535650
NIFTY-II.NFO,20/01/2025,09:50:22,23390,23391.2,75,23394.15,225,0,3535650
NIFTY-II.NFO,20/01/2025,09:50:24,23390,23390.05,150,23395.85,375,0,3535650
NIFTY-II.NFO,20/01/2025,09:50:26,23390.05,23390.15,300,23396.2,225,75,3535650
NIFTY-II.NFO,20/01/2025,09:50:27,23390.05,23392.05,75,23397.45,225,0,3535650
NIFTY-II.NFO,20/01/2025,09:50:29,23390.05,23391.2,375,23397.7,225,0,3535650
NIFTY-II.NFO,20/01/2025,09:50:31,23390.05,23391.05,75,23396.55,150,0,3535650
NIFTY-II.NFO,20/01/2025,09:50:32,23390.25,23390.3,75,23393.2,300,75,3535650
NIFTY-II.NFO,20/01/2025,09:50:34,23390.25,23390.3,75,23392.85,300,0,3535650
NIFTY-II.NFO,20/01/2025,09:50:36,23390.25,23390.3,75,23392.45,300,0,3535650
NIFTY-II.NFO,20/01/2025,09:50:37,23390.25,23390.3,75,23393,375,0,3535650
NIFTY-II.NFO,20/01/2025,09:50:39,23390.25,23390.3,75,23394.2,300,0,3535650
NIFTY-II.NFO,20/01/2025,09:50:41,23390.25,23390.3,75,23392.55,300,0,3535650
NIFTY-II.NFO,20/01/2025,09:50:42,23390.25,23390.3,75,23392.7,375,0,3535650
NIFTY-II.NFO,20/01/2025,09:50:44,23390.25,23390.3,75,23395.05,300,0,3535650
NIFTY-II.NFO,20/01/2025,09:50:46,23390.25,23390.3,75,23395,900,0,3535650
NIFTY-II.NFO,20/01/2025,09:50:47,23390.3,23388.05,75,23393.65,300,75,3535650
NIFTY-II.NFO,20/01/2025,09:50:49,23390.3,23391.05,75,23394.9,525,0,3535650
NIFTY-II.NFO,20/01/2025,09:50:51,23390.3,23389.05,75,23393.55,150,0,3535650
NIFTY-II.NFO,20/01/2025,09:50:52,23390.3,23390.05,75,23394.35,150,0,3535650
NIFTY-II.NFO,20/01/2025,09:50:54,23390.3,23389.1,300,23394.85,150,0,3535650
NIFTY-II.NFO,20/01/2025,09:50:55,23391.05,23391.05,75,23396.65,150,75,3535650
NIFTY-II.NFO,20/01/2025,09:50:57,23391.05,23388.45,300,23395.5,300,0,3535650
NIFTY-II.NFO,20/01/2025,09:50:59,23391.05,23385,225,23387.65,300,0,3535650
NIFTY-II.NFO,20/01/2025,09:51:00,23385,23385,150,23387,300,75,3535650
NIFTY-II.NFO,20/01/2025,09:51:02,23385,23385.05,75,23388.5,300,0,3535650
NIFTY-II.NFO,20/01/2025,09:51:04,23385,23385,150,23387.55,300,0,3535650
NIFTY-II.NFO,20/01/2025,09:51:05,23385,23385,75,23385.2,300,75,3535650
NIFTY-II.NFO,20/01/2025,09:51:07,23385,23382.4,150,23384.7,300,75,3535650
NIFTY-II.NFO,20/01/2025,09:51:09,23385,23382.4,150,23384.7,300,0,3535650
NIFTY-II.NFO,20/01/2025,09:51:10,23385,23382.4,150,23385.35,450,0,3535650
NIFTY-II.NFO,20/01/2025,09:51:12,23385,23382.4,150,23387.75,300,0,3535650
NIFTY-II.NFO,20/01/2025,09:51:14,23385,23382.4,150,23387.2,300,0,3535650
NIFTY-II.NFO,20/01/2025,09:51:15,23385,23382.4,150,23386.2,300,0,3535650
NIFTY-II.NFO,20/01/2025,09:51:17,23385,23382.4,150,23383.4,300,0,3535650
NIFTY-II.NFO,20/01/2025,09:51:19,23385,23382.4,150,23385.75,375,0,3535650
NIFTY-II.NFO,20/01/2025,09:51:20,23385,23383.05,75,23386.85,375,0,3535650
NIFTY-II.NFO,20/01/2025,09:51:22,23385,23382.4,150,23386.65,450,0,3535650
NIFTY-II.NFO,20/01/2025,09:51:24,23385,23382.45,75,23387.45,375,0,3535650
NIFTY-II.NFO,20/01/2025,09:51:25,23385,23382.4,150,23384.4,300,0,3535650
NIFTY-II.NFO,20/01/2025,09:51:27,23380,23377,75,23381.1,300,300,3535650
NIFTY-II.NFO,20/01/2025,09:51:29,23380,23377,75,23379.15,225,0,3535650
NIFTY-II.NFO,20/01/2025,09:51:30,23380,23377.1,75,23382.45,300,0,3535650
NIFTY-II.NFO,20/01/2025,09:51:32,23380,23377,75,23379.35,300,0,3535650
NIFTY-II.NFO,20/01/2025,09:51:34,23379.3,23377,75,23380.35,225,75,3535650
NIFTY-II.NFO,20/01/2025,09:51:35,23379.3,23377,75,23381.5,600,0,3535650
NIFTY-II.NFO,20/01/2025,09:51:37,23379.3,23377,75,23381.5,225,0,3535650
NIFTY-II.NFO,20/01/2025,09:51:39,23379.3,23377.6,225,23383.95,225,0,3535650
NIFTY-II.NFO,20/01/2025,09:51:40,23379.3,23377.5,525,23383.9,225,0,3535650
NIFTY-II.NFO,20/01/2025,09:51:42,23379.3,23378.2,75,23384.55,225,0,3535650
NIFTY-II.NFO,20/01/2025,09:51:44,23379.3,23379.05,75,23384.9,225,0,3535650
NIFTY-II.NFO,20/01/2025,09:51:45,23379.3,23384.45,75,23387.6,225,0,3535650
NIFTY-II.NFO,20/01/2025,09:51:47,23379.3,23380.95,300,23387.45,225,0,3535650
NIFTY-II.NFO,20/01/2025,09:51:49,23379.3,23381.95,375,23388.65,150,0,3535650
NIFTY-II.NFO,20/01/2025,09:51:50,23379.3,23383.5,300,23390.8,225,0,3535650
NIFTY-II.NFO,20/01/2025,09:51:52,23379.3,23383.55,375,23389.95,300,0,3535650
NIFTY-II.NFO,20/01/2025,09:51:54,23379.3,23384.3,75,23390.35,225,0,3535650
NIFTY-II.NFO,20/01/2025,09:51:55,23379.3,23389.05,300,23395,75,0,3535650
NIFTY-II.NFO,20/01/2025,09:51:57,23379.3,23389,225,23394.95,225,0,3535650
NIFTY-II.NFO,20/01/2025,09:51:59,23379.3,23389.85,525,23395,75,0,3535650
NIFTY-II.NFO,20/01/2025,09:52:00,23379.3,23394.2,300,23395,75,0,3535650
NIFTY-II.NFO,20/01/2025,09:52:02,23379.3,23392.05,300,23395,75,0,3535650
NIFTY-II.NFO,20/01/2025,09:52:04,23390.85,23392.2,75,23394.85,75,1800,3535875
