Ticker,Date,Time,LTP,BuyPrice,BuyQty,SellPrice,SellQty,LTQ,OpenInterest
BANKNIFTY-I.NFO,29/07/2024,09:15:00,51557.5,51410.6,30,51471.5,60,2010,1158285
BANKNIFTY-I.NFO,29/07/2024,09:15:00,51557.5,51410.6,30,51471.5,60,0,1158285
BANKNIFTY-I.NFO,29/07/2024,09:15:00,51557.5,51410.6,30,51471.5,60,0,1158285
BANKNIFTY-I.NFO,29/07/2024,09:15:00,51380.1,51410.6,30,51471.5,60,0,1158285
BANKNIFTY-I.NFO,29/07/2024,09:15:01,51460.15,51440.15,30,51460.15,15,345,1158285
BANKNIFTY-I.NFO,29/07/2024,09:15:03,51496.1,51476.4,60,51494.75,195,1440,1158285
BANKNIFTY-I.NFO,29/07/2024,09:15:04,51539.65,51521.5,75,51538.85,30,1095,1158285
BANKNIFTY-I.NFO,29/07/2024,09:15:06,51514.95,51509.2,90,51528.8,15,750,1158285
BANKNIFTY-I.NFO,29/07/2024,09:15:07,51519.25,51518.35,30,51533.2,60,1590,1158285
BANKNIFTY-I.NFO,29/07/2024,09:15:09,51517.55,51509.3,30,51523.8,60,630,1158285
BANKNIFTY-I.NFO,29/07/2024,09:15:10,51519.25,51519.2,15,51531.75,60,720,1158285
BANKNIFTY-I.NFO,29/07/2024,09:15:12,51535.45,51533,120,51539,30,1065,1158285
BANKNIFTY-I.NFO,29/07/2024,09:15:14,51541.3,51541.3,105,51548.5,30,870,1158285
BANKNIFTY-I.NFO,29/07/2024,09:15:15,51548.5,51545.25,60,51550.5,150,1365,1158285
BANKNIFTY-I.NFO,29/07/2024,09:15:17,51562.85,51551.1,15,51562.95,60,1170,1158285
BANKNIFTY-I.NFO,29/07/2024,09:15:17,51562.95,51551.1,15,51562.95,60,0,1158285
BANKNIFTY-I.NFO,29/07/2024,09:15:19,51549.1,51562.55,30,51563.4,150,885,1158285
BANKNIFTY-I.NFO,29/07/2024,09:15:19,51563.9,51562.55,30,51563.4,150,0,1158285
BANKNIFTY-I.NFO,29/07/2024,09:15:20,51560,51557.6,15,51566,30,1695,1158285
BANKNIFTY-I.NFO,29/07/2024,09:15:20,51564.75,51557.6,15,51566,30,0,1158285
BANKNIFTY-I.NFO,29/07/2024,09:15:22,51567.05,51567.05,60,51578.85,30,1395,1158285
BANKNIFTY-I.NFO,29/07/2024,09:15:22,51579.65,51567.05,60,51578.85,30,0,1158285
BANKNIFTY-I.NFO,29/07/2024,09:15:24,51584,51580,15,51587,30,1710,1158285
BANKNIFTY-I.NFO,29/07/2024,09:15:24,51584,51580,15,51587,30,0,1158285
BANKNIFTY-I.NFO,29/07/2024,09:15:25,51580,51570.8,15,51579.95,60,510,1158285
BANKNIFTY-I.NFO,29/07/2024,09:15:25,51590,51570.8,15,51579.95,60,0,1158285
BANKNIFTY-I.NFO,29/07/2024,09:15:27,51589.8,51585.05,45,51590,30,765,1158285
BANKNIFTY-I.NFO,29/07/2024,09:15:29,51590,51585,15,51593,30,150,1158285
BANKNIFTY-I.NFO,29/07/2024,09:15:30,51572.95,51574.55,15,51588.2,90,2085,1158285
BANKNIFTY-I.NFO,29/07/2024,09:15:30,51596,51574.55,15,51588.2,90,0,1158285
BANKNIFTY-I.NFO,29/07/2024,09:15:32,51582.55,51570.35,60,51582.1,15,240,1158285
BANKNIFTY-I.NFO,29/07/2024,09:15:33,51600,51587.95,60,51600,645,1110,1157580
BANKNIFTY-I.NFO,29/07/2024,09:15:33,51600,51587.95,60,51600,645,0,1157580
BANKNIFTY-I.NFO,29/07/2024,09:15:35,51597.5,51587.3,60,51599.55,15,345,1157580
BANKNIFTY-I.NFO,29/07/2024,09:15:37,51590.25,51588.25,45,51599.95,60,1740,1157580
BANKNIFTY-I.NFO,29/07/2024,09:15:38,51587.95,51587.95,15,51595.85,60,2055,1157580
BANKNIFTY-I.NFO,29/07/2024,09:15:40,51593.85,51594.5,15,51599,120,390,1157580
BANKNIFTY-I.NFO,29/07/2024,09:15:42,51600,51595,15,51600,450,585,1157580
BANKNIFTY-I.NFO,29/07/2024,09:15:43,51597.9,51600.25,30,51605,30,1605,1157580
BANKNIFTY-I.NFO,29/07/2024,09:15:43,51602,51600.25,30,51605,30,0,1157580
BANKNIFTY-I.NFO,29/07/2024,09:15:45,51606,51596.35,15,51600,15,375,1157580
BANKNIFTY-I.NFO,29/07/2024,09:15:45,51608,51596.35,15,51600,15,0,1157580
BANKNIFTY-I.NFO,29/07/2024,09:15:47,51603.25,51603.5,15,51613.95,60,210,1157580
BANKNIFTY-I.NFO,29/07/2024,09:15:47,51611,51603.5,15,51613.95,60,0,1157580
BANKNIFTY-I.NFO,29/07/2024,09:15:48,51614.7,51604.85,15,51615.15,60,1620,1157580
BANKNIFTY-I.NFO,29/07/2024,09:15:48,51616.05,51604.85,15,51615.15,60,0,1157580
BANKNIFTY-I.NFO,29/07/2024,09:15:50,51615.15,51615.15,60,51620,855,1125,1157580
BANKNIFTY-I.NFO,29/07/2024,09:15:50,51620,51615.15,60,51620,855,0,1157580
BANKNIFTY-I.NFO,29/07/2024,09:15:52,51631,51627.2,30,51632,30,1410,1157580
BANKNIFTY-I.NFO,29/07/2024,09:15:52,51631,51627.2,30,51632,30,0,1157580
BANKNIFTY-I.NFO,29/07/2024,09:15:53,51633.25,51622.2,15,51633.15,60,420,1157580
BANKNIFTY-I.NFO,29/07/2024,09:15:53,51636,51622.2,15,51633.15,60,0,1157580
BANKNIFTY-I.NFO,29/07/2024,09:15:55,51627.3,51630.75,15,51640.15,75,810,1157580
BANKNIFTY-I.NFO,29/07/2024,09:15:55,51641,51630.75,15,51640.15,75,0,1157580
BANKNIFTY-I.NFO,29/07/2024,09:15:57,51615,51617.55,15,51626.25,15,255,1157580
BANKNIFTY-I.NFO,29/07/2024,09:15:58,51615,51615,870,51620,600,255,1157580
BANKNIFTY-I.NFO,29/07/2024,09:16:00,51623.85,51621.7,105,51623.85,15,1950,1157580
BANKNIFTY-I.NFO,29/07/2024,09:16:02,51640.75,51632,90,51640.45,15,270,1157580
BANKNIFTY-I.NFO,29/07/2024,09:16:03,51643.15,51643.15,75,51646.35,30,2145,1157580
BANKNIFTY-I.NFO,29/07/2024,09:16:03,51650,51643.15,75,51646.35,30,0,1157580
BANKNIFTY-I.NFO,29/07/2024,09:16:05,51668,51657.65,60,51669.1,30,1020,1157580
BANKNIFTY-I.NFO,29/07/2024,09:16:05,51669.85,51657.65,60,51669.1,30,0,1157580
BANKNIFTY-I.NFO,29/07/2024,09:16:07,51673.3,51665.05,435,51672.9,60,585,1157580
BANKNIFTY-I.NFO,29/07/2024,09:16:07,51674,51665.05,435,51672.9,60,0,1157580
BANKNIFTY-I.NFO,29/07/2024,09:16:08,51674,51674,345,51677,15,705,1157580
BANKNIFTY-I.NFO,29/07/2024,09:16:08,51679.95,51674,345,51677,15,0,1157580
BANKNIFTY-I.NFO,29/07/2024,09:16:10,51683.25,51672.35,60,51681.7,15,1380,1157580
BANKNIFTY-I.NFO,29/07/2024,09:16:10,51683.25,51672.35,60,51681.7,15,0,1157580
BANKNIFTY-I.NFO,29/07/2024,09:16:12,51673.95,51665.35,15,51674.4,15,255,1157580
BANKNIFTY-I.NFO,29/07/2024,09:16:12,51684.45,51665.35,15,51674.4,15,0,1157580
BANKNIFTY-I.NFO,29/07/2024,09:16:13,51679.95,51668.15,15,51679.55,60,915,1157580
BANKNIFTY-I.NFO,29/07/2024,09:16:15,51670,51670,3180,51675,30,195,1157580
BANKNIFTY-I.NFO,29/07/2024,09:16:16,51674.75,51673.7,15,51683.5,60,795,1157580
BANKNIFTY-I.NFO,29/07/2024,09:16:18,51678.55,51671,45,51679.6,15,255,1157580
BANKNIFTY-I.NFO,29/07/2024,09:16:20,51668.45,51670.45,45,51673.6,15,255,1157580
BANKNIFTY-I.NFO,29/07/2024,09:16:21,51676.65,51670,15,51676.25,15,195,1157580
BANKNIFTY-I.NFO,29/07/2024,09:16:23,51676.25,51676.25,15,51680,15,240,1157580
BANKNIFTY-I.NFO,29/07/2024,09:16:25,51674.95,51676.4,15,51679,15,225,1157580
BANKNIFTY-I.NFO,29/07/2024,09:16:26,51674.95,51675.95,45,51679,15,615,1157580
BANKNIFTY-I.NFO,29/07/2024,09:16:26,51685,51675.95,45,51679,15,0,1157580
BANKNIFTY-I.NFO,29/07/2024,09:16:28,51685.15,51680.1,30,51686.45,15,285,1157580
BANKNIFTY-I.NFO,29/07/2024,09:16:28,51685.3,51680.1,30,51686.45,15,0,1157580
BANKNIFTY-I.NFO,29/07/2024,09:16:30,51690,51690,1425,51691.55,300,9105,1157580
BANKNIFTY-I.NFO,29/07/2024,09:16:30,51697,51690,1425,51691.55,300,0,1157580
BANKNIFTY-I.NFO,29/07/2024,09:16:31,51699.55,51695.15,30,51699.55,15,6180,1157580
BANKNIFTY-I.NFO,29/07/2024,09:16:31,51700,51695.15,30,51699.55,15,0,1157580
BANKNIFTY-I.NFO,29/07/2024,09:16:33,51699.8,51691.55,15,51699.95,150,1230,1157580
BANKNIFTY-I.NFO,29/07/2024,09:16:33,51700.15,51691.55,15,51699.95,150,0,1157580
BANKNIFTY-I.NFO,29/07/2024,09:16:35,51710.25,51710.25,45,51713.5,30,2205,1157580
BANKNIFTY-I.NFO,29/07/2024,09:16:35,51716.5,51710.25,45,51713.5,30,0,1157580
BANKNIFTY-I.NFO,29/07/2024,09:16:36,51697.6,51696.85,15,51703.9,165,360,1157580
BANKNIFTY-I.NFO,29/07/2024,09:16:38,51694.25,51696,15,51703.85,30,285,1157580
BANKNIFTY-I.NFO,29/07/2024,09:16:39,51700,51700.05,15,51708.85,60,330,1157580
BANKNIFTY-I.NFO,29/07/2024,09:16:41,51708.8,51708.5,30,51711.9,60,255,1157580
BANKNIFTY-I.NFO,29/07/2024,09:16:43,51708.8,51705,15,51711.85,15,585,1157580
BANKNIFTY-I.NFO,29/07/2024,09:16:44,51714.55,51714.6,15,51723.5,15,555,1157580
BANKNIFTY-I.NFO,29/07/2024,09:16:44,51723.45,51714.6,15,51723.5,15,0,1157580
BANKNIFTY-I.NFO,29/07/2024,09:16:46,51725,51723.5,45,51725,15,300,1157580
BANKNIFTY-I.NFO,29/07/2024,09:16:46,51725,51723.5,45,51725,15,0,1157580
BANKNIFTY-I.NFO,29/07/2024,09:16:48,51717,51712.75,15,51717.15,300,615,1157580
BANKNIFTY-I.NFO,29/07/2024,09:16:49,51713.85,51713.8,75,51717.15,15,105,1157580
BANKNIFTY-I.NFO,29/07/2024,09:16:51,51718,51715.55,90,51717.15,15,255,1157580
BANKNIFTY-I.NFO,29/07/2024,09:16:53,51720,51714.9,30,51719.1,300,2295,1157580
BANKNIFTY-I.NFO,29/07/2024,09:16:54,51725,51724.2,30,51728,60,2130,1157580
BANKNIFTY-I.NFO,29/07/2024,09:16:56,51724.05,51724.05,105,51728.9,150,2505,1157580
BANKNIFTY-I.NFO,29/07/2024,09:16:56,51739.1,51724.05,105,51728.9,150,0,1157580
BANKNIFTY-I.NFO,29/07/2024,09:16:58,51725.45,51724,105,51725.45,105,675,1157580
BANKNIFTY-I.NFO,29/07/2024,09:16:59,51734.65,51730,390,51734.65,60,1440,1157580
BANKNIFTY-I.NFO,29/07/2024,09:17:01,51740,51740,210,51740.35,210,4215,1157580
BANKNIFTY-I.NFO,29/07/2024,09:17:01,51747.95,51740,210,51740.35,210,0,1157580
BANKNIFTY-I.NFO,29/07/2024,09:17:03,51740.15,51740.2,15,51743.4,195,1125,1157580
BANKNIFTY-I.NFO,29/07/2024,09:17:04,51754.4,51750.65,15,51754.9,60,900,1157580
BANKNIFTY-I.NFO,29/07/2024,09:17:04,51758,51750.65,15,51754.9,60,0,1157580
BANKNIFTY-I.NFO,29/07/2024,09:17:06,51740,51740,225,51743.6,15,2265,1157580
BANKNIFTY-I.NFO,29/07/2024,09:17:07,51745.15,51745.15,15,51748.9,300,510,1157580
BANKNIFTY-I.NFO,29/07/2024,09:17:09,51740.5,51740.35,60,51748.5,15,690,1157580
BANKNIFTY-I.NFO,29/07/2024,09:17:11,51754.4,51751.05,15,51754.4,30,540,1157580
BANKNIFTY-I.NFO,29/07/2024,09:17:12,51740,51740,870,51745.35,30,3465,1157580
BANKNIFTY-I.NFO,29/07/2024,09:17:14,51740,51740,705,51745.9,15,210,1157580
BANKNIFTY-I.NFO,29/07/2024,09:17:16,51745.95,51740.35,405,51745.9,15,120,1157580
BANKNIFTY-I.NFO,29/07/2024,09:17:17,51742.2,51740.35,330,51743.05,15,165,1157580
BANKNIFTY-I.NFO,29/07/2024,09:17:19,51740,51732.05,15,51739.95,15,4575,1157580
BANKNIFTY-I.NFO,29/07/2024,09:17:21,51730,51730,2025,51735.2,300,165,1157580
BANKNIFTY-I.NFO,29/07/2024,09:17:22,51737.95,51734.65,150,51738.1,15,330,1157580
BANKNIFTY-I.NFO,29/07/2024,09:17:24,51743.05,51742.8,30,51747,1800,510,1157580
BANKNIFTY-I.NFO,29/07/2024,09:17:25,51743.05,51735,900,51742.95,30,1170,1157580
BANKNIFTY-I.NFO,29/07/2024,09:17:27,51740.25,51740.25,45,51745.15,15,1635,1157580
BANKNIFTY-I.NFO,29/07/2024,09:17:29,51742.85,51742.25,60,51747,705,1290,1157580
BANKNIFTY-I.NFO,29/07/2024,09:17:30,51747,51743.9,45,51749.7,15,840,1157580
BANKNIFTY-I.NFO,29/07/2024,09:17:32,51748.4,51748.3,30,51754.4,30,555,1157580
BANKNIFTY-I.NFO,29/07/2024,09:17:34,51751.35,51751.85,15,51755,30,270,1157580
BANKNIFTY-I.NFO,29/07/2024,09:17:34,51760,51751.85,15,51755,30,0,1157580
BANKNIFTY-I.NFO,29/07/2024,09:17:35,51760,51764.95,15,51765,15,315,1157580
BANKNIFTY-I.NFO,29/07/2024,09:17:35,51764.95,51764.95,15,51765,15,0,1157580
BANKNIFTY-I.NFO,29/07/2024,09:17:37,51755.95,51754.4,15,51761.55,15,675,1157580
BANKNIFTY-I.NFO,29/07/2024,09:17:37,51768.15,51754.4,15,51761.55,15,0,1157580
BANKNIFTY-I.NFO,29/07/2024,09:17:39,51755,51754.45,30,51760,15,150,1157580
BANKNIFTY-I.NFO,29/07/2024,09:17:40,51760,51756.45,30,51764.35,15,195,1157580
BANKNIFTY-I.NFO,29/07/2024,09:17:42,51764.95,51762.2,15,51764.95,165,570,1157580
BANKNIFTY-I.NFO,29/07/2024,09:17:44,51762.25,51762.25,30,51764.35,60,735,1157580
BANKNIFTY-I.NFO,29/07/2024,09:17:45,51771.1,51771.1,285,51774.75,60,1275,1157580
BANKNIFTY-I.NFO,29/07/2024,09:17:45,51777,51771.1,285,51774.75,60,0,1157580
BANKNIFTY-I.NFO,29/07/2024,09:17:47,51770.5,51770.1,45,51774.7,60,555,1157580
BANKNIFTY-I.NFO,29/07/2024,09:17:49,51771.1,51769,375,51771.1,210,705,1157580
BANKNIFTY-I.NFO,29/07/2024,09:17:50,51778.3,51770.1,15,51778.65,15,480,1157580
BANKNIFTY-I.NFO,29/07/2024,09:17:50,51778.35,51770.1,15,51778.65,15,0,1157580
BANKNIFTY-I.NFO,29/07/2024,09:17:52,51777.1,51770.1,225,51775.9,15,495,1157580
BANKNIFTY-I.NFO,29/07/2024,09:17:52,51780,51770.1,225,51775.9,15,0,1157580
BANKNIFTY-I.NFO,29/07/2024,09:17:53,51770.1,51771.1,120,51776,60,150,1157580
BANKNIFTY-I.NFO,29/07/2024,09:17:55,51772.85,51769.4,60,51774.95,15,1965,1157580
BANKNIFTY-I.NFO,29/07/2024,09:17:57,51770.4,51770.35,30,51778,30,225,1157580
BANKNIFTY-I.NFO,29/07/2024,09:17:58,51778,51771.85,15,51778,15,1200,1157580
BANKNIFTY-I.NFO,29/07/2024,09:18:00,51781.35,51778.9,30,51787.05,15,780,1157580
BANKNIFTY-I.NFO,29/07/2024,09:18:00,51793.95,51778.9,30,51787.05,15,0,1157580
BANKNIFTY-I.NFO,29/07/2024,09:18:02,51796,51792.25,15,51798,15,330,1157580
BANKNIFTY-I.NFO,29/07/2024,09:18:02,51796,51792.25,15,51798,15,0,1157580
BANKNIFTY-I.NFO,29/07/2024,09:18:03,51798.95,51794.3,45,51803.8,15,4335,1157580
BANKNIFTY-I.NFO,29/07/2024,09:18:03,51804.7,51794.3,45,51803.8,15,0,1157580
BANKNIFTY-I.NFO,29/07/2024,09:18:05,51816.1,51802.95,45,51812.05,45,2880,1157580
BANKNIFTY-I.NFO,29/07/2024,09:18:05,51818,51802.95,45,51812.05,45,0,1157580
BANKNIFTY-I.NFO,29/07/2024,09:18:06,51803.95,51799.3,15,51808.6,15,1845,1157580
BANKNIFTY-I.NFO,29/07/2024,09:18:08,51808.9,51809.1,15,51816.1,15,645,1157580
BANKNIFTY-I.NFO,29/07/2024,09:18:10,51811.5,51805,240,51812.2,75,720,1157580
BANKNIFTY-I.NFO,29/07/2024,09:18:11,51805.05,51805,240,51812.75,15,225,1157580
BANKNIFTY-I.NFO,29/07/2024,09:18:13,51800.6,51801.8,60,51810,15,765,1157580
BANKNIFTY-I.NFO,29/07/2024,09:18:15,51809.15,51809.15,15,51814,2100,615,1157580
BANKNIFTY-I.NFO,29/07/2024,09:18:16,51822.05,51813.3,75,51822.15,15,2760,1157580
BANKNIFTY-I.NFO,29/07/2024,09:18:16,51824.35,51813.3,75,51822.15,15,0,1157580
BANKNIFTY-I.NFO,29/07/2024,09:18:18,51814.45,51815.65,15,51824.3,300,555,1157580
BANKNIFTY-I.NFO,29/07/2024,09:18:18,51829,51815.65,15,51824.3,300,0,1157580
BANKNIFTY-I.NFO,29/07/2024,09:18:20,51829,51829.05,45,51830,150,630,1157580
BANKNIFTY-I.NFO,29/07/2024,09:18:21,51821.25,51821.2,75,51831.25,15,795,1157580
BANKNIFTY-I.NFO,29/07/2024,09:18:21,51830,51821.2,75,51831.25,15,0,1157580
BANKNIFTY-I.NFO,29/07/2024,09:18:23,51825.2,51818.1,15,51826.6,15,1035,1157580
BANKNIFTY-I.NFO,29/07/2024,09:18:23,51832.65,51818.1,15,51826.6,15,0,1157580
BANKNIFTY-I.NFO,29/07/2024,09:18:24,51824.45,51815.45,60,51825,150,690,1157580
BANKNIFTY-I.NFO,29/07/2024,09:18:26,51829.65,51821.2,180,51830.1,60,1305,1157580
BANKNIFTY-I.NFO,29/07/2024,09:18:28,51823.4,51824.9,30,51835.1,15,480,1157580
BANKNIFTY-I.NFO,29/07/2024,09:18:28,51835.4,51824.9,30,51835.1,15,0,1157580
BANKNIFTY-I.NFO,29/07/2024,09:18:29,51838,51834.3,15,51838,105,2115,1157580
BANKNIFTY-I.NFO,29/07/2024,09:18:29,51839.4,51834.3,15,51838,105,0,1157580
BANKNIFTY-I.NFO,29/07/2024,09:18:31,51833.1,51833,15,51843.3,15,1485,1157580
BANKNIFTY-I.NFO,29/07/2024,09:18:31,51843.1,51833,15,51843.3,15,0,1157580
BANKNIFTY-I.NFO,29/07/2024,09:18:33,51830.1,51830.1,30,51835.8,15,270,1157580
BANKNIFTY-I.NFO,29/07/2024,09:18:33,51843.4,51830.1,30,51835.8,15,0,1157580
BANKNIFTY-I.NFO,29/07/2024,09:18:34,51823.55,51825.1,60,51835.35,15,645,1169970
BANKNIFTY-I.NFO,29/07/2024,09:18:36,51833.2,51822.95,60,51832.45,15,360,1169970
BANKNIFTY-I.NFO,29/07/2024,09:18:38,51826.55,51821.35,60,51832.3,30,930,1169970
BANKNIFTY-I.NFO,29/07/2024,09:18:39,51820.1,51822.6,15,51834.3,75,735,1169970
BANKNIFTY-I.NFO,29/07/2024,09:18:41,51829.35,51830.3,15,51834.25,15,660,1169970
BANKNIFTY-I.NFO,29/07/2024,09:18:43,51838,51833.7,75,51838,765,2010,1169970
BANKNIFTY-I.NFO,29/07/2024,09:18:44,51825.9,51826.2,15,51835.6,60,525,1169970
BANKNIFTY-I.NFO,29/07/2024,09:18:46,51821.85,51820,30,51828,15,165,1169970
BANKNIFTY-I.NFO,29/07/2024,09:18:48,51813.6,51813.85,45,51824.65,60,465,1169970
BANKNIFTY-I.NFO,29/07/2024,09:18:49,51817.95,51812.2,30,51821.75,60,120,1169970
BANKNIFTY-I.NFO,29/07/2024,09:18:51,51819.15,51820.15,30,51830.45,60,555,1169970
BANKNIFTY-I.NFO,29/07/2024,09:18:52,51824.55,51824.5,15,51835.25,15,975,1169970
BANKNIFTY-I.NFO,29/07/2024,09:18:54,51821,51821,330,51825.35,75,195,1169970
BANKNIFTY-I.NFO,29/07/2024,09:18:56,51813,51813,390,51821.1,15,420,1169970
BANKNIFTY-I.NFO,29/07/2024,09:18:57,51807,51807,150,51810.65,45,885,1169970
BANKNIFTY-I.NFO,29/07/2024,09:18:59,51790,51782.7,30,51789,30,705,1169970
BANKNIFTY-I.NFO,29/07/2024,09:19:01,51771.6,51774.1,105,51785.75,30,1995,1169970
BANKNIFTY-I.NFO,29/07/2024,09:19:02,51761.9,51762.65,75,51773.65,30,435,1169970
BANKNIFTY-I.NFO,29/07/2024,09:19:04,51754.4,51754.35,15,51763.55,15,105,1169970
BANKNIFTY-I.NFO,29/07/2024,09:19:06,51762.95,51751.45,15,51762.6,15,1125,1169970
BANKNIFTY-I.NFO,29/07/2024,09:19:07,51755.15,51755.05,15,51765.75,15,480,1169970
BANKNIFTY-I.NFO,29/07/2024,09:19:09,51765.3,51755.7,15,51765.95,60,1230,1169970
BANKNIFTY-I.NFO,29/07/2024,09:19:10,51755.7,51753.05,30,51755.5,585,405,1169970
BANKNIFTY-I.NFO,29/07/2024,09:19:12,51745.5,51745.7,60,51756.85,60,1125,1169970
BANKNIFTY-I.NFO,29/07/2024,09:19:14,51753.3,51745.7,60,51755.35,180,150,1169970
BANKNIFTY-I.NFO,29/07/2024,09:19:15,51750.2,51747.45,30,51751.1,15,435,1169970
BANKNIFTY-I.NFO,29/07/2024,09:19:17,51743.75,51734.65,75,51743.8,30,465,1169970
BANKNIFTY-I.NFO,29/07/2024,09:19:19,51734.65,51731,60,51736.85,30,135,1169970
BANKNIFTY-I.NFO,29/07/2024,09:19:20,51732.2,51725,60,51730,15,330,1169970
BANKNIFTY-I.NFO,29/07/2024,09:19:22,51724.75,51713.05,15,51718.55,60,675,1169970
BANKNIFTY-I.NFO,29/07/2024,09:19:24,51725,51719.4,15,51725,105,450,1169970
BANKNIFTY-I.NFO,29/07/2024,09:19:25,51723,51719.4,15,51729.1,120,195,1169970
BANKNIFTY-I.NFO,29/07/2024,09:19:27,51710.2,51710.6,120,51718.75,30,480,1169970
BANKNIFTY-I.NFO,29/07/2024,09:19:29,51730.35,51730.3,30,51740,15,1155,1169970
BANKNIFTY-I.NFO,29/07/2024,09:19:30,51730.3,51721.7,300,51730.8,120,810,1169970
BANKNIFTY-I.NFO,29/07/2024,09:19:32,51739.15,51738.15,30,51741.3,15,315,1169970
BANKNIFTY-I.NFO,29/07/2024,09:19:34,51749.35,51739.55,120,51749.8,30,165,1169970
BANKNIFTY-I.NFO,29/07/2024,09:19:36,51751.45,51744.65,15,51754.95,120,885,1169970
BANKNIFTY-I.NFO,29/07/2024,09:19:37,51749.05,51741.3,15,51748.95,120,225,1169970
BANKNIFTY-I.NFO,29/07/2024,09:19:39,51726.65,51726.65,45,51735.85,135,525,1169970
BANKNIFTY-I.NFO,29/07/2024,09:19:41,51737.65,51737.65,15,51744.2,120,645,1169970
BANKNIFTY-I.NFO,29/07/2024,09:19:42,51737.65,51736.05,30,51744.6,15,480,1169970
BANKNIFTY-I.NFO,29/07/2024,09:19:44,51749,51744.65,225,51749.05,15,300,1169970
BANKNIFTY-I.NFO,29/07/2024,09:19:46,51749.05,51749.05,375,51754.95,135,105,1169970
BANKNIFTY-I.NFO,29/07/2024,09:19:47,51747,51737.95,135,51748.4,60,630,1169970
BANKNIFTY-I.NFO,29/07/2024,09:19:49,51740.8,51747.2,240,51751.75,150,645,1169970
BANKNIFTY-I.NFO,29/07/2024,09:19:51,51739.6,51739.6,30,51750.15,120,270,1169970
BANKNIFTY-I.NFO,29/07/2024,09:19:52,51752.45,51751.75,60,51753,15,255,1169970
BANKNIFTY-I.NFO,29/07/2024,09:19:54,51750.5,51739.85,120,51749.05,105,330,1169970
BANKNIFTY-I.NFO,29/07/2024,09:19:56,51746.65,51744,15,51746.7,15,645,1169970
BANKNIFTY-I.NFO,29/07/2024,09:19:57,51746.15,51737.55,120,51747.3,15,210,1169970
BANKNIFTY-I.NFO,29/07/2024,09:19:59,51740.9,51730,30,51738.25,15,375,1169970
BANKNIFTY-I.NFO,29/07/2024,09:20:01,51723.55,51716.65,15,51723.55,15,735,1169970
BANKNIFTY-I.NFO,29/07/2024,09:20:02,51711.35,51705,15,51711.7,15,915,1169970
BANKNIFTY-I.NFO,29/07/2024,09:20:04,51710.35,51703,150,51706.5,15,945,1169970
BANKNIFTY-I.NFO,29/07/2024,09:20:06,51713.55,51709.5,15,51712.95,15,855,1169970
BANKNIFTY-I.NFO,29/07/2024,09:20:07,51708.25,51708.2,30,51716.65,15,750,1169970
BANKNIFTY-I.NFO,29/07/2024,09:20:09,51702,51701,15,51706.1,150,720,1169970
BANKNIFTY-I.NFO,29/07/2024,09:20:11,51707.8,51705,15,51710.2,60,630,1169970
BANKNIFTY-I.NFO,29/07/2024,09:20:12,51722.75,51713.7,120,51723.7,15,735,1169970
BANKNIFTY-I.NFO,29/07/2024,09:20:14,51717.75,51717.65,120,51728.15,150,945,1169970
BANKNIFTY-I.NFO,29/07/2024,09:20:16,51731.8,51721.85,45,51728.15,30,780,1169970
BANKNIFTY-I.NFO,29/07/2024,09:20:17,51734.35,51723,105,51734.15,120,255,1169970
BANKNIFTY-I.NFO,29/07/2024,09:20:19,51722.9,51719.5,135,51722.9,375,60,1169970
BANKNIFTY-I.NFO,29/07/2024,09:20:21,51720,51719.45,15,51727.1,30,1500,1169970
BANKNIFTY-I.NFO,29/07/2024,09:20:22,51719.45,51714.15,15,51723.5,15,180,1169970
BANKNIFTY-I.NFO,29/07/2024,09:20:24,51720.6,51711.4,15,51719.45,45,165,1169970
BANKNIFTY-I.NFO,29/07/2024,09:20:26,51727.55,51713.8,15,51721.95,30,75,1169970
BANKNIFTY-I.NFO,29/07/2024,09:20:27,51736,51725.25,15,51735.85,120,135,1169970
BANKNIFTY-I.NFO,29/07/2024,09:20:29,51721.85,51721.85,270,51730.2,15,120,1169970
BANKNIFTY-I.NFO,29/07/2024,09:20:31,51730.95,51720.35,105,51729.9,15,90,1169970
BANKNIFTY-I.NFO,29/07/2024,09:20:32,51725.35,51725.55,90,51736,30,45,1169970
BANKNIFTY-I.NFO,29/07/2024,09:20:34,51733,51729.6,15,51736,30,105,1169970
BANKNIFTY-I.NFO,29/07/2024,09:20:36,51727.35,51726.7,30,51736,15,45,1169970
BANKNIFTY-I.NFO,29/07/2024,09:20:37,51727.5,51724.1,15,51734.8,15,90,1169970
BANKNIFTY-I.NFO,29/07/2024,09:20:39,51735.95,51725.5,105,51736,30,90,1169970
BANKNIFTY-I.NFO,29/07/2024,09:20:41,51726.65,51725.55,30,51736,15,210,1169970
BANKNIFTY-I.NFO,29/07/2024,09:20:42,51741.55,51736,15,51741.55,120,105,1169970
BANKNIFTY-I.NFO,29/07/2024,09:20:44,51741.8,51741.55,15,51741.8,570,120,1169970
BANKNIFTY-I.NFO,29/07/2024,09:20:46,51739.45,51739.1,15,51741.8,195,480,1169970
BANKNIFTY-I.NFO,29/07/2024,09:20:47,51739.45,51739.3,45,51748,15,375,1169970
BANKNIFTY-I.NFO,29/07/2024,09:20:49,51743.85,51743,255,51749,120,90,1169970
BANKNIFTY-I.NFO,29/07/2024,09:20:51,51743.85,51742,15,51749,105,30,1169970
BANKNIFTY-I.NFO,29/07/2024,09:20:52,51749,51743.05,15,51749.05,60,300,1169970
BANKNIFTY-I.NFO,29/07/2024,09:20:54,51746.5,51749.05,15,51751.1,15,330,1169970
BANKNIFTY-I.NFO,29/07/2024,09:20:56,51745.1,51746.5,15,51751.1,60,225,1169970
BANKNIFTY-I.NFO,29/07/2024,09:20:57,51751.85,51743.6,300,51751.85,120,420,1169970
BANKNIFTY-I.NFO,29/07/2024,09:20:59,51751.8,51748.95,375,51751.8,15,150,1169970
BANKNIFTY-I.NFO,29/07/2024,09:21:01,51751.85,51748.95,345,51754.4,120,135,1169970
BANKNIFTY-I.NFO,29/07/2024,09:21:02,51742.75,51740.2,30,51742.75,15,540,1169970
BANKNIFTY-I.NFO,29/07/2024,09:21:04,51754.9,51745.4,120,51754.95,30,675,1169970
BANKNIFTY-I.NFO,29/07/2024,09:21:06,51757.05,51750.05,120,51757.05,405,1035,1169970
BANKNIFTY-I.NFO,29/07/2024,09:21:07,51759.95,51753.7,210,51759.9,30,450,1169970
BANKNIFTY-I.NFO,29/07/2024,09:21:09,51754.95,51754.95,210,51760,240,450,1169970
BANKNIFTY-I.NFO,29/07/2024,09:21:11,51754.95,51754.95,780,51762.6,45,1185,1169970
BANKNIFTY-I.NFO,29/07/2024,09:21:12,51765.55,51757.05,1065,51765.8,30,105,1169970
BANKNIFTY-I.NFO,29/07/2024,09:21:14,51761.65,51767.7,165,51773,15,540,1169970
BANKNIFTY-I.NFO,29/07/2024,09:21:16,51766.8,51767.1,75,51775,105,405,1169970
BANKNIFTY-I.NFO,29/07/2024,09:21:17,51772.9,51767.1,600,51773.55,150,60,1169970
BANKNIFTY-I.NFO,29/07/2024,09:21:19,51778,51775,15,51778,15,480,1169970
BANKNIFTY-I.NFO,29/07/2024,09:21:21,51776.55,51768,45,51776.2,15,1035,1169970
BANKNIFTY-I.NFO,29/07/2024,09:21:22,51767.7,51767.05,600,51772.2,30,195,1169970
BANKNIFTY-I.NFO,29/07/2024,09:21:24,51763.25,51763.05,15,51771.9,15,360,1169970
BANKNIFTY-I.NFO,29/07/2024,09:21:26,51771.4,51764.85,15,51770,30,60,1169970
BANKNIFTY-I.NFO,29/07/2024,09:21:27,51768.7,51762.35,555,51770,15,210,1169970
BANKNIFTY-I.NFO,29/07/2024,09:21:29,51769.55,51766,15,51769.85,120,360,1169970
BANKNIFTY-I.NFO,29/07/2024,09:21:31,51770,51770,855,51771.4,15,135,1169970
BANKNIFTY-I.NFO,29/07/2024,09:21:32,51770,51771.4,30,51775.85,105,630,1169970
BANKNIFTY-I.NFO,29/07/2024,09:21:34,51770,51770,255,51775,15,225,1169970
BANKNIFTY-I.NFO,29/07/2024,09:21:36,51775,51775,15,51776.55,615,30,1171605
BANKNIFTY-I.NFO,29/07/2024,09:21:37,51772.35,51771.9,270,51775,1740,555,1171605
BANKNIFTY-I.NFO,29/07/2024,09:21:39,51775,51772.05,315,51775,1680,165,1171605
BANKNIFTY-I.NFO,29/07/2024,09:21:41,51775,51772.35,300,51775,30,2565,1171605
BANKNIFTY-I.NFO,29/07/2024,09:21:43,51776.6,51776.3,75,51780,15,285,1171605
BANKNIFTY-I.NFO,29/07/2024,09:21:44,51780,51772.45,75,51775,15,15,1171605
BANKNIFTY-I.NFO,29/07/2024,09:21:46,51775.05,51774.15,90,51779.95,15,45,1171605
BANKNIFTY-I.NFO,29/07/2024,09:21:48,51779.2,51775.1,105,51779.25,15,2250,1171605
BANKNIFTY-I.NFO,29/07/2024,09:21:49,51780,51775.1,90,51780.2,60,120,1171605
BANKNIFTY-I.NFO,29/07/2024,09:21:51,51780,51775.1,90,51779.15,30,0,1171605
BANKNIFTY-I.NFO,29/07/2024,09:21:53,51779.95,51775.1,75,51780,15,75,1171605
BANKNIFTY-I.NFO,29/07/2024,09:21:54,51774.55,51772.4,30,51780,15,435,1171605
BANKNIFTY-I.NFO,29/07/2024,09:21:56,51775,51775,60,51780,90,945,1171605
BANKNIFTY-I.NFO,29/07/2024,09:21:58,51775,51775,15,51779.95,15,30,1171605
BANKNIFTY-I.NFO,29/07/2024,09:21:59,51775,51772.1,300,51778.4,15,60,1171605
BANKNIFTY-I.NFO,29/07/2024,09:22:01,51779.95,51779.95,45,51780,120,255,1171605
BANKNIFTY-I.NFO,29/07/2024,09:22:03,51788.05,51788,45,51791,15,1260,1171605
BANKNIFTY-I.NFO,29/07/2024,09:22:04,51798.45,51786.7,135,51796,60,1110,1171605
BANKNIFTY-I.NFO,29/07/2024,09:22:06,51790,51790,45,51792.05,15,45,1171605
BANKNIFTY-I.NFO,29/07/2024,09:22:08,51795.85,51787.2,15,51795.85,15,525,1171605
BANKNIFTY-I.NFO,29/07/2024,09:22:09,51794.95,51794.95,45,51798.95,15,225,1171605
BANKNIFTY-I.NFO,29/07/2024,09:22:11,51794.5,51790,390,51793.25,30,90,1171605
BANKNIFTY-I.NFO,29/07/2024,09:22:13,51790,51790,375,51794.95,15,120,1171605
BANKNIFTY-I.NFO,29/07/2024,09:22:14,51793.65,51790,375,51792.65,45,255,1171605
BANKNIFTY-I.NFO,29/07/2024,09:22:16,51790,51790,345,51796.55,15,90,1171605
BANKNIFTY-I.NFO,29/07/2024,09:22:18,51790,51790,165,51790.05,15,225,1171605
BANKNIFTY-I.NFO,29/07/2024,09:22:19,51797.7,51790,135,51797.1,30,150,1171605
BANKNIFTY-I.NFO,29/07/2024,09:22:21,51797.35,51795.2,15,51798,30,420,1171605
BANKNIFTY-I.NFO,29/07/2024,09:22:23,51794.65,51794.15,75,51798,15,45,1171605
BANKNIFTY-I.NFO,29/07/2024,09:22:24,51810,51809.05,15,51813,15,2385,1171605
BANKNIFTY-I.NFO,29/07/2024,09:22:26,51817.8,51817.45,30,51819.65,15,210,1171605
BANKNIFTY-I.NFO,29/07/2024,09:22:27,51830,51826.65,135,51829.95,15,780,1171605
BANKNIFTY-I.NFO,29/07/2024,09:22:29,51828.55,51825.5,15,51827.6,15,480,1171605
BANKNIFTY-I.NFO,29/07/2024,09:22:31,51823.25,51818.6,135,51828.8,15,345,1171605
BANKNIFTY-I.NFO,29/07/2024,09:22:32,51828.3,51819.45,120,51831.3,45,120,1171605
BANKNIFTY-I.NFO,29/07/2024,09:22:34,51816.85,51812.75,135,51818.6,30,75,1171605
BANKNIFTY-I.NFO,29/07/2024,09:22:36,51827.15,51821.3,15,51827.35,15,60,1171605
BANKNIFTY-I.NFO,29/07/2024,09:22:37,51819.55,51818.6,90,51826.5,15,15,1171605
BANKNIFTY-I.NFO,29/07/2024,09:22:39,51825.1,51813.25,30,51821.3,15,270,1171605
BANKNIFTY-I.NFO,29/07/2024,09:22:40,51818,51810,30,51817.2,30,60,1171605
BANKNIFTY-I.NFO,29/07/2024,09:22:42,51818.6,51814.6,15,51820,60,45,1171605
BANKNIFTY-I.NFO,29/07/2024,09:22:44,51815.4,51816.45,30,51819.65,60,180,1171605
BANKNIFTY-I.NFO,29/07/2024,09:22:45,51827.25,51827.05,15,51833,30,345,1171605
BANKNIFTY-I.NFO,29/07/2024,09:22:47,51815.05,51814.25,15,51819.55,15,45,1171605
BANKNIFTY-I.NFO,29/07/2024,09:22:49,51825,51819.55,75,51828.1,30,75,1171605
BANKNIFTY-I.NFO,29/07/2024,09:22:50,51819.2,51815.1,180,51818.6,840,135,1171605
BANKNIFTY-I.NFO,29/07/2024,09:22:52,51815.1,51815.1,165,51818.6,855,15,1171605
BANKNIFTY-I.NFO,29/07/2024,09:22:53,51805.8,51802.75,75,51811,15,315,1171605
BANKNIFTY-I.NFO,29/07/2024,09:22:55,51814.55,51814.85,15,51818.6,840,75,1171605
BANKNIFTY-I.NFO,29/07/2024,09:22:57,51812.2,51813.1,75,51818.6,840,180,1171605
BANKNIFTY-I.NFO,29/07/2024,09:22:58,51818.35,51809.25,15,51818.4,15,240,1171605
BANKNIFTY-I.NFO,29/07/2024,09:23:00,51815.25,51802.7,105,51812.55,120,180,1171605
BANKNIFTY-I.NFO,29/07/2024,09:23:01,51810.3,51800.7,120,51807,75,30,1171605
BANKNIFTY-I.NFO,29/07/2024,09:23:03,51811.05,51803.8,105,51811.05,285,315,1171605
BANKNIFTY-I.NFO,29/07/2024,09:23:05,51804.5,51803.6,75,51811.05,240,330,1171605
BANKNIFTY-I.NFO,29/07/2024,09:23:06,51817.1,51809.5,15,51817,60,495,1171605
BANKNIFTY-I.NFO,29/07/2024,09:23:08,51809.9,51809.9,15,51815.65,15,255,1171605
BANKNIFTY-I.NFO,29/07/2024,09:23:10,51816.15,51809.9,15,51816.15,45,195,1171605
BANKNIFTY-I.NFO,29/07/2024,09:23:11,51808.65,51800,45,51805.25,15,225,1171605
BANKNIFTY-I.NFO,29/07/2024,09:23:13,51796.85,51797.25,15,51807.35,15,150,1171605
BANKNIFTY-I.NFO,29/07/2024,09:23:14,51803.05,51793.4,15,51803.85,30,270,1171605
BANKNIFTY-I.NFO,29/07/2024,09:23:16,51797.1,51790,30,51793.65,30,1005,1171605
BANKNIFTY-I.NFO,29/07/2024,09:23:18,51791.5,51789.75,15,51799.4,120,75,1171605
BANKNIFTY-I.NFO,29/07/2024,09:23:19,51789.75,51787.7,15,51790,15,45,1171605
BANKNIFTY-I.NFO,29/07/2024,09:23:21,51795.8,51785.05,15,51795.2,30,330,1171605
BANKNIFTY-I.NFO,29/07/2024,09:23:22,51799.45,51791.55,15,51800.9,30,120,1171605
BANKNIFTY-I.NFO,29/07/2024,09:23:24,51792.6,51793.45,15,51800,75,240,1171605
BANKNIFTY-I.NFO,29/07/2024,09:23:26,51790.1,51793.65,120,51800,90,30,1171605
BANKNIFTY-I.NFO,29/07/2024,09:23:27,51800,51791.8,15,51800.55,120,195,1171605
BANKNIFTY-I.NFO,29/07/2024,09:23:29,51796.5,51792.4,15,51798,15,105,1171605
BANKNIFTY-I.NFO,29/07/2024,09:23:31,51801.7,51792.1,60,51798,15,60,1171605
BANKNIFTY-I.NFO,29/07/2024,09:23:32,51800,51789.35,15,51798.35,15,180,1171605
BANKNIFTY-I.NFO,29/07/2024,09:23:34,51799.95,51791.2,90,51798,15,180,1171605
BANKNIFTY-I.NFO,29/07/2024,09:23:36,51792.1,51792.7,90,51798,15,45,1171605
BANKNIFTY-I.NFO,29/07/2024,09:23:37,51798,51797.2,15,51799,30,30,1171605
BANKNIFTY-I.NFO,29/07/2024,09:23:39,51792.8,51791.8,90,51798,15,15,1171605
BANKNIFTY-I.NFO,29/07/2024,09:23:41,51793.85,51793.9,15,51800,150,90,1171605
BANKNIFTY-I.NFO,29/07/2024,09:23:42,51794.55,51794.55,15,51798,30,135,1171605
BANKNIFTY-I.NFO,29/07/2024,09:23:44,51787.8,51787.75,75,51791.9,105,30,1171605
BANKNIFTY-I.NFO,29/07/2024,09:23:46,51791.35,51792.8,15,51796.7,15,135,1171605
BANKNIFTY-I.NFO,29/07/2024,09:23:47,51791.35,51792.8,15,51795.25,30,15,1171605
BANKNIFTY-I.NFO,29/07/2024,09:23:49,51796.4,51786.85,120,51795.9,15,1155,1171605
BANKNIFTY-I.NFO,29/07/2024,09:23:51,51793.55,51786.1,105,51793.7,15,60,1171605
BANKNIFTY-I.NFO,29/07/2024,09:23:52,51794.9,51789.2,45,51794.9,15,120,1171605
BANKNIFTY-I.NFO,29/07/2024,09:23:54,51790.7,51791.65,75,51797.2,135,105,1171605
BANKNIFTY-I.NFO,29/07/2024,09:23:56,51797.2,51792.45,15,51800,150,180,1171605
BANKNIFTY-I.NFO,29/07/2024,09:23:57,51800,51791.75,15,51800,15,165,1171605
BANKNIFTY-I.NFO,29/07/2024,09:23:59,51791.35,51791.95,30,51800,30,60,1171605
BANKNIFTY-I.NFO,29/07/2024,09:24:01,51789.7,51785.65,15,51790.45,15,60,1171605
BANKNIFTY-I.NFO,29/07/2024,09:24:02,51797.25,51789.25,15,51798.7,120,195,1171605
BANKNIFTY-I.NFO,29/07/2024,09:24:04,51784.75,51785.9,15,51795.4,15,270,1171605
BANKNIFTY-I.NFO,29/07/2024,09:24:06,51785.55,51786.45,15,51796.3,120,390,1171605
BANKNIFTY-I.NFO,29/07/2024,09:24:07,51785,51783.9,15,51785,285,570,1171605
BANKNIFTY-I.NFO,29/07/2024,09:24:09,51793.05,51782.7,15,51793.05,45,1140,1171605
BANKNIFTY-I.NFO,29/07/2024,09:24:11,51781,51781,1275,51787.85,30,1275,1171605
BANKNIFTY-I.NFO,29/07/2024,09:24:12,51791.75,51784,135,51792.15,15,105,1171605
BANKNIFTY-I.NFO,29/07/2024,09:24:14,51786.15,51785.1,120,51796,120,240,1171605
BANKNIFTY-I.NFO,29/07/2024,09:24:16,51787.75,51784.05,45,51794.15,135,45,1171605
BANKNIFTY-I.NFO,29/07/2024,09:24:17,51781.9,51781,1275,51790.3,120,105,1171605
BANKNIFTY-I.NFO,29/07/2024,09:24:19,51789.2,51781,1215,51789.2,45,195,1171605
BANKNIFTY-I.NFO,29/07/2024,09:24:21,51781,51781,1140,51784,15,105,1171605
BANKNIFTY-I.NFO,29/07/2024,09:24:22,51780,51779,15,51781.95,15,1365,1171605
BANKNIFTY-I.NFO,29/07/2024,09:24:24,51775,51775,60,51780,30,90,1171605
BANKNIFTY-I.NFO,29/07/2024,09:24:26,51779.95,51775,60,51779.6,30,15,1171605
BANKNIFTY-I.NFO,29/07/2024,09:24:27,51766.45,51765.75,135,51770,270,510,1171605
BANKNIFTY-I.NFO,29/07/2024,09:24:29,51763.85,51760.7,300,51768.95,15,945,1171605
BANKNIFTY-I.NFO,29/07/2024,09:24:31,51770,51761.5,15,51770,210,225,1171605
BANKNIFTY-I.NFO,29/07/2024,09:24:32,51765,51763.1,15,51765,195,525,1171605
BANKNIFTY-I.NFO,29/07/2024,09:24:34,51768.7,51766.4,30,51770,135,240,1171605
BANKNIFTY-I.NFO,29/07/2024,09:24:36,51758.1,51762.95,15,51770,135,210,1166085
BANKNIFTY-I.NFO,29/07/2024,09:24:37,51770,51768.2,15,51770,150,135,1166085
BANKNIFTY-I.NFO,29/07/2024,09:24:39,51770,51770,390,51775,15,225,1166085
BANKNIFTY-I.NFO,29/07/2024,09:24:41,51775,51773.45,15,51780,30,15,1166085
BANKNIFTY-I.NFO,29/07/2024,09:24:42,51775,51775,15,51780,30,0,1166085
BANKNIFTY-I.NFO,29/07/2024,09:24:44,51770.15,51770,90,51775,15,30,1166085
BANKNIFTY-I.NFO,29/07/2024,09:24:46,51779.05,51770,15,51775.1,15,75,1166085
BANKNIFTY-I.NFO,29/07/2024,09:24:47,51779.05,51770,15,51775,15,0,1166085
BANKNIFTY-I.NFO,29/07/2024,09:24:49,51779.05,51770,345,51775,15,0,1166085
BANKNIFTY-I.NFO,29/07/2024,09:24:51,51770,51775,120,51778.7,135,90,1166085
BANKNIFTY-I.NFO,29/07/2024,09:24:52,51779.65,51775,30,51779.45,135,165,1166085
BANKNIFTY-I.NFO,29/07/2024,09:24:54,51779.65,51775,30,51779.35,135,0,1166085
BANKNIFTY-I.NFO,29/07/2024,09:24:56,51766,51762.8,15,51769.35,15,90,1166085
BANKNIFTY-I.NFO,29/07/2024,09:24:57,51761,51760,60,51762.9,15,225,1166085
BANKNIFTY-I.NFO,29/07/2024,09:24:59,51752,51751.3,45,51756.95,30,150,1166085
BANKNIFTY-I.NFO,29/07/2024,09:25:01,51747,51740.15,30,51746.95,15,150,1166085
BANKNIFTY-I.NFO,29/07/2024,09:25:02,51740,51733.1,120,51739.9,15,75,1166085
BANKNIFTY-I.NFO,29/07/2024,09:25:04,51740,51731.15,120,51733.1,30,75,1166085
BANKNIFTY-I.NFO,29/07/2024,09:25:06,51735.35,51730.7,120,51739.6,15,150,1166085
BANKNIFTY-I.NFO,29/07/2024,09:25:07,51733,51735.35,15,51738,30,135,1166085
BANKNIFTY-I.NFO,29/07/2024,09:25:09,51730.65,51725.45,15,51730.7,105,225,1166085
BANKNIFTY-I.NFO,29/07/2024,09:25:11,51710,51705,255,51712.2,120,585,1166085
BANKNIFTY-I.NFO,29/07/2024,09:25:12,51688.25,51691.3,15,51702.3,120,930,1166085
BANKNIFTY-I.NFO,29/07/2024,09:25:14,51705.15,51707,45,51717,135,240,1166085
BANKNIFTY-I.NFO,29/07/2024,09:25:16,51707.2,51703.35,60,51712.2,390,45,1166085
BANKNIFTY-I.NFO,29/07/2024,09:25:17,51706,51697.55,15,51707.7,15,225,1166085
BANKNIFTY-I.NFO,29/07/2024,09:25:19,51702.05,51704.9,30,51710,15,225,1166085
BANKNIFTY-I.NFO,29/07/2024,09:25:21,51709.1,51695.75,15,51703.35,30,270,1166085
BANKNIFTY-I.NFO,29/07/2024,09:25:22,51701.45,51701.35,30,51710.35,15,390,1166085
BANKNIFTY-I.NFO,29/07/2024,09:25:24,51703.8,51706,15,51712.2,210,180,1166085
BANKNIFTY-I.NFO,29/07/2024,09:25:26,51707.2,51712,30,51720,90,780,1166085
BANKNIFTY-I.NFO,29/07/2024,09:25:27,51720,51719.5,15,51725.45,15,375,1166085
BANKNIFTY-I.NFO,29/07/2024,09:25:29,51732.05,51731.55,30,51738,30,150,1166085
BANKNIFTY-I.NFO,29/07/2024,09:25:31,51736.8,51739.85,15,51749.95,15,225,1166085
BANKNIFTY-I.NFO,29/07/2024,09:25:32,51738.1,51740,15,51749,15,135,1166085
BANKNIFTY-I.NFO,29/07/2024,09:25:34,51738.1,51740.4,75,51748.95,15,0,1166085
BANKNIFTY-I.NFO,29/07/2024,09:25:36,51736.75,51734.85,135,51736.75,255,630,1166085
BANKNIFTY-I.NFO,29/07/2024,09:25:37,51740,51735.05,120,51743.35,30,390,1166085
BANKNIFTY-I.NFO,29/07/2024,09:25:39,51740,51738,30,51746.8,45,15,1166085
BANKNIFTY-I.NFO,29/07/2024,09:25:41,51738,51737.25,90,51746.45,120,195,1166085
BANKNIFTY-I.NFO,29/07/2024,09:25:42,51737.25,51737.25,15,51744.9,120,120,1166085
BANKNIFTY-I.NFO,29/07/2024,09:25:44,51740,51738.2,15,51745.15,30,375,1166085
BANKNIFTY-I.NFO,29/07/2024,09:25:46,51744.5,51742.35,135,51748.95,15,15,1166085
BANKNIFTY-I.NFO,29/07/2024,09:25:47,51740.75,51743.25,135,51746.75,30,45,1166085
BANKNIFTY-I.NFO,29/07/2024,09:25:49,51748.95,51744.85,300,51750,1080,75,1166085
BANKNIFTY-I.NFO,29/07/2024,09:25:51,51749.4,51748.7,15,51757.45,120,1185,1166085
BANKNIFTY-I.NFO,29/07/2024,09:25:52,51750,51752.55,15,51761,15,30,1166085
BANKNIFTY-I.NFO,29/07/2024,09:25:54,51753.85,51755,300,51760.05,105,120,1166085
BANKNIFTY-I.NFO,29/07/2024,09:25:56,51753.8,51750,120,51753.5,165,375,1166085
BANKNIFTY-I.NFO,29/07/2024,09:25:57,51755,51754.8,15,51762,15,195,1166085
BANKNIFTY-I.NFO,29/07/2024,09:25:59,51762,51761.5,120,51766,30,105,1166085
BANKNIFTY-I.NFO,29/07/2024,09:26:01,51763.8,51766.1,120,51775,105,75,1166085
BANKNIFTY-I.NFO,29/07/2024,09:26:02,51775,51769.1,120,51775,90,30,1166085
BANKNIFTY-I.NFO,29/07/2024,09:26:04,51781.65,51771.45,15,51781.7,15,810,1166085
BANKNIFTY-I.NFO,29/07/2024,09:26:06,51786.5,51776.6,15,51787,15,735,1166085
BANKNIFTY-I.NFO,29/07/2024,09:26:07,51789.7,51782.65,120,51790,15,645,1166085
BANKNIFTY-I.NFO,29/07/2024,09:26:09,51796.4,51787.75,15,51796.4,15,915,1166085
BANKNIFTY-I.NFO,29/07/2024,09:26:11,51785.1,51784,15,51794.45,15,60,1166085
BANKNIFTY-I.NFO,29/07/2024,09:26:12,51789.55,51781.6,15,51791.8,15,30,1166085
BANKNIFTY-I.NFO,29/07/2024,09:26:14,51791.4,51780,15,51791.25,150,690,1166085
BANKNIFTY-I.NFO,29/07/2024,09:26:16,51793.7,51781.9,15,51792.75,15,135,1166085
BANKNIFTY-I.NFO,29/07/2024,09:26:17,51783.8,51781.75,45,51791.35,15,15,1166085
BANKNIFTY-I.NFO,29/07/2024,09:26:19,51791.35,51781.65,60,51791.8,15,165,1166085
BANKNIFTY-I.NFO,29/07/2024,09:26:21,51791.35,51790.05,15,51794.1,15,0,1166085
BANKNIFTY-I.NFO,29/07/2024,09:26:22,51791.5,51783.85,15,51793,15,225,1166085
BANKNIFTY-I.NFO,29/07/2024,09:26:24,51791.5,51783.9,120,51794.35,15,0,1166085
BANKNIFTY-I.NFO,29/07/2024,09:26:26,51791.5,51783.85,15,51792.45,15,0,1166085
BANKNIFTY-I.NFO,29/07/2024,09:26:27,51783.95,51780,15,51789.2,150,225,1166085
BANKNIFTY-I.NFO,29/07/2024,09:26:29,51788.45,51780,15,51783.85,15,300,1166085
BANKNIFTY-I.NFO,29/07/2024,09:26:31,51780.85,51776,15,51783.85,15,60,1166085
BANKNIFTY-I.NFO,29/07/2024,09:26:32,51785.35,51775.75,15,51786.25,15,90,1166085
BANKNIFTY-I.NFO,29/07/2024,09:26:34,51777.65,51778.75,15,51788.25,30,360,1166085
BANKNIFTY-I.NFO,29/07/2024,09:26:36,51793,51783.25,15,51793,30,105,1166085
BANKNIFTY-I.NFO,29/07/2024,09:26:37,51780,51780,15,51788.55,30,45,1166085
BANKNIFTY-I.NFO,29/07/2024,09:26:39,51777.55,51778.7,30,51789.2,75,30,1166085
BANKNIFTY-I.NFO,29/07/2024,09:26:41,51781.65,51781.65,30,51790,120,15,1166085
BANKNIFTY-I.NFO,29/07/2024,09:26:44,51790,51783.45,15,51790,105,30,1166085
BANKNIFTY-I.NFO,29/07/2024,09:26:46,51789.8,51782.25,135,51790,90,120,1166085
BANKNIFTY-I.NFO,29/07/2024,09:26:47,51785.1,51785.1,15,51787.45,75,165,1166085
BANKNIFTY-I.NFO,29/07/2024,09:26:49,51779.45,51770.1,135,51778.55,75,195,1166085
BANKNIFTY-I.NFO,29/07/2024,09:26:51,51781.55,51771.5,15,51780.9,75,120,1166085
BANKNIFTY-I.NFO,29/07/2024,09:26:52,51784,51774.55,15,51784.25,90,75,1166085
BANKNIFTY-I.NFO,29/07/2024,09:26:54,51778.55,51770.45,120,51781.2,45,60,1166085
BANKNIFTY-I.NFO,29/07/2024,09:26:56,51767.9,51767.4,120,51771.95,15,45,1166085
BANKNIFTY-I.NFO,29/07/2024,09:26:57,51767.9,51766,15,51771.95,15,0,1166085
BANKNIFTY-I.NFO,29/07/2024,09:26:59,51766,51762.6,135,51771.6,15,105,1166085
BANKNIFTY-I.NFO,29/07/2024,09:27:01,51767.6,51758,60,51767.6,15,360,1166085
BANKNIFTY-I.NFO,29/07/2024,09:27:02,51767.6,51754.4,60,51758.05,30,0,1166085
BANKNIFTY-I.NFO,29/07/2024,09:27:04,51766,51758.75,30,51768.15,45,120,1166085
BANKNIFTY-I.NFO,29/07/2024,09:27:06,51768.35,51759.95,15,51768.6,120,345,1166085
BANKNIFTY-I.NFO,29/07/2024,09:27:07,51761.2,51756.25,75,51766.2,120,60,1166085
BANKNIFTY-I.NFO,29/07/2024,09:27:09,51752,51750.05,15,51751.7,120,60,1166085
BANKNIFTY-I.NFO,29/07/2024,09:27:11,51754.25,51745,30,51755.25,120,210,1166085
BANKNIFTY-I.NFO,29/07/2024,09:27:12,51759,51755.05,15,51764.6,135,45,1166085
BANKNIFTY-I.NFO,29/07/2024,09:27:14,51758.05,51747.75,30,51752,15,90,1166085
BANKNIFTY-I.NFO,29/07/2024,09:27:16,51757.15,51752.05,15,51760.75,135,120,1166085
BANKNIFTY-I.NFO,29/07/2024,09:27:17,51754.55,51750.6,105,51759,15,30,1166085
BANKNIFTY-I.NFO,29/07/2024,09:27:19,51757.5,51747.2,135,51750,45,15,1166085
BANKNIFTY-I.NFO,29/07/2024,09:27:21,51740.8,51738.1,120,51747.85,45,60,1166085
BANKNIFTY-I.NFO,29/07/2024,09:27:22,51751.75,51739.15,120,51748.85,90,1095,1166085
BANKNIFTY-I.NFO,29/07/2024,09:27:24,51740.05,51741.4,15,51751.6,120,195,1166085
BANKNIFTY-I.NFO,29/07/2024,09:27:26,51745,51749.05,885,51756.65,135,15,1166085
BANKNIFTY-I.NFO,29/07/2024,09:27:27,51749.05,51741.8,45,51751.3,15,900,1166085
BANKNIFTY-I.NFO,29/07/2024,09:27:29,51754.45,51755.5,15,51759,15,15,1166085
BANKNIFTY-I.NFO,29/07/2024,09:27:31,51759.35,51759.35,15,51769.3,120,180,1166085
BANKNIFTY-I.NFO,29/07/2024,09:27:32,51768.6,51759.05,15,51769.4,120,105,1166085
BANKNIFTY-I.NFO,29/07/2024,09:27:34,51760,51760,15,51769,120,105,1166085
BANKNIFTY-I.NFO,29/07/2024,09:27:36,51759.8,51759,900,51768.4,120,60,1166220
BANKNIFTY-I.NFO,29/07/2024,09:27:37,51760,51759,900,51769.1,120,45,1166220
BANKNIFTY-I.NFO,29/07/2024,09:27:39,51765.7,51759,900,51767.7,120,105,1166220
BANKNIFTY-I.NFO,29/07/2024,09:27:41,51759.25,51759,900,51767.6,120,30,1166220
BANKNIFTY-I.NFO,29/07/2024,09:27:42,51759,51760,15,51763.65,195,60,1166220
BANKNIFTY-I.NFO,29/07/2024,09:27:44,51752.8,51750,30,51757.55,120,900,1166220
BANKNIFTY-I.NFO,29/07/2024,09:27:46,51743.15,51743.15,105,51751.35,45,150,1166220
BANKNIFTY-I.NFO,29/07/2024,09:27:47,51756.95,51746.85,15,51756.65,15,210,1166220
BANKNIFTY-I.NFO,29/07/2024,09:27:49,51756.9,51751.7,15,51756.5,105,570,1166220
BANKNIFTY-I.NFO,29/07/2024,09:27:51,51742.8,51746.9,15,51756.95,45,90,1166220
BANKNIFTY-I.NFO,29/07/2024,09:27:52,51749.4,51749.75,15,51758.85,90,60,1166220
BANKNIFTY-I.NFO,29/07/2024,09:27:54,51750,51754.35,45,51759,150,15,1166220
BANKNIFTY-I.NFO,29/07/2024,09:27:56,51754.35,51754.4,15,51756,15,15,1166220
BANKNIFTY-I.NFO,29/07/2024,09:27:57,51742.3,51744.35,120,51753,15,105,1166220
BANKNIFTY-I.NFO,29/07/2024,09:27:59,51753,51744.05,120,51753.85,120,105,1166220
BANKNIFTY-I.NFO,29/07/2024,09:28:01,51748.9,51741.8,135,51750.8,15,15,1166220
BANKNIFTY-I.NFO,29/07/2024,09:28:02,51748.65,51747,15,51755.95,90,60,1166220
BANKNIFTY-I.NFO,29/07/2024,09:28:04,51740.5,51740.45,15,51745.85,105,60,1166220
BANKNIFTY-I.NFO,29/07/2024,09:28:06,51746.7,51741.05,15,51750.65,105,15,1166220
BANKNIFTY-I.NFO,29/07/2024,09:28:07,51743.1,51740.5,15,51745.2,105,15,1166220
BANKNIFTY-I.NFO,29/07/2024,09:28:09,51743.1,51740.5,15,51745.2,135,0,1166220
BANKNIFTY-I.NFO,29/07/2024,09:28:11,51740,51731.4,15,51741,105,60,1166220
BANKNIFTY-I.NFO,29/07/2024,09:28:12,51727.75,51725.5,15,51729.45,15,480,1166220
BANKNIFTY-I.NFO,29/07/2024,09:28:14,51725.05,51725,60,51726.7,15,120,1166220
BANKNIFTY-I.NFO,29/07/2024,09:28:16,51732.8,51734.95,15,51743.1,45,75,1166220
BANKNIFTY-I.NFO,29/07/2024,09:28:17,51743.1,51736.15,15,51743.1,30,90,1166220
BANKNIFTY-I.NFO,29/07/2024,09:28:19,51739.95,51739.95,90,51743.1,15,45,1166220
BANKNIFTY-I.NFO,29/07/2024,09:28:21,51740.85,51742.55,135,51750,75,75,1166220
BANKNIFTY-I.NFO,29/07/2024,09:28:22,51739.95,51741.25,30,51749.95,75,75,1166220
BANKNIFTY-I.NFO,29/07/2024,09:28:24,51739.95,51736.25,135,51741.5,30,30,1166220
BANKNIFTY-I.NFO,29/07/2024,09:28:26,51741.5,51738.2,15,51747.1,15,285,1166220
BANKNIFTY-I.NFO,29/07/2024,09:28:27,51739.2,51738.15,105,51748.25,120,165,1166220
BANKNIFTY-I.NFO,29/07/2024,09:28:29,51752.2,51741.45,15,51751.05,30,135,1166220
BANKNIFTY-I.NFO,29/07/2024,09:28:31,51745.9,51741.25,120,51745.85,30,30,1166220
BANKNIFTY-I.NFO,29/07/2024,09:28:32,51736.55,51734.85,135,51745.05,15,75,1166220
BANKNIFTY-I.NFO,29/07/2024,09:28:34,51740.45,51741.5,15,51750.55,105,75,1166220
BANKNIFTY-I.NFO,29/07/2024,09:28:36,51744.65,51739.2,15,51743.75,90,75,1166220
BANKNIFTY-I.NFO,29/07/2024,09:28:37,51739.9,51739.2,15,51741.25,15,15,1166220
BANKNIFTY-I.NFO,29/07/2024,09:28:39,51725.05,51726.8,15,51735.3,120,75,1166220
BANKNIFTY-I.NFO,29/07/2024,09:28:41,51726.2,51725,75,51732.8,60,105,1166220
BANKNIFTY-I.NFO,29/07/2024,09:28:42,51730.85,51725,45,51733.15,15,105,1166220
BANKNIFTY-I.NFO,29/07/2024,09:28:44,51720,51720,30,51725.7,15,135,1166220
BANKNIFTY-I.NFO,29/07/2024,09:28:46,51720,51716.65,60,51719.5,15,60,1166220
BANKNIFTY-I.NFO,29/07/2024,09:28:47,51715.55,51717.6,120,51724.95,15,120,1166220
BANKNIFTY-I.NFO,29/07/2024,09:28:49,51719.15,51719.1,15,51724.95,15,195,1166220
BANKNIFTY-I.NFO,29/07/2024,09:28:51,51723.5,51714.65,105,51724.6,135,30,1166220
BANKNIFTY-I.NFO,29/07/2024,09:28:52,51725,51716.3,15,51725.55,120,225,1166220
BANKNIFTY-I.NFO,29/07/2024,09:28:54,51720,51714.7,15,51721.5,135,45,1166220
BANKNIFTY-I.NFO,29/07/2024,09:28:56,51711.85,51711,15,51718.7,120,360,1166220
BANKNIFTY-I.NFO,29/07/2024,09:28:57,51705.5,51711,15,51718.65,150,180,1166220
BANKNIFTY-I.NFO,29/07/2024,09:28:59,51716.05,51707.1,15,51716.05,120,195,1166220
BANKNIFTY-I.NFO,29/07/2024,09:29:01,51715.55,51713.3,60,51721.5,390,90,1166220
BANKNIFTY-I.NFO,29/07/2024,09:29:02,51718.75,51709.75,15,51714.7,15,210,1166220
BANKNIFTY-I.NFO,29/07/2024,09:29:04,51719.9,51714.95,60,51721.5,375,90,1166220
BANKNIFTY-I.NFO,29/07/2024,09:29:06,51721.5,51715.75,60,51721.5,360,75,1166220
BANKNIFTY-I.NFO,29/07/2024,09:29:07,51721.45,51711.85,15,51721.35,120,75,1166220
BANKNIFTY-I.NFO,29/07/2024,09:29:09,51715,51707.45,30,51715.75,135,120,1166220
BANKNIFTY-I.NFO,29/07/2024,09:29:11,51716.35,51715.8,15,51721.5,180,150,1166220
BANKNIFTY-I.NFO,29/07/2024,09:29:12,51720.55,51720.8,15,51725,15,435,1166220
BANKNIFTY-I.NFO,29/07/2024,09:29:14,51721.5,51715.8,60,51720,15,75,1166220
BANKNIFTY-I.NFO,29/07/2024,09:29:16,51717,51716.95,45,51725,15,240,1166220
BANKNIFTY-I.NFO,29/07/2024,09:29:17,51717,51721.85,45,51725,15,0,1166220
BANKNIFTY-I.NFO,29/07/2024,09:29:19,51723.75,51719.5,30,51729.4,120,255,1166220
BANKNIFTY-I.NFO,29/07/2024,09:29:21,51723.3,51722.85,45,51730,930,60,1166220
BANKNIFTY-I.NFO,29/07/2024,09:29:22,51726.85,51726.85,60,51730,930,15,1166220
BANKNIFTY-I.NFO,29/07/2024,09:29:24,51725.2,51725.45,30,51730,930,255,1166220
BANKNIFTY-I.NFO,29/07/2024,09:29:26,51738.7,51729.35,60,51738.65,45,1065,1166220
BANKNIFTY-I.NFO,29/07/2024,09:29:27,51740.85,51733.45,90,51740.85,360,120,1166220
BANKNIFTY-I.NFO,29/07/2024,09:29:29,51734.25,51734.35,15,51740.85,255,195,1166220
BANKNIFTY-I.NFO,29/07/2024,09:29:31,51734.25,51733.15,75,51740.75,45,1035,1166220
BANKNIFTY-I.NFO,29/07/2024,09:29:32,51733.25,51734.2,15,51739.95,45,60,1166220
BANKNIFTY-I.NFO,29/07/2024,09:29:34,51736.5,51734.85,30,51739.95,30,45,1166220
BANKNIFTY-I.NFO,29/07/2024,09:29:36,51742.3,51742.7,30,51744.95,15,270,1166220
BANKNIFTY-I.NFO,29/07/2024,09:29:37,51750,51749.55,30,51755,30,240,1166220
BANKNIFTY-I.NFO,29/07/2024,09:29:39,51751.05,51749.7,30,51755,30,120,1166220
BANKNIFTY-I.NFO,29/07/2024,09:29:41,51750.2,51749.65,60,51755,15,330,1166220
BANKNIFTY-I.NFO,29/07/2024,09:29:42,51756.5,51752.3,90,51756.5,30,90,1166220
BANKNIFTY-I.NFO,29/07/2024,09:29:44,51749.5,51749.3,15,51749.5,45,675,1166220
BANKNIFTY-I.NFO,29/07/2024,09:29:46,51746.45,51745.4,60,51749.5,15,105,1166220
BANKNIFTY-I.NFO,29/07/2024,09:29:47,51747.7,51747.55,15,51749.5,15,15,1166220
BANKNIFTY-I.NFO,29/07/2024,09:29:49,51751.7,51753.6,75,51762.3,45,105,1166220
BANKNIFTY-I.NFO,29/07/2024,09:29:51,51750,51750,15,51756.1,15,30,1166220
BANKNIFTY-I.NFO,29/07/2024,09:29:52,51749.2,51746.45,30,51749.45,30,45,1166220
BANKNIFTY-I.NFO,29/07/2024,09:29:54,51746.45,51740.95,15,51745.3,15,45,1166220
BANKNIFTY-I.NFO,29/07/2024,09:29:56,51736,51735.15,75,51742.7,15,150,1166220
BANKNIFTY-I.NFO,29/07/2024,09:29:57,51743.8,51735.15,75,51742.3,120,60,1166220
BANKNIFTY-I.NFO,29/07/2024,09:29:59,51736.3,51741,45,51749.35,15,15,1166220
BANKNIFTY-I.NFO,29/07/2024,09:30:01,51743.35,51743.35,15,51752.75,120,60,1166220
BANKNIFTY-I.NFO,29/07/2024,09:30:02,51743.3,51743.25,60,51749,15,135,1166220
BANKNIFTY-I.NFO,29/07/2024,09:30:04,51754.35,51748,15,51754.2,15,60,1166220
BANKNIFTY-I.NFO,29/07/2024,09:30:06,51749.3,51748.45,15,51755.1,150,165,1166220
BANKNIFTY-I.NFO,29/07/2024,09:30:07,51749.3,51751.3,45,51755.1,150,0,1166220
BANKNIFTY-I.NFO,29/07/2024,09:30:09,51751.4,51752.05,15,51755.1,150,75,1166220
BANKNIFTY-I.NFO,29/07/2024,09:30:11,51751.4,51749.3,15,51751.4,15,255,1166220
BANKNIFTY-I.NFO,29/07/2024,09:30:12,51754.45,51754.45,15,51754.95,15,60,1166220
BANKNIFTY-I.NFO,29/07/2024,09:30:14,51749.35,51751.4,15,51755.1,150,30,1166220
BANKNIFTY-I.NFO,29/07/2024,09:30:16,51752.2,51752.2,75,51755.1,150,195,1166220
BANKNIFTY-I.NFO,29/07/2024,09:30:17,51752.2,51753.15,75,51755.1,150,0,1166220
BANKNIFTY-I.NFO,29/07/2024,09:30:21,51753.15,51749.7,60,51755.1,150,75,1166220
BANKNIFTY-I.NFO,29/07/2024,09:30:22,51749.7,51749.3,15,51755.1,150,15,1166220
BANKNIFTY-I.NFO,29/07/2024,09:30:24,51744.15,51744.75,15,51753.15,30,900,1166220
BANKNIFTY-I.NFO,29/07/2024,09:30:26,51755.1,51748.3,45,51753.15,30,150,1166220
BANKNIFTY-I.NFO,29/07/2024,09:30:27,51741.6,51747.7,90,51753.15,30,150,1166220
BANKNIFTY-I.NFO,29/07/2024,09:30:29,51742.25,51741.35,30,51749.45,15,30,1166220
BANKNIFTY-I.NFO,29/07/2024,09:30:31,51750,51750.35,15,51755,15,135,1166220
BANKNIFTY-I.NFO,29/07/2024,09:30:32,51750,51746.2,15,51755,15,0,1166220
BANKNIFTY-I.NFO,29/07/2024,09:30:34,51750,51745.9,375,51750,30,0,1166220
BANKNIFTY-I.NFO,29/07/2024,09:30:36,51750,51745.9,375,51750,30,15,1165605
BANKNIFTY-I.NFO,29/07/2024,09:30:37,51751.35,51745.9,375,51749.85,120,390,1165605
BANKNIFTY-I.NFO,29/07/2024,09:30:39,51745.9,51745.9,1245,51747.4,135,30,1165605
BANKNIFTY-I.NFO,29/07/2024,09:30:41,51745.9,51745.9,1245,51748.4,135,60,1165605
BANKNIFTY-I.NFO,29/07/2024,09:30:42,51744,51744,15,51746.4,15,1545,1165605
BANKNIFTY-I.NFO,29/07/2024,09:30:44,51736.25,51736.25,30,51739.75,15,360,1165605
BANKNIFTY-I.NFO,29/07/2024,09:30:46,51735,51730,15,51733.85,30,300,1165605
BANKNIFTY-I.NFO,29/07/2024,09:30:47,51730,51727.6,30,51735.25,30,15,1165605
BANKNIFTY-I.NFO,29/07/2024,09:30:49,51730,51728.8,15,51735.25,30,0,1165605
BANKNIFTY-I.NFO,29/07/2024,09:30:51,51730,51729.15,15,51735.25,60,0,1165605
BANKNIFTY-I.NFO,29/07/2024,09:30:52,51735.25,51733.1,15,51735.25,15,45,1165605
BANKNIFTY-I.NFO,29/07/2024,09:30:54,51735.25,51733.15,120,51736.25,15,15,1165605
BANKNIFTY-I.NFO,29/07/2024,09:30:56,51735.25,51735.25,15,51736.25,15,0,1165605
BANKNIFTY-I.NFO,29/07/2024,09:30:57,51733.1,51733.1,885,51736.25,15,45,1165605
BANKNIFTY-I.NFO,29/07/2024,09:30:59,51735.5,51737.3,15,51745.5,15,105,1165605
BANKNIFTY-I.NFO,29/07/2024,09:31:01,51733.1,51736.5,120,51745.55,15,105,1165605
BANKNIFTY-I.NFO,29/07/2024,09:31:02,51740,51735.25,120,51740,360,45,1165605
BANKNIFTY-I.NFO,29/07/2024,09:31:04,51736.5,51735.4,120,51740,360,15,1165605
BANKNIFTY-I.NFO,29/07/2024,09:31:06,51740,51741.2,120,51749.95,15,360,1165605
BANKNIFTY-I.NFO,29/07/2024,09:31:07,51739.3,51738.7,15,51748.35,30,45,1165605
BANKNIFTY-I.NFO,29/07/2024,09:31:09,51750,51748.15,885,51750,45,45,1165605
BANKNIFTY-I.NFO,29/07/2024,09:31:11,51748.15,51748.15,870,51750,105,15,1165605
BANKNIFTY-I.NFO,29/07/2024,09:31:12,51748.15,51748.15,1755,51750,105,0,1165605
BANKNIFTY-I.NFO,29/07/2024,09:31:14,51748.15,51748.15,1710,51750,120,45,1165605
BANKNIFTY-I.NFO,29/07/2024,09:31:16,51748.15,51748.15,1650,51750,120,60,1165605
BANKNIFTY-I.NFO,29/07/2024,09:31:17,51755,51750.55,120,51755,15,150,1165605
BANKNIFTY-I.NFO,29/07/2024,09:31:19,51766.9,51757,120,51766.2,30,240,1165605
BANKNIFTY-I.NFO,29/07/2024,09:31:21,51765.45,51757.05,120,51765.2,15,15,1165605
BANKNIFTY-I.NFO,29/07/2024,09:31:22,51752.8,51754.75,120,51763.1,15,15,1165605
BANKNIFTY-I.NFO,29/07/2024,09:31:24,51770,51760.3,135,51769,15,75,1165605
BANKNIFTY-I.NFO,29/07/2024,09:31:26,51761.5,51761.35,120,51768.7,15,15,1165605
BANKNIFTY-I.NFO,29/07/2024,09:31:28,51761.35,51761.75,120,51769,15,15,1165605
BANKNIFTY-I.NFO,29/07/2024,09:31:29,51770,51761.7,30,51769,45,30,1165605
BANKNIFTY-I.NFO,29/07/2024,09:31:31,51769.85,51761.7,30,51766.6,30,180,1165605
BANKNIFTY-I.NFO,29/07/2024,09:31:33,51769.85,51762.25,120,51770,765,75,1165605
BANKNIFTY-I.NFO,29/07/2024,09:31:34,51768.8,51761.7,870,51768,15,45,1165605
BANKNIFTY-I.NFO,29/07/2024,09:31:36,51768.8,51758.8,120,51766.95,15,0,1165605
BANKNIFTY-I.NFO,29/07/2024,09:31:38,51759.05,51758.55,855,51766.6,30,75,1165605
BANKNIFTY-I.NFO,29/07/2024,09:31:39,51759.05,51761.25,120,51769.8,15,0,1165605
BANKNIFTY-I.NFO,29/07/2024,09:31:41,51768.95,51763.6,120,51769.85,30,30,1165605
BANKNIFTY-I.NFO,29/07/2024,09:31:43,51759.4,51758.55,15,51767.5,15,15,1165605
BANKNIFTY-I.NFO,29/07/2024,09:31:44,51759.4,51759.05,15,51767.7,45,0,1165605
BANKNIFTY-I.NFO,29/07/2024,09:31:46,51768.6,51759.5,120,51768.65,15,120,1165605
BANKNIFTY-I.NFO,29/07/2024,09:31:48,51768.7,51760.95,15,51769,15,30,1165605
BANKNIFTY-I.NFO,29/07/2024,09:31:49,51768.7,51768.7,210,51770,615,180,1165605
BANKNIFTY-I.NFO,29/07/2024,09:31:51,51770,51768.7,210,51770,600,15,1165605
BANKNIFTY-I.NFO,29/07/2024,09:31:53,51770,51768.75,855,51770,600,0,1165605
BANKNIFTY-I.NFO,29/07/2024,09:31:54,51768.75,51768.75,825,51770,600,30,1165605
BANKNIFTY-I.NFO,29/07/2024,09:31:56,51770,51768.75,780,51770,585,60,1165605
BANKNIFTY-I.NFO,29/07/2024,09:31:58,51770,51768.8,30,51770,540,45,1165605
BANKNIFTY-I.NFO,29/07/2024,09:31:59,51775,51773.7,120,51775,90,735,1165605
BANKNIFTY-I.NFO,29/07/2024,09:32:01,51782.5,51783.4,120,51790,60,1155,1165605
BANKNIFTY-I.NFO,29/07/2024,09:32:03,51795,51795.35,135,51797,15,270,1165605
BANKNIFTY-I.NFO,29/07/2024,09:32:04,51791.95,51791.25,120,51798.8,15,450,1165605
BANKNIFTY-I.NFO,29/07/2024,09:32:06,51796.35,51798.8,90,51804.75,15,2010,1165605
BANKNIFTY-I.NFO,29/07/2024,09:32:08,51805.25,51803.7,90,51807,15,45,1165605
BANKNIFTY-I.NFO,29/07/2024,09:32:09,51801.15,51799.45,30,51807.5,15,105,1165605
BANKNIFTY-I.NFO,29/07/2024,09:32:11,51799.45,51798.85,765,51807.4,45,15,1165605
BANKNIFTY-I.NFO,29/07/2024,09:32:13,51803.55,51797.25,765,51801.6,15,75,1165605
BANKNIFTY-I.NFO,29/07/2024,09:32:14,51803.55,51793.2,765,51797.15,30,0,1165605
BANKNIFTY-I.NFO,29/07/2024,09:32:16,51783.4,51775.25,15,51784.2,120,1185,1165605
BANKNIFTY-I.NFO,29/07/2024,09:32:18,51785.8,51774.45,15,51783.2,120,15,1165605
BANKNIFTY-I.NFO,29/07/2024,09:32:19,51784.45,51772.25,45,51781,15,15,1165605
BANKNIFTY-I.NFO,29/07/2024,09:32:21,51777.5,51771,15,51778.15,135,30,1165605
BANKNIFTY-I.NFO,29/07/2024,09:32:23,51773.6,51770,15,51772.2,120,330,1165605
BANKNIFTY-I.NFO,29/07/2024,09:32:24,51771.65,51755.2,15,51764.05,90,75,1165605
BANKNIFTY-I.NFO,29/07/2024,09:32:26,51761.85,51753.3,15,51761.85,45,45,1165605
BANKNIFTY-I.NFO,29/07/2024,09:32:27,51754.55,51755.25,15,51761.9,15,60,1165605
BANKNIFTY-I.NFO,29/07/2024,09:32:29,51755.3,51759.85,15,51761.9,15,30,1165605
BANKNIFTY-I.NFO,29/07/2024,09:32:31,51756.2,51756.85,15,51761.9,15,45,1165605
BANKNIFTY-I.NFO,29/07/2024,09:32:32,51755.45,51755.35,120,51760,30,15,1165605
BANKNIFTY-I.NFO,29/07/2024,09:32:34,51755.45,51756.3,15,51760,30,0,1165605
BANKNIFTY-I.NFO,29/07/2024,09:32:36,51755.45,51757.15,15,51760,30,0,1165605
BANKNIFTY-I.NFO,29/07/2024,09:32:37,51755.45,51755.35,120,51760,30,0,1165605
BANKNIFTY-I.NFO,29/07/2024,09:32:39,51755.4,51755.4,15,51760,15,30,1165605
BANKNIFTY-I.NFO,29/07/2024,09:32:41,51760,51756.75,120,51761.9,15,60,1165605
BANKNIFTY-I.NFO,29/07/2024,09:32:42,51758.5,51758.1,120,51761.9,15,15,1165605
BANKNIFTY-I.NFO,29/07/2024,09:32:44,51761.9,51764.3,105,51770,105,45,1165605
BANKNIFTY-I.NFO,29/07/2024,09:32:46,51758.05,51755.8,105,51765.1,30,15,1165605
BANKNIFTY-I.NFO,29/07/2024,09:32:48,51754.65,51754.2,90,51760,120,60,1165605
BANKNIFTY-I.NFO,29/07/2024,09:32:49,51754.65,51755.65,90,51760,120,0,1165605
BANKNIFTY-I.NFO,29/07/2024,09:32:51,51758.05,51754.65,75,51763.2,30,150,1165605
BANKNIFTY-I.NFO,29/07/2024,09:32:53,51754,51752.65,150,51756.55,45,60,1165605
BANKNIFTY-I.NFO,29/07/2024,09:32:54,51756.55,51749.15,45,51758.85,15,630,1165605
BANKNIFTY-I.NFO,29/07/2024,09:32:56,51756.55,51748.15,735,51753.65,45,0,1165605
BANKNIFTY-I.NFO,29/07/2024,09:32:58,51748.15,51742.75,15,51752.65,15,735,1165605
BANKNIFTY-I.NFO,29/07/2024,09:32:59,51748.15,51742.8,30,51748.05,135,0,1165605
BANKNIFTY-I.NFO,29/07/2024,09:33:01,51747.95,51747.5,30,51757.1,15,135,1165605
BANKNIFTY-I.NFO,29/07/2024,09:33:03,51748.15,51748.3,15,51757.55,15,120,1165605
BANKNIFTY-I.NFO,29/07/2024,09:33:04,51748.15,51748.45,15,51757.55,15,0,1165605
BANKNIFTY-I.NFO,29/07/2024,09:33:06,51749.55,51746.15,90,51755.65,30,210,1165605
BANKNIFTY-I.NFO,29/07/2024,09:33:08,51756.25,51751,15,51754.95,60,150,1165605
BANKNIFTY-I.NFO,29/07/2024,09:33:09,51755,51752.65,120,51760,30,285,1165605
BANKNIFTY-I.NFO,29/07/2024,09:33:11,51755.3,51753.95,15,51762.9,15,60,1165605
BANKNIFTY-I.NFO,29/07/2024,09:33:13,51755.3,51753.85,120,51762.7,15,0,1165605
BANKNIFTY-I.NFO,29/07/2024,09:33:14,51749.45,51748,15,51750,105,45,1165605
BANKNIFTY-I.NFO,29/07/2024,09:33:16,51748,51745.9,195,51750,105,15,1165605
BANKNIFTY-I.NFO,29/07/2024,09:33:18,51748,51745.65,120,51750,105,0,1165605
BANKNIFTY-I.NFO,29/07/2024,09:33:19,51757.9,51750.65,135,51758,300,255,1165605
BANKNIFTY-I.NFO,29/07/2024,09:33:21,51751.5,51750.3,15,51758,300,15,1165605
BANKNIFTY-I.NFO,29/07/2024,09:33:23,51758,51751.1,15,51758,285,30,1165605
BANKNIFTY-I.NFO,29/07/2024,09:33:24,51758,51757.45,15,51758,195,105,1165605
BANKNIFTY-I.NFO,29/07/2024,09:33:26,51758,51760,120,51768.9,15,195,1165605
BANKNIFTY-I.NFO,29/07/2024,09:33:28,51759.05,51758.5,120,51760.7,15,30,1165605
BANKNIFTY-I.NFO,29/07/2024,09:33:29,51759.05,51758.55,30,51760.7,15,0,1165605
BANKNIFTY-I.NFO,29/07/2024,09:33:31,51760.7,51762.35,75,51768.95,15,165,1165605
BANKNIFTY-I.NFO,29/07/2024,09:33:33,51760.7,51759.95,15,51767.95,15,0,1165605
BANKNIFTY-I.NFO,29/07/2024,09:33:34,51760.1,51761.15,60,51768,15,15,1165605
BANKNIFTY-I.NFO,29/07/2024,09:33:36,51760.1,51760.7,15,51767.4,15,0,1165605
BANKNIFTY-I.NFO,29/07/2024,09:33:38,51767.4,51762.3,60,51768,15,45,1166010
BANKNIFTY-I.NFO,29/07/2024,09:33:39,51762.95,51762,45,51768,15,30,1166010
BANKNIFTY-I.NFO,29/07/2024,09:33:41,51762.8,51764.55,30,51768,15,15,1166010
BANKNIFTY-I.NFO,29/07/2024,09:33:43,51765,51763.5,30,51765,30,15,1166010
BANKNIFTY-I.NFO,29/07/2024,09:33:44,51764.35,51764,150,51765,15,60,1166010
BANKNIFTY-I.NFO,29/07/2024,09:33:46,51773.6,51766.7,15,51776.4,45,165,1166010
BANKNIFTY-I.NFO,29/07/2024,09:33:48,51779,51771.45,30,51779.95,15,45,1166010
BANKNIFTY-I.NFO,29/07/2024,09:33:49,51779,51767.85,30,51772,60,0,1166010
BANKNIFTY-I.NFO,29/07/2024,09:33:51,51773.55,51773.25,150,51779.95,15,150,1166010
BANKNIFTY-I.NFO,29/07/2024,09:33:53,51773.55,51769.65,75,51777.75,120,0,1166010
BANKNIFTY-I.NFO,29/07/2024,09:33:54,51778.25,51765.9,15,51774.9,15,15,1166010
BANKNIFTY-I.NFO,29/07/2024,09:33:56,51778.25,51765,15,51771.65,15,0,1166010
BANKNIFTY-I.NFO,29/07/2024,09:33:58,51764.1,51766.1,30,51771.7,15,30,1166010
BANKNIFTY-I.NFO,29/07/2024,09:33:59,51777,51766.65,120,51774.35,15,180,1166010
BANKNIFTY-I.NFO,29/07/2024,09:34:01,51774.35,51772.5,120,51778.95,15,15,1166010
BANKNIFTY-I.NFO,29/07/2024,09:34:03,51779.3,51774,75,51779.95,15,180,1166010
BANKNIFTY-I.NFO,29/07/2024,09:34:04,51778.45,51769.55,30,51778.85,15,330,1166010
BANKNIFTY-I.NFO,29/07/2024,09:34:06,51782.4,51773.9,120,51783.4,105,450,1166010
BANKNIFTY-I.NFO,29/07/2024,09:34:08,51779.35,51775,60,51779.35,30,180,1166010
BANKNIFTY-I.NFO,29/07/2024,09:34:09,51780,51770.15,30,51780,30,285,1166010
BANKNIFTY-I.NFO,29/07/2024,09:34:11,51780.7,51774,15,51783.35,15,90,1166010
BANKNIFTY-I.NFO,29/07/2024,09:34:13,51783.4,51783,15,51783.4,30,225,1166010
BANKNIFTY-I.NFO,29/07/2024,09:34:14,51781.6,51776.45,15,51783.35,135,45,1166010
BANKNIFTY-I.NFO,29/07/2024,09:34:16,51781.6,51776.45,15,51782.65,120,0,1166010
BANKNIFTY-I.NFO,29/07/2024,09:34:18,51781,51776.5,30,51783.15,120,15,1166010
BANKNIFTY-I.NFO,29/07/2024,09:34:19,51776.45,51770.85,45,51776.45,45,45,1166010
BANKNIFTY-I.NFO,29/07/2024,09:34:21,51776.45,51769.3,15,51775.4,15,0,1166010
BANKNIFTY-I.NFO,29/07/2024,09:34:23,51776.45,51771.15,120,51776.45,45,0,1166010
BANKNIFTY-I.NFO,29/07/2024,09:34:24,51771.2,51770,15,51776.45,45,15,1166010
BANKNIFTY-I.NFO,29/07/2024,09:34:26,51771.2,51770,15,51776.45,45,0,1166010
BANKNIFTY-I.NFO,29/07/2024,09:34:27,51767.55,51767.55,75,51776.2,15,75,1166010
BANKNIFTY-I.NFO,29/07/2024,09:34:29,51771.2,51767.55,30,51775.6,120,15,1166010
BANKNIFTY-I.NFO,29/07/2024,09:34:31,51776,51767.7,75,51770,75,90,1166010
BANKNIFTY-I.NFO,29/07/2024,09:34:32,51767.6,51767.55,30,51770,75,15,1166010
BANKNIFTY-I.NFO,29/07/2024,09:34:34,51767.55,51767.55,15,51770,75,15,1166010
BANKNIFTY-I.NFO,29/07/2024,09:34:36,51766.1,51766.1,15,51769.7,15,60,1166010
BANKNIFTY-I.NFO,29/07/2024,09:34:37,51770,51770,540,51776.45,45,120,1166010
BANKNIFTY-I.NFO,29/07/2024,09:34:39,51770,51770.35,15,51776.45,45,0,1166010
BANKNIFTY-I.NFO,29/07/2024,09:34:41,51771.95,51770,1035,51776.4,15,30,1166010
BANKNIFTY-I.NFO,29/07/2024,09:34:42,51789.9,51781.55,15,51790,90,150,1166010
BANKNIFTY-I.NFO,29/07/2024,09:34:44,51779.3,51778,1050,51787.75,15,45,1166010
BANKNIFTY-I.NFO,29/07/2024,09:34:46,51797,51790,1035,51796.9,120,135,1166010
BANKNIFTY-I.NFO,29/07/2024,09:34:47,51795.95,51788.15,120,51795.9,15,1275,1166010
BANKNIFTY-I.NFO,29/07/2024,09:34:49,51784.85,51785.55,120,51794.75,120,120,1166010
BANKNIFTY-I.NFO,29/07/2024,09:34:51,51794.85,51787.25,15,51796,105,15,1166010
BANKNIFTY-I.NFO,29/07/2024,09:34:52,51794,51785.6,120,51796,105,15,1166010
BANKNIFTY-I.NFO,29/07/2024,09:34:54,51796.65,51785.35,120,51795.6,15,180,1166010
BANKNIFTY-I.NFO,29/07/2024,09:34:56,51791.9,51783.2,120,51791.95,15,90,1166010
BANKNIFTY-I.NFO,29/07/2024,09:34:57,51793.95,51786.85,120,51794,15,15,1166010
BANKNIFTY-I.NFO,29/07/2024,09:34:59,51788.6,51787.7,30,51795.75,15,165,1166010
BANKNIFTY-I.NFO,29/07/2024,09:35:01,51787.7,51787.75,120,51797,135,45,1166010
BANKNIFTY-I.NFO,29/07/2024,09:35:02,51788.95,51789.25,105,51795.45,15,240,1166010
BANKNIFTY-I.NFO,29/07/2024,09:35:04,51792.75,51790.3,90,51792.25,15,150,1166010
BANKNIFTY-I.NFO,29/07/2024,09:35:06,51800,51794.8,150,51800,45,525,1166010
BANKNIFTY-I.NFO,29/07/2024,09:35:07,51801.9,51794.8,165,51801.65,15,240,1166010
BANKNIFTY-I.NFO,29/07/2024,09:35:09,51800,51796.65,30,51800,15,150,1166010
BANKNIFTY-I.NFO,29/07/2024,09:35:11,51805,51797.3,15,51805,510,195,1166010
BANKNIFTY-I.NFO,29/07/2024,09:35:12,51805,51800.1,15,51805,480,60,1166010
BANKNIFTY-I.NFO,29/07/2024,09:35:14,51800,51797.15,15,51802.5,15,135,1166010
BANKNIFTY-I.NFO,29/07/2024,09:35:15,51796.95,51796.8,120,51805,465,210,1166010
BANKNIFTY-I.NFO,29/07/2024,09:35:17,51804.85,51795.2,120,51804,15,165,1166010
BANKNIFTY-I.NFO,29/07/2024,09:35:19,51804.85,51796.05,15,51804.85,15,45,1166010
BANKNIFTY-I.NFO,29/07/2024,09:35:20,51794.65,51795.95,120,51804.85,15,90,1166010
BANKNIFTY-I.NFO,29/07/2024,09:35:22,51796.1,51796.1,120,51804.8,15,45,1166010
BANKNIFTY-I.NFO,29/07/2024,09:35:24,51795.05,51794.65,135,51804.4,15,345,1166010
BANKNIFTY-I.NFO,29/07/2024,09:35:25,51803.2,51793.1,135,51803.2,60,225,1166010
BANKNIFTY-I.NFO,29/07/2024,09:35:27,51800,51794.65,120,51804.85,135,30,1166010
BANKNIFTY-I.NFO,29/07/2024,09:35:29,51800,51797.45,30,51802.5,15,75,1166010
BANKNIFTY-I.NFO,29/07/2024,09:35:30,51802.5,51797.45,30,51802.15,90,15,1166010
BANKNIFTY-I.NFO,29/07/2024,09:35:32,51797.45,51795.05,90,51799.6,75,30,1166010
BANKNIFTY-I.NFO,29/07/2024,09:35:34,51795.05,51790,60,51791.55,15,240,1166010
BANKNIFTY-I.NFO,29/07/2024,09:35:35,51797.85,51790,45,51798.45,30,60,1166010
BANKNIFTY-I.NFO,29/07/2024,09:35:37,51795.05,51790,45,51798.65,30,30,1166010
BANKNIFTY-I.NFO,29/07/2024,09:35:39,51790,51790,30,51799.15,30,30,1166010
BANKNIFTY-I.NFO,29/07/2024,09:35:40,51789.05,51788.6,15,51796.4,45,90,1166010
BANKNIFTY-I.NFO,29/07/2024,09:35:42,51795.65,51788.6,15,51794.05,15,180,1166010
BANKNIFTY-I.NFO,29/07/2024,09:35:44,51795.65,51788.6,15,51792.65,15,0,1166010
BANKNIFTY-I.NFO,29/07/2024,09:35:45,51773.55,51775.05,45,51781.45,45,120,1166010
BANKNIFTY-I.NFO,29/07/2024,09:35:47,51776.6,51777.15,45,51786.45,60,210,1166010
BANKNIFTY-I.NFO,29/07/2024,09:35:49,51776.6,51777,15,51787.7,60,0,1166010
BANKNIFTY-I.NFO,29/07/2024,09:35:50,51777.6,51783.6,15,51793.35,120,330,1166010
BANKNIFTY-I.NFO,29/07/2024,09:35:52,51782.75,51786.1,30,51795.05,45,60,1166010
BANKNIFTY-I.NFO,29/07/2024,09:35:54,51782.75,51781.2,30,51791.45,120,0,1166010
BANKNIFTY-I.NFO,29/07/2024,09:35:55,51795,51785.9,120,51795.05,45,345,1166010
BANKNIFTY-I.NFO,29/07/2024,09:35:57,51795.05,51787.15,15,51795.05,15,30,1166010
BANKNIFTY-I.NFO,29/07/2024,09:35:59,51794.15,51787.7,60,51794.3,60,45,1166010
BANKNIFTY-I.NFO,29/07/2024,09:36:00,51794.15,51788.05,120,51795,60,0,1166010
BANKNIFTY-I.NFO,29/07/2024,09:36:02,51788.95,51789.6,120,51795,165,120,1166010
BANKNIFTY-I.NFO,29/07/2024,09:36:04,51795,51792.4,75,51795,90,135,1166010
BANKNIFTY-I.NFO,29/07/2024,09:36:05,51788.4,51792.15,75,51795,90,330,1166010
BANKNIFTY-I.NFO,29/07/2024,09:36:07,51788.4,51791.1,15,51795,90,0,1166010
BANKNIFTY-I.NFO,29/07/2024,09:36:09,51795,51795,225,51795.65,15,135,1166010
BANKNIFTY-I.NFO,29/07/2024,09:36:10,51795.65,51795,225,51799,15,15,1166010
BANKNIFTY-I.NFO,29/07/2024,09:36:12,51795,51795.05,75,51799,15,15,1166010
BANKNIFTY-I.NFO,29/07/2024,09:36:14,51799.95,51796.3,15,51799.95,30,105,1166010
BANKNIFTY-I.NFO,29/07/2024,09:36:15,51800,51797,45,51800,105,45,1166010
BANKNIFTY-I.NFO,29/07/2024,09:36:17,51800,51796.7,75,51800,90,15,1166010
BANKNIFTY-I.NFO,29/07/2024,09:36:19,51800,51796.45,75,51799,15,0,1166010
BANKNIFTY-I.NFO,29/07/2024,09:36:20,51797.45,51796.95,30,51799.95,120,240,1166010
BANKNIFTY-I.NFO,29/07/2024,09:36:22,51797.3,51798.75,75,51799.95,105,30,1166010
BANKNIFTY-I.NFO,29/07/2024,09:36:24,51802.5,51797,15,51802.5,60,225,1166010
BANKNIFTY-I.NFO,29/07/2024,09:36:25,51800,51798.4,75,51802.5,75,60,1166010
BANKNIFTY-I.NFO,29/07/2024,09:36:27,51804.05,51798.65,15,51804.55,135,120,1166010
BANKNIFTY-I.NFO,29/07/2024,09:36:29,51805,51798.75,15,51805,525,30,1166010
BANKNIFTY-I.NFO,29/07/2024,09:36:31,51798.65,51797.3,15,51798,60,120,1166010
BANKNIFTY-I.NFO,29/07/2024,09:36:32,51805,51801.95,15,51805,480,120,1166010
BANKNIFTY-I.NFO,29/07/2024,09:36:34,51805,51801.85,15,51805,465,15,1166010
BANKNIFTY-I.NFO,29/07/2024,09:36:36,51834.85,51827.85,120,51835,15,3450,1166010
BANKNIFTY-I.NFO,29/07/2024,09:36:37,51836.35,51827.6,30,51836.7,15,915,1166385
BANKNIFTY-I.NFO,29/07/2024,09:36:39,51819.25,51815.9,60,51825.8,120,120,1166385
BANKNIFTY-I.NFO,29/07/2024,09:36:41,51821.55,51814.45,30,51822.55,30,135,1166385
BANKNIFTY-I.NFO,29/07/2024,09:36:42,51821.95,51813.1,15,51814.45,15,555,1166385
BANKNIFTY-I.NFO,29/07/2024,09:36:44,51823.6,51823.35,30,51823.6,285,135,1166385
BANKNIFTY-I.NFO,29/07/2024,09:36:46,51830,51822.95,30,51830,30,1620,1166385
BANKNIFTY-I.NFO,29/07/2024,09:36:47,51830,51823.3,15,51829.2,120,375,1166385
BANKNIFTY-I.NFO,29/07/2024,09:36:49,51827.1,51823.3,15,51828.5,15,45,1166385
BANKNIFTY-I.NFO,29/07/2024,09:36:51,51828.7,51818.1,120,51828.05,45,540,1166385
BANKNIFTY-I.NFO,29/07/2024,09:36:52,51827.1,51819.1,120,51828.9,45,75,1166385
BANKNIFTY-I.NFO,29/07/2024,09:36:54,51835.5,51828.35,15,51838.4,15,210,1166385
BANKNIFTY-I.NFO,29/07/2024,09:36:56,51834.35,51823.9,15,51833.6,15,75,1166385
BANKNIFTY-I.NFO,29/07/2024,09:36:57,51834.15,51824.95,15,51836.1,30,90,1166385
BANKNIFTY-I.NFO,29/07/2024,09:36:59,51823.5,51824.2,15,51833.55,45,30,1166385
BANKNIFTY-I.NFO,29/07/2024,09:37:01,51826.15,51827.45,15,51836.1,15,150,1166385
BANKNIFTY-I.NFO,29/07/2024,09:37:02,51839.05,51839,120,51840,435,420,1166385
BANKNIFTY-I.NFO,29/07/2024,09:37:04,51871,51861.8,120,51871,585,12510,1166385
BANKNIFTY-I.NFO,29/07/2024,09:37:04,51871,51861.8,120,51871,585,0,1166385
BANKNIFTY-I.NFO,29/07/2024,09:37:06,51878.85,51870,45,51878.05,15,4365,1166385
BANKNIFTY-I.NFO,29/07/2024,09:37:06,51885.5,51870,45,51878.05,15,0,1166385
BANKNIFTY-I.NFO,29/07/2024,09:37:07,51873.65,51870,30,51875,15,2085,1166385
BANKNIFTY-I.NFO,29/07/2024,09:37:09,51860.95,51853.1,45,51862.1,15,750,1166385
BANKNIFTY-I.NFO,29/07/2024,09:37:11,51858.95,51848.65,15,51859.35,165,855,1166385
BANKNIFTY-I.NFO,29/07/2024,09:37:12,51859.35,51850.75,120,51857.8,15,135,1166385
BANKNIFTY-I.NFO,29/07/2024,09:37:14,51863.2,51859.3,15,51863.2,30,255,1166385
BANKNIFTY-I.NFO,29/07/2024,09:37:16,51859.6,51859.35,240,51868.85,15,360,1166385
BANKNIFTY-I.NFO,29/07/2024,09:37:17,51863.15,51863.15,15,51873.95,15,465,1166385
BANKNIFTY-I.NFO,29/07/2024,09:37:19,51876.8,51867.65,15,51877.65,30,270,1166385
BANKNIFTY-I.NFO,29/07/2024,09:37:21,51861.85,51866.05,15,51874.7,75,345,1166385
BANKNIFTY-I.NFO,29/07/2024,09:37:22,51861.85,51864.25,15,51874.6,105,720,1166385
BANKNIFTY-I.NFO,29/07/2024,09:37:24,51863.15,51863.15,210,51869,30,285,1166385
BANKNIFTY-I.NFO,29/07/2024,09:37:27,51858.55,51850,90,51858.6,15,1650,1166385
BANKNIFTY-I.NFO,29/07/2024,09:37:29,51865.45,51857.65,120,51865.45,120,165,1166385
BANKNIFTY-I.NFO,29/07/2024,09:37:30,51867.35,51867.35,120,51872,120,225,1166385
BANKNIFTY-I.NFO,29/07/2024,09:37:32,51859.7,51859.95,120,51869.6,120,150,1166385
BANKNIFTY-I.NFO,29/07/2024,09:37:34,51861.85,51860.8,15,51866.55,120,45,1166385
BANKNIFTY-I.NFO,29/07/2024,09:37:35,51866.15,51858.2,30,51864.8,15,75,1166385
BANKNIFTY-I.NFO,29/07/2024,09:37:37,51870,51859.25,135,51869.8,120,435,1166385
BANKNIFTY-I.NFO,29/07/2024,09:37:39,51865.9,51867.15,15,51875,120,285,1166385
BANKNIFTY-I.NFO,29/07/2024,09:37:40,51864.8,51858.6,15,51868.1,15,525,1166385
BANKNIFTY-I.NFO,29/07/2024,09:37:42,51861.3,51863.15,15,51870.5,15,180,1166385
BANKNIFTY-I.NFO,29/07/2024,09:37:44,51860.5,51860.35,15,51869.65,45,90,1166385
BANKNIFTY-I.NFO,29/07/2024,09:37:45,51874.3,51863.1,15,51872.85,120,60,1166385
BANKNIFTY-I.NFO,29/07/2024,09:37:47,51864.15,51864.2,30,51873.85,15,345,1166385
BANKNIFTY-I.NFO,29/07/2024,09:37:49,51874.95,51869.4,15,51874.95,15,60,1166385
BANKNIFTY-I.NFO,29/07/2024,09:37:50,51861.3,51861.4,15,51871.05,15,90,1166385
BANKNIFTY-I.NFO,29/07/2024,09:37:52,51864,51864.65,30,51866.1,15,60,1166385
BANKNIFTY-I.NFO,29/07/2024,09:37:54,51866.15,51863,120,51871,15,120,1166385
BANKNIFTY-I.NFO,29/07/2024,09:37:55,51863,51863,75,51869.95,15,60,1166385
BANKNIFTY-I.NFO,29/07/2024,09:37:57,51869.95,51863.4,15,51870,15,30,1166385
BANKNIFTY-I.NFO,29/07/2024,09:37:59,51866.75,51866.05,75,51874.95,45,285,1166385
BANKNIFTY-I.NFO,29/07/2024,09:38:00,51865.5,51865.5,135,51871.8,120,135,1166385
BANKNIFTY-I.NFO,29/07/2024,09:38:02,51877.95,51871.4,15,51877.95,120,435,1166385
BANKNIFTY-I.NFO,29/07/2024,09:38:04,51873.05,51874.95,15,51882.65,15,1485,1166385
BANKNIFTY-I.NFO,29/07/2024,09:38:05,51883.3,51872.6,15,51883.4,150,1320,1166385
BANKNIFTY-I.NFO,29/07/2024,09:38:07,51886.4,51877.2,45,51886.4,105,1080,1166385
BANKNIFTY-I.NFO,29/07/2024,09:38:07,51886.6,51877.2,45,51886.4,105,0,1166385
BANKNIFTY-I.NFO,29/07/2024,09:38:09,51885.6,51875.75,15,51885.05,105,795,1166385
BANKNIFTY-I.NFO,29/07/2024,09:38:10,51877.35,51877.85,15,51887.85,15,1080,1166385
BANKNIFTY-I.NFO,29/07/2024,09:38:10,51887.8,51877.85,15,51887.85,15,0,1166385
BANKNIFTY-I.NFO,29/07/2024,09:38:12,51874.2,51872.85,30,51878.95,165,30,1166385
BANKNIFTY-I.NFO,29/07/2024,09:38:14,51887.1,51878.95,30,51885.4,45,285,1166385
BANKNIFTY-I.NFO,29/07/2024,09:38:15,51878.95,51872.25,15,51881.2,15,90,1166385
BANKNIFTY-I.NFO,29/07/2024,09:38:17,51878.95,51879.9,30,51887.9,15,0,1166385
BANKNIFTY-I.NFO,29/07/2024,09:38:19,51878.95,51876.3,15,51885.95,30,135,1166385
BANKNIFTY-I.NFO,29/07/2024,09:38:20,51879.85,51874,30,51880.8,45,75,1166385
BANKNIFTY-I.NFO,29/07/2024,09:38:22,51882.4,51874,30,51878.95,15,375,1166385
BANKNIFTY-I.NFO,29/07/2024,09:38:24,51870.45,51870.55,45,51878.95,15,150,1166385
BANKNIFTY-I.NFO,29/07/2024,09:38:25,51873.35,51875,135,51878.9,15,60,1166385
BANKNIFTY-I.NFO,29/07/2024,09:38:27,51882.35,51878.95,210,51880,30,75,1166385
BANKNIFTY-I.NFO,29/07/2024,09:38:29,51880.75,51880.7,15,51888,105,600,1166385
BANKNIFTY-I.NFO,29/07/2024,09:38:29,51888,51880.7,15,51888,105,0,1166385
BANKNIFTY-I.NFO,29/07/2024,09:38:30,51888,51879.2,15,51886.25,120,75,1166385
BANKNIFTY-I.NFO,29/07/2024,09:38:32,51878.95,51877.4,15,51886.85,120,615,1166385
BANKNIFTY-I.NFO,29/07/2024,09:38:34,51884.4,51884.15,15,51888,60,120,1166385
BANKNIFTY-I.NFO,29/07/2024,09:38:35,51878.9,51878.35,30,51880.75,180,330,1166385
BANKNIFTY-I.NFO,29/07/2024,09:38:35,51889.8,51878.35,30,51880.75,180,0,1166385
BANKNIFTY-I.NFO,29/07/2024,09:38:37,51884.1,51878.2,15,51888.5,120,720,1166385
BANKNIFTY-I.NFO,29/07/2024,09:38:38,51880.1,51882.5,15,51889.8,60,120,1166385
BANKNIFTY-I.NFO,29/07/2024,09:38:40,51889.8,51881.2,75,51889.8,45,60,1166385
BANKNIFTY-I.NFO,29/07/2024,09:38:42,51879.05,51880.7,75,51889.9,15,225,1166385
BANKNIFTY-I.NFO,29/07/2024,09:38:43,51879.45,51879.25,30,51888.7,15,585,1166385
BANKNIFTY-I.NFO,29/07/2024,09:38:45,51879.95,51881.6,75,51889.9,15,75,1166385
BANKNIFTY-I.NFO,29/07/2024,09:38:47,51889.95,51883.15,15,51889.95,15,105,1166385
BANKNIFTY-I.NFO,29/07/2024,09:38:47,51889.95,51883.15,15,51889.95,15,0,1166385
BANKNIFTY-I.NFO,29/07/2024,09:38:48,51889.95,51881.25,15,51890,285,135,1166385
BANKNIFTY-I.NFO,29/07/2024,09:38:50,51890,51889.95,15,51890,255,75,1166385
BANKNIFTY-I.NFO,29/07/2024,09:38:50,51890,51889.95,15,51890,255,0,1166385
BANKNIFTY-I.NFO,29/07/2024,09:38:52,51890,51882.45,45,51890,240,285,1166385
BANKNIFTY-I.NFO,29/07/2024,09:38:53,51889.95,51882.8,15,51889.95,210,30,1166385
BANKNIFTY-I.NFO,29/07/2024,09:38:55,51890.25,51886.25,15,51889,15,570,1166385
BANKNIFTY-I.NFO,29/07/2024,09:38:55,51891,51886.25,15,51889,15,0,1166385
BANKNIFTY-I.NFO,29/07/2024,09:38:56,51889.95,51889.95,15,51890,435,75,1166385
BANKNIFTY-I.NFO,29/07/2024,09:38:58,51891.7,51889.95,15,51897.45,45,855,1166385
BANKNIFTY-I.NFO,29/07/2024,09:38:58,51897.5,51889.95,15,51897.45,45,0,1166385
BANKNIFTY-I.NFO,29/07/2024,09:39:00,51889.95,51889.35,15,51897.05,120,240,1166385
BANKNIFTY-I.NFO,29/07/2024,09:39:01,51884.75,51885.35,150,51894.6,15,465,1166385
BANKNIFTY-I.NFO,29/07/2024,09:39:03,51900,51897.45,120,51900,3750,930,1166385
BANKNIFTY-I.NFO,29/07/2024,09:39:03,51900,51897.45,120,51900,3750,0,1166385
BANKNIFTY-I.NFO,29/07/2024,09:39:05,51900,51891.45,135,51900,2955,1110,1166385
BANKNIFTY-I.NFO,29/07/2024,09:39:06,51900,51896.3,255,51900,1920,1305,1166385
BANKNIFTY-I.NFO,29/07/2024,09:39:08,51900,51890.5,45,51900,1455,855,1166385
BANKNIFTY-I.NFO,29/07/2024,09:39:09,51891.3,51891.8,75,51900,1215,270,1166385
BANKNIFTY-I.NFO,29/07/2024,09:39:11,51890.6,51892.5,15,51900,1200,315,1166385
BANKNIFTY-I.NFO,29/07/2024,09:39:13,51891.1,51890,15,51893.9,75,105,1166385
BANKNIFTY-I.NFO,29/07/2024,09:39:15,51891.7,51889.5,75,51898.75,120,480,1166385
BANKNIFTY-I.NFO,29/07/2024,09:39:16,51900,51896.7,30,51900,795,75,1166385
BANKNIFTY-I.NFO,29/07/2024,09:39:18,51893.15,51893.15,15,51898.5,120,300,1166385
BANKNIFTY-I.NFO,29/07/2024,09:39:19,51880.4,51876.65,45,51884.4,45,495,1166385
BANKNIFTY-I.NFO,29/07/2024,09:39:21,51855,51855,15,51856.15,15,300,1166385
BANKNIFTY-I.NFO,29/07/2024,09:39:23,51820,51820,585,51828.95,120,1890,1166385
BANKNIFTY-I.NFO,29/07/2024,09:39:24,51829.9,51830.1,15,51837.65,120,150,1166385
BANKNIFTY-I.NFO,29/07/2024,09:39:26,51832.6,51832.4,90,51842.65,120,90,1166385
BANKNIFTY-I.NFO,29/07/2024,09:39:28,51843.65,51842.65,15,51846,30,165,1166385
BANKNIFTY-I.NFO,29/07/2024,09:39:29,51863.3,51853.55,15,51863.3,120,90,1166385
BANKNIFTY-I.NFO,29/07/2024,09:39:31,51863.3,51861.1,30,51863.65,120,0,1166385
BANKNIFTY-I.NFO,29/07/2024,09:39:33,51853.2,51854.15,15,51864.15,135,225,1166385
BANKNIFTY-I.NFO,29/07/2024,09:39:34,51861.1,51852.05,120,51862.1,120,30,1166385
BANKNIFTY-I.NFO,29/07/2024,09:39:36,51862.15,51854.6,45,51863.2,15,15,1166385
BANKNIFTY-I.NFO,29/07/2024,09:39:38,51857.2,51857.05,15,51863.2,15,45,1157490
BANKNIFTY-I.NFO,29/07/2024,09:39:39,51863.15,51862.4,15,51863.15,15,120,1157490
BANKNIFTY-I.NFO,29/07/2024,09:39:41,51864.1,51860,60,51869.8,120,225,1157490
BANKNIFTY-I.NFO,29/07/2024,09:39:43,51874.9,51866,45,51874.75,120,75,1157490
BANKNIFTY-I.NFO,29/07/2024,09:39:44,51873.15,51866,30,51873.15,135,15,1157490
BANKNIFTY-I.NFO,29/07/2024,09:39:46,51866,51866,15,51873.45,135,90,1157490
BANKNIFTY-I.NFO,29/07/2024,09:39:48,51873.2,51866,15,51873.1,135,60,1157490
BANKNIFTY-I.NFO,29/07/2024,09:39:49,51873.7,51866.05,15,51873.35,135,15,1157490
BANKNIFTY-I.NFO,29/07/2024,09:39:51,51880,51875,270,51880,45,525,1157490
BANKNIFTY-I.NFO,29/07/2024,09:39:53,51874.9,51866.05,15,51874.95,15,735,1157490
BANKNIFTY-I.NFO,29/07/2024,09:39:54,51873.5,51867.4,120,51877,30,195,1157490
BANKNIFTY-I.NFO,29/07/2024,09:39:56,51866.05,51869.65,30,51875.95,30,165,1157490
BANKNIFTY-I.NFO,29/07/2024,09:39:58,51874.5,51870,15,51874.1,15,15,1157490
BANKNIFTY-I.NFO,29/07/2024,09:39:59,51873.75,51870.05,15,51875.95,30,15,1157490
BANKNIFTY-I.NFO,29/07/2024,09:40:01,51880,51871.05,15,51879.95,15,75,1157490
BANKNIFTY-I.NFO,29/07/2024,09:40:03,51882.6,51875,495,51882.7,60,870,1157490
BANKNIFTY-I.NFO,29/07/2024,09:40:04,51882.5,51875,15,51883.5,15,1980,1157490
BANKNIFTY-I.NFO,29/07/2024,09:40:06,51889,51880.6,15,51889,135,2055,1157490
BANKNIFTY-I.NFO,29/07/2024,09:40:08,51888.1,51878.5,15,51888.1,15,855,1157490
BANKNIFTY-I.NFO,29/07/2024,09:40:09,51890,51880.75,15,51890,870,705,1157490
BANKNIFTY-I.NFO,29/07/2024,09:40:11,51880,51882,15,51889.6,15,135,1157490
BANKNIFTY-I.NFO,29/07/2024,09:40:13,51886.6,51876.3,60,51886.2,30,150,1157490
BANKNIFTY-I.NFO,29/07/2024,09:40:14,51878.7,51878.05,120,51888,15,105,1157490
BANKNIFTY-I.NFO,29/07/2024,09:40:16,51888.05,51879.5,45,51882,15,105,1157490
BANKNIFTY-I.NFO,29/07/2024,09:40:18,51882,51882,60,51885.95,30,285,1157490
BANKNIFTY-I.NFO,29/07/2024,09:40:19,51885.9,51876.3,60,51885.7,15,300,1157490
BANKNIFTY-I.NFO,29/07/2024,09:40:21,51880.3,51870.25,45,51880.8,165,210,1157490
BANKNIFTY-I.NFO,29/07/2024,09:40:23,51876.3,51868.8,120,51876.3,225,120,1157490
BANKNIFTY-I.NFO,29/07/2024,09:40:24,51876.3,51874.8,15,51876.3,135,90,1157490
BANKNIFTY-I.NFO,29/07/2024,09:40:26,51878.25,51879.6,15,51885,360,180,1157490
BANKNIFTY-I.NFO,29/07/2024,09:40:27,51878.65,51878.65,120,51885,330,345,1157490
BANKNIFTY-I.NFO,29/07/2024,09:40:29,51885,51885,75,51887.65,15,855,1157490
BANKNIFTY-I.NFO,29/07/2024,09:40:31,51885,51878.3,15,51887.6,30,330,1157490
BANKNIFTY-I.NFO,29/07/2024,09:40:32,51878.6,51876.15,15,51884.8,15,120,1157490
BANKNIFTY-I.NFO,29/07/2024,09:40:34,51886.4,51879.5,30,51886.4,15,60,1157490
BANKNIFTY-I.NFO,29/07/2024,09:40:36,51886.4,51879.35,15,51879.5,15,0,1157490
BANKNIFTY-I.NFO,29/07/2024,09:40:37,51877.7,51879.5,210,51887.15,30,15,1157490
BANKNIFTY-I.NFO,29/07/2024,09:40:39,51877.7,51879.5,195,51879.75,15,30,1157490
BANKNIFTY-I.NFO,29/07/2024,09:40:41,51879.5,51879.5,165,51884.55,30,105,1157490
BANKNIFTY-I.NFO,29/07/2024,09:40:42,51879.55,51879.55,105,51885.7,15,45,1157490
BANKNIFTY-I.NFO,29/07/2024,09:40:44,51879.55,51882.65,90,51885,15,15,1157490
BANKNIFTY-I.NFO,29/07/2024,09:40:46,51883.85,51879.5,30,51884.95,150,120,1157490
BANKNIFTY-I.NFO,29/07/2024,09:40:47,51879.5,51875.9,60,51879.5,15,30,1157490
BANKNIFTY-I.NFO,29/07/2024,09:40:49,51879.55,51880,30,51883.45,15,30,1157490
BANKNIFTY-I.NFO,29/07/2024,09:40:51,51880,51880,45,51885,15,60,1157490
BANKNIFTY-I.NFO,29/07/2024,09:40:52,51885.7,51877.1,15,51886.8,15,150,1157490
BANKNIFTY-I.NFO,29/07/2024,09:40:54,51879,51879,285,51879.55,15,75,1157490
BANKNIFTY-I.NFO,29/07/2024,09:40:56,51879.95,51879.55,15,51880,15,30,1157490
BANKNIFTY-I.NFO,29/07/2024,09:40:57,51879.95,51879.9,15,51879.95,120,105,1157490
BANKNIFTY-I.NFO,29/07/2024,09:40:59,51881.05,51880.05,15,51885,30,150,1157490
BANKNIFTY-I.NFO,29/07/2024,09:41:01,51878,51878,30,51881.7,15,390,1157490
BANKNIFTY-I.NFO,29/07/2024,09:41:02,51877.85,51870,45,51876.05,30,45,1157490
BANKNIFTY-I.NFO,29/07/2024,09:41:04,51870,51870,30,51875.95,15,30,1157490
BANKNIFTY-I.NFO,29/07/2024,09:41:06,51864.05,51862.15,15,51864,15,120,1157490
BANKNIFTY-I.NFO,29/07/2024,09:41:07,51864,51864,30,51873.05,15,90,1157490
BANKNIFTY-I.NFO,29/07/2024,09:41:09,51868.8,51869.4,15,51877.2,30,15,1157490
BANKNIFTY-I.NFO,29/07/2024,09:41:11,51868.8,51875.05,15,51880,60,0,1157490
BANKNIFTY-I.NFO,29/07/2024,09:41:12,51878.15,51877.7,15,51880,90,15,1157490
BANKNIFTY-I.NFO,29/07/2024,09:41:14,51888,51886.45,15,51888,195,420,1157490
BANKNIFTY-I.NFO,29/07/2024,09:41:16,51890,51884.9,30,51890,390,1095,1157490
BANKNIFTY-I.NFO,29/07/2024,09:41:17,51886.35,51882.85,15,51886.15,15,60,1157490
BANKNIFTY-I.NFO,29/07/2024,09:41:19,51893.1,51892.65,15,51895.9,45,465,1157490
BANKNIFTY-I.NFO,29/07/2024,09:41:21,51886.95,51887.8,15,51897,15,165,1157490
BANKNIFTY-I.NFO,29/07/2024,09:41:22,51896.75,51890,45,51896.35,30,15,1157490
BANKNIFTY-I.NFO,29/07/2024,09:41:24,51886.75,51886.8,45,51890,30,75,1157490
BANKNIFTY-I.NFO,29/07/2024,09:41:26,51887.85,51889.2,15,51890,30,60,1157490
BANKNIFTY-I.NFO,29/07/2024,09:41:27,51891.25,51889.65,15,51898,15,45,1157490
BANKNIFTY-I.NFO,29/07/2024,09:41:29,51898.5,51888.6,15,51896.7,120,75,1157490
BANKNIFTY-I.NFO,29/07/2024,09:41:30,51888.6,51889.85,15,51899,15,15,1157490
BANKNIFTY-I.NFO,29/07/2024,09:41:32,51890.2,51890.45,15,51899,15,45,1157490
BANKNIFTY-I.NFO,29/07/2024,09:41:34,51888.6,51889.65,30,51898,60,150,1157490
BANKNIFTY-I.NFO,29/07/2024,09:41:35,51889.8,51889.8,15,51898.65,120,150,1157490
BANKNIFTY-I.NFO,29/07/2024,09:41:37,51888.95,51888.25,15,51895.75,15,360,1157490
BANKNIFTY-I.NFO,29/07/2024,09:41:39,51886.75,51885.85,15,51893.55,15,150,1157490
BANKNIFTY-I.NFO,29/07/2024,09:41:40,51887.2,51888.4,15,51888.95,15,60,1157490
BANKNIFTY-I.NFO,29/07/2024,09:41:42,51889.8,51889.8,45,51890.45,15,45,1157490
BANKNIFTY-I.NFO,29/07/2024,09:41:44,51889.8,51889.8,30,51896.9,45,60,1157490
BANKNIFTY-I.NFO,29/07/2024,09:41:45,51888.4,51888.5,75,51890,15,45,1157490
BANKNIFTY-I.NFO,29/07/2024,09:41:47,51890,51886,15,51892.5,15,30,1157490
BANKNIFTY-I.NFO,29/07/2024,09:41:49,51892.55,51883.35,15,51888.6,105,30,1157490
BANKNIFTY-I.NFO,29/07/2024,09:41:50,51887.65,51880.2,15,51888.1,15,405,1157490
BANKNIFTY-I.NFO,29/07/2024,09:41:52,51888.4,51880.15,15,51888.4,15,105,1157490
BANKNIFTY-I.NFO,29/07/2024,09:41:54,51888.7,51884.95,15,51890,15,60,1157490
BANKNIFTY-I.NFO,29/07/2024,09:41:55,51884.85,51880.05,30,51889.35,15,75,1157490
BANKNIFTY-I.NFO,29/07/2024,09:41:57,51880,51878.7,15,51881.05,30,135,1157490
BANKNIFTY-I.NFO,29/07/2024,09:41:58,51885.9,51874.8,15,51885.1,15,360,1157490
BANKNIFTY-I.NFO,29/07/2024,09:42:00,51887.15,51877.4,15,51885.7,15,360,1157490
BANKNIFTY-I.NFO,29/07/2024,09:42:02,51888.25,51879.7,15,51889,60,30,1157490
BANKNIFTY-I.NFO,29/07/2024,09:42:03,51895.7,51885.05,45,51895.7,240,375,1157490
BANKNIFTY-I.NFO,29/07/2024,09:42:05,51889.1,51886.45,45,51890,15,240,1157490
BANKNIFTY-I.NFO,29/07/2024,09:42:07,51890,51891.1,15,51892.7,60,285,1157490
BANKNIFTY-I.NFO,29/07/2024,09:42:08,51889.1,51890.85,15,51892.7,60,30,1157490
BANKNIFTY-I.NFO,29/07/2024,09:42:10,51896.4,51890.2,30,51896.4,30,150,1157490
BANKNIFTY-I.NFO,29/07/2024,09:42:12,51890.2,51886.9,15,51890.2,285,270,1157490
BANKNIFTY-I.NFO,29/07/2024,09:42:13,51890.2,51887.5,15,51890.2,285,45,1157490
BANKNIFTY-I.NFO,29/07/2024,09:42:15,51890,51884.8,15,51890.2,285,15,1157490
BANKNIFTY-I.NFO,29/07/2024,09:42:17,51890,51884.2,75,51890.2,285,30,1157490
BANKNIFTY-I.NFO,29/07/2024,09:42:18,51888,51885.6,15,51888,15,15,1157490
BANKNIFTY-I.NFO,29/07/2024,09:42:20,51890.2,51886,150,51888,30,30,1157490
BANKNIFTY-I.NFO,29/07/2024,09:42:22,51890.2,51886.55,15,51888,30,0,1157490
BANKNIFTY-I.NFO,29/07/2024,09:42:23,51890.2,51889.5,75,51895.85,15,105,1157490
BANKNIFTY-I.NFO,29/07/2024,09:42:25,51890,51889.05,45,51890.2,15,105,1157490
BANKNIFTY-I.NFO,29/07/2024,09:42:27,51895.6,51887.7,15,51895.85,15,165,1157490
BANKNIFTY-I.NFO,29/07/2024,09:42:28,51886.05,51885.05,30,51886.05,30,60,1157490
BANKNIFTY-I.NFO,29/07/2024,09:42:30,51888,51888.2,60,51895.9,60,195,1157490
BANKNIFTY-I.NFO,29/07/2024,09:42:32,51891.35,51890.1,60,51895.9,60,90,1157490
BANKNIFTY-I.NFO,29/07/2024,09:42:33,51895.9,51890.95,15,51896.4,30,90,1157490
BANKNIFTY-I.NFO,29/07/2024,09:42:35,51890.4,51890.75,15,51894.95,30,60,1157490
BANKNIFTY-I.NFO,29/07/2024,09:42:37,51892.65,51892.8,15,51894.95,30,390,1157490
BANKNIFTY-I.NFO,29/07/2024,09:42:38,51896.4,51892.35,15,51897.5,15,60,1154520
BANKNIFTY-I.NFO,29/07/2024,09:42:40,51896.4,51894.2,15,51897.5,15,0,1154520
BANKNIFTY-I.NFO,29/07/2024,09:42:42,51900,51898.2,15,51900,2160,375,1154520
BANKNIFTY-I.NFO,29/07/2024,09:42:43,51900,51898.2,90,51900,1935,195,1154520
BANKNIFTY-I.NFO,29/07/2024,09:42:45,51900,51896.1,150,51900,1785,150,1154520
BANKNIFTY-I.NFO,29/07/2024,09:42:47,51900,51898.25,30,51900,1635,240,1154520
BANKNIFTY-I.NFO,29/07/2024,09:42:48,51904,51907,255,51909,105,1860,1154520
BANKNIFTY-I.NFO,29/07/2024,09:42:48,51904,51907,255,51909,105,0,1154520
BANKNIFTY-I.NFO,29/07/2024,09:42:50,51910,51907.05,45,51913.6,30,1950,1154520
BANKNIFTY-I.NFO,29/07/2024,09:42:50,51917.15,51907.05,45,51913.6,30,0,1154520
BANKNIFTY-I.NFO,29/07/2024,09:42:52,51923,51923.05,15,51930,390,16365,1154520
BANKNIFTY-I.NFO,29/07/2024,09:42:52,51930,51923.05,15,51930,390,0,1154520
BANKNIFTY-I.NFO,29/07/2024,09:42:53,51922,51922,120,51929.2,45,810,1154520
BANKNIFTY-I.NFO,29/07/2024,09:42:55,51907,51907,135,51912.55,45,345,1154520
BANKNIFTY-I.NFO,29/07/2024,09:42:57,51916.3,51907.9,45,51919.05,30,1065,1154520
BANKNIFTY-I.NFO,29/07/2024,09:42:58,51916.7,51907.85,15,51916.65,15,240,1154520
BANKNIFTY-I.NFO,29/07/2024,09:43:00,51920.05,51908.35,15,51919.1,15,45,1154520
BANKNIFTY-I.NFO,29/07/2024,09:43:02,51920.4,51909.45,30,51919.95,15,90,1154520
BANKNIFTY-I.NFO,29/07/2024,09:43:03,51924.4,51914.55,15,51924.45,15,120,1154520
BANKNIFTY-I.NFO,29/07/2024,09:43:05,51915.05,51915.7,30,51926.65,30,600,1154520
BANKNIFTY-I.NFO,29/07/2024,09:43:07,51924.9,51915.05,15,51926.15,30,90,1154520
BANKNIFTY-I.NFO,29/07/2024,09:43:08,51922,51916.05,15,51926.15,15,150,1154520
BANKNIFTY-I.NFO,29/07/2024,09:43:10,51925,51917.2,45,51924.45,45,135,1154520
BANKNIFTY-I.NFO,29/07/2024,09:43:11,51920.15,51910.9,45,51920.05,15,150,1154520
BANKNIFTY-I.NFO,29/07/2024,09:43:13,51922.55,51913.45,45,51922.6,15,255,1154520
BANKNIFTY-I.NFO,29/07/2024,09:43:15,51914.25,51914.4,15,51924.25,30,180,1154520
BANKNIFTY-I.NFO,29/07/2024,09:43:16,51921.75,51914,15,51920.85,45,270,1154520
BANKNIFTY-I.NFO,29/07/2024,09:43:18,51923.4,51914,15,51923,30,90,1154520
BANKNIFTY-I.NFO,29/07/2024,09:43:20,51924.95,51916.6,15,51924.95,15,645,1154520
BANKNIFTY-I.NFO,29/07/2024,09:43:21,51918.3,51918.5,15,51922,120,90,1154520
BANKNIFTY-I.NFO,29/07/2024,09:43:23,51930,51921.45,15,51929.95,15,285,1154520
BANKNIFTY-I.NFO,29/07/2024,09:43:25,51918.3,51920.8,30,51929.95,15,45,1154520
BANKNIFTY-I.NFO,29/07/2024,09:43:26,51926.6,51925.15,15,51929.95,15,30,1154520
BANKNIFTY-I.NFO,29/07/2024,09:43:28,51930,51921.7,45,51930,315,120,1154520
BANKNIFTY-I.NFO,29/07/2024,09:43:30,51917.3,51914.75,15,51923.05,15,435,1154520
BANKNIFTY-I.NFO,29/07/2024,09:43:31,51925.1,51914.8,45,51925.2,15,60,1154520
BANKNIFTY-I.NFO,29/07/2024,09:43:33,51926.55,51916.35,15,51926.1,15,300,1154520
BANKNIFTY-I.NFO,29/07/2024,09:43:35,51926.55,51921,30,51926,15,0,1154520
BANKNIFTY-I.NFO,29/07/2024,09:43:36,51916.35,51916.1,75,51924.2,15,480,1154520
BANKNIFTY-I.NFO,29/07/2024,09:43:38,51917.1,51916.7,15,51925.4,15,60,1154520
BANKNIFTY-I.NFO,29/07/2024,09:43:40,51916.1,51920.05,30,51925.05,30,285,1154520
BANKNIFTY-I.NFO,29/07/2024,09:43:41,51924.95,51921.35,15,51924.95,15,120,1154520
BANKNIFTY-I.NFO,29/07/2024,09:43:43,51917.05,51917,15,51926.3,15,450,1154520
BANKNIFTY-I.NFO,29/07/2024,09:43:45,51918.6,51918.6,15,51927.7,15,30,1154520
BANKNIFTY-I.NFO,29/07/2024,09:43:46,51917.85,51916.6,45,51920,15,105,1154520
BANKNIFTY-I.NFO,29/07/2024,09:43:48,51926.05,51916.1,15,51923.15,15,30,1154520
BANKNIFTY-I.NFO,29/07/2024,09:43:50,51917.25,51918.15,120,51926.65,15,75,1154520
BANKNIFTY-I.NFO,29/07/2024,09:43:51,51917.15,51920.05,30,51926.25,75,15,1154520
BANKNIFTY-I.NFO,29/07/2024,09:43:53,51920.05,51920.05,15,51924.95,60,15,1154520
BANKNIFTY-I.NFO,29/07/2024,09:43:55,51924,51916.1,15,51923.4,60,30,1154520
BANKNIFTY-I.NFO,29/07/2024,09:43:56,51920.05,51920.05,15,51924.9,15,15,1154520
BANKNIFTY-I.NFO,29/07/2024,09:43:58,51924.9,51920.1,120,51924.95,45,105,1154520
BANKNIFTY-I.NFO,29/07/2024,09:44:00,51925.4,51926.6,120,51929.1,15,180,1154520
BANKNIFTY-I.NFO,29/07/2024,09:44:01,51926.05,51920.05,210,51926.4,90,765,1154520
BANKNIFTY-I.NFO,29/07/2024,09:44:03,51930,51920.05,195,51929.45,75,180,1154520
BANKNIFTY-I.NFO,29/07/2024,09:44:05,51930,51923.9,120,51930,945,540,1154520
BANKNIFTY-I.NFO,29/07/2024,09:44:06,51930,51923.65,45,51930,795,150,1154520
BANKNIFTY-I.NFO,29/07/2024,09:44:08,51928.15,51923.6,15,51928.1,30,105,1154520
BANKNIFTY-I.NFO,29/07/2024,09:44:10,51928.85,51923.6,15,51928.4,15,45,1154520
BANKNIFTY-I.NFO,29/07/2024,09:44:11,51920.05,51920.1,120,51922,375,135,1154520
BANKNIFTY-I.NFO,29/07/2024,09:44:13,51922.4,51928.85,30,51930,720,450,1154520
BANKNIFTY-I.NFO,29/07/2024,09:44:15,51928.85,51928.9,15,51930,720,45,1154520
BANKNIFTY-I.NFO,29/07/2024,09:44:16,51924.2,51924.2,15,51930,570,315,1154520
BANKNIFTY-I.NFO,29/07/2024,09:44:18,51924.75,51923.85,150,51928.9,120,135,1154520
BANKNIFTY-I.NFO,29/07/2024,09:44:20,51925.5,51925.85,15,51928.9,120,75,1154520
BANKNIFTY-I.NFO,29/07/2024,09:44:21,51920.1,51920.05,180,51925.7,30,570,1154520
BANKNIFTY-I.NFO,29/07/2024,09:44:23,51929.85,51923.35,15,51929.9,45,195,1154520
BANKNIFTY-I.NFO,29/07/2024,09:44:25,51920.05,51920.05,195,51927.75,45,75,1154520
BANKNIFTY-I.NFO,29/07/2024,09:44:26,51928.9,51925.7,30,51930,540,15,1154520
BANKNIFTY-I.NFO,29/07/2024,09:44:28,51928.9,51921.5,15,51930,555,120,1154520
BANKNIFTY-I.NFO,29/07/2024,09:44:30,51920.6,51920.2,30,51920.6,135,90,1154520
BANKNIFTY-I.NFO,29/07/2024,09:44:31,51920.05,51920.05,165,51920.6,45,105,1154520
BANKNIFTY-I.NFO,29/07/2024,09:44:33,51920.45,51920.45,15,51920.6,15,90,1154520
BANKNIFTY-I.NFO,29/07/2024,09:44:34,51920.95,51920.1,30,51920.95,495,105,1154520
BANKNIFTY-I.NFO,29/07/2024,09:44:36,51920.95,51920.65,15,51920.95,75,420,1154520
BANKNIFTY-I.NFO,29/07/2024,09:44:38,51923.15,51922,15,51925.4,15,150,1154520
BANKNIFTY-I.NFO,29/07/2024,09:44:39,51928,51922,15,51928.85,15,45,1154520
BANKNIFTY-I.NFO,29/07/2024,09:44:41,51925.4,51925.4,435,51928.85,15,60,1154520
BANKNIFTY-I.NFO,29/07/2024,09:44:43,51925.4,51925.4,405,51928.85,15,30,1154520
BANKNIFTY-I.NFO,29/07/2024,09:44:44,51925.4,51925.4,405,51928.85,15,75,1154520
BANKNIFTY-I.NFO,29/07/2024,09:44:46,51925,51925.4,15,51930,1215,990,1154520
BANKNIFTY-I.NFO,29/07/2024,09:44:48,51930,51925,210,51930,1200,60,1154520
BANKNIFTY-I.NFO,29/07/2024,09:44:49,51926.6,51925.1,30,51930,1170,45,1154520
BANKNIFTY-I.NFO,29/07/2024,09:44:51,51930,51925,225,51925.4,15,255,1154520
BANKNIFTY-I.NFO,29/07/2024,09:44:53,51930,51928.85,15,51930,705,240,1154520
BANKNIFTY-I.NFO,29/07/2024,09:44:54,51932.7,51928.85,15,51932.7,60,960,1154520
BANKNIFTY-I.NFO,29/07/2024,09:44:54,51932.7,51928.85,15,51932.7,60,0,1154520
BANKNIFTY-I.NFO,29/07/2024,09:44:56,51932.7,51932.7,45,51933,105,105,1154520
BANKNIFTY-I.NFO,29/07/2024,09:44:58,51933,51930,345,51933,60,120,1154520
BANKNIFTY-I.NFO,29/07/2024,09:44:58,51933,51930,345,51933,60,0,1154520
BANKNIFTY-I.NFO,29/07/2024,09:44:59,51933,51933,30,51934,15,675,1154520
BANKNIFTY-I.NFO,29/07/2024,09:45:01,51935,51929.3,15,51935,120,270,1154520
BANKNIFTY-I.NFO,29/07/2024,09:45:01,51935,51929.3,15,51935,120,0,1154520
BANKNIFTY-I.NFO,29/07/2024,09:45:03,51943.1,51942.75,15,51943.75,120,780,1154520
BANKNIFTY-I.NFO,29/07/2024,09:45:03,51947.65,51942.75,15,51943.75,120,0,1154520
BANKNIFTY-I.NFO,29/07/2024,09:45:04,51941.55,51933.45,15,51943.15,150,2400,1154520
BANKNIFTY-I.NFO,29/07/2024,09:45:04,51948.3,51933.45,15,51943.15,150,0,1154520
BANKNIFTY-I.NFO,29/07/2024,09:45:06,51941.2,51931.4,15,51941.2,15,1980,1154520
BANKNIFTY-I.NFO,29/07/2024,09:45:08,51943.3,51937.1,15,51943.15,15,1680,1154520
BANKNIFTY-I.NFO,29/07/2024,09:45:09,51941.3,51933.35,15,51941.25,15,225,1154520
BANKNIFTY-I.NFO,29/07/2024,09:45:11,51940.6,51931.95,120,51940.35,15,420,1154520
BANKNIFTY-I.NFO,29/07/2024,09:45:13,51931.95,51933,30,51937.95,15,135,1154520
BANKNIFTY-I.NFO,29/07/2024,09:45:14,51933,51933,15,51940,15,90,1154520
BANKNIFTY-I.NFO,29/07/2024,09:45:16,51935,51935,30,51939.4,15,180,1154520
BANKNIFTY-I.NFO,29/07/2024,09:45:17,51925.4,51925.4,60,51927.55,75,645,1154520
BANKNIFTY-I.NFO,29/07/2024,09:45:19,51890.95,51890.65,165,51895,15,1530,1154520
BANKNIFTY-I.NFO,29/07/2024,09:45:21,51890.45,51887.55,45,51897.15,15,450,1154520
BANKNIFTY-I.NFO,29/07/2024,09:45:22,51899.65,51898.75,15,51907.95,15,240,1154520
BANKNIFTY-I.NFO,29/07/2024,09:45:24,51913.2,51904.3,15,51912.3,15,300,1154520
BANKNIFTY-I.NFO,29/07/2024,09:45:26,51906.4,51906.4,15,51913.4,15,405,1154520
BANKNIFTY-I.NFO,29/07/2024,09:45:27,51898.2,51897.65,15,51899.9,15,345,1154520
BANKNIFTY-I.NFO,29/07/2024,09:45:29,51900,51895.1,45,51900,390,165,1154520
BANKNIFTY-I.NFO,29/07/2024,09:45:31,51900,51898.95,15,51900,300,105,1154520
BANKNIFTY-I.NFO,29/07/2024,09:45:32,51897.05,51897.05,15,51897.2,75,210,1154520
BANKNIFTY-I.NFO,29/07/2024,09:45:34,51901.35,51901.15,135,51909.65,15,390,1154520
BANKNIFTY-I.NFO,29/07/2024,09:45:36,51900.5,51900,30,51908.35,15,210,1154520
BANKNIFTY-I.NFO,29/07/2024,09:45:37,51913.05,51900.45,15,51907.95,15,225,1166655
BANKNIFTY-I.NFO,29/07/2024,09:45:39,51900,51900.05,195,51907.75,15,45,1166655
BANKNIFTY-I.NFO,29/07/2024,09:45:41,51910,51901,30,51908.9,15,15,1166655
BANKNIFTY-I.NFO,29/07/2024,09:45:42,51912.65,51903.45,15,51910.95,15,15,1166655
BANKNIFTY-I.NFO,29/07/2024,09:45:44,51902.05,51901.35,60,51909.7,15,135,1166655
BANKNIFTY-I.NFO,29/07/2024,09:45:46,51911.2,51901.75,15,51910.8,15,60,1166655
BANKNIFTY-I.NFO,29/07/2024,09:45:47,51908.9,51901,30,51908.6,30,60,1166655
BANKNIFTY-I.NFO,29/07/2024,09:45:49,51908.15,51900.95,135,51909.2,135,105,1166655
BANKNIFTY-I.NFO,29/07/2024,09:45:51,51895,51894.25,45,51900,810,255,1166655
BANKNIFTY-I.NFO,29/07/2024,09:45:52,51895.55,51894.25,30,51900,810,15,1166655
BANKNIFTY-I.NFO,29/07/2024,09:45:54,51891.35,51890,45,51891.35,75,165,1166655
BANKNIFTY-I.NFO,29/07/2024,09:45:56,51897.5,51888.05,30,51894.25,15,165,1166655
BANKNIFTY-I.NFO,29/07/2024,09:45:57,51889.3,51890.95,150,51894.25,15,195,1166655
BANKNIFTY-I.NFO,29/07/2024,09:45:59,51894.25,51894.25,30,51900,840,60,1166655
BANKNIFTY-I.NFO,29/07/2024,09:46:00,51894.25,51894.7,45,51900,1050,45,1166655
BANKNIFTY-I.NFO,29/07/2024,09:46:02,51889.55,51888.95,15,51890,30,1575,1166655
BANKNIFTY-I.NFO,29/07/2024,09:46:04,51893.45,51893.45,15,51900,1020,210,1166655
BANKNIFTY-I.NFO,29/07/2024,09:46:05,51895.3,51891.1,150,51894.25,15,960,1166655
BANKNIFTY-I.NFO,29/07/2024,09:46:07,51894.65,51892.1,30,51894.65,150,30,1166655
BANKNIFTY-I.NFO,29/07/2024,09:46:09,51893.45,51891.7,30,51894.65,150,15,1166655
BANKNIFTY-I.NFO,29/07/2024,09:46:10,51893.15,51892.2,30,51894.65,150,450,1166655
BANKNIFTY-I.NFO,29/07/2024,09:46:12,51895.65,51895.95,15,51897.5,15,570,1166655
BANKNIFTY-I.NFO,29/07/2024,09:46:14,51899.9,51897.9,30,51899.9,165,75,1166655
BANKNIFTY-I.NFO,29/07/2024,09:46:15,51899.9,51899.9,75,51900,780,285,1166655
BANKNIFTY-I.NFO,29/07/2024,09:46:17,51899.9,51899.9,15,51900,780,60,1166655
BANKNIFTY-I.NFO,29/07/2024,09:46:19,51899.9,51899.25,45,51900,780,60,1166655
BANKNIFTY-I.NFO,29/07/2024,09:46:20,51900,51894.9,15,51900,120,675,1166655
BANKNIFTY-I.NFO,29/07/2024,09:46:22,51900,51896.9,15,51900,60,60,1166655
BANKNIFTY-I.NFO,29/07/2024,09:46:23,51900,51901,45,51905,15,105,1166655
BANKNIFTY-I.NFO,29/07/2024,09:46:25,51909.85,51901.6,30,51910,45,315,1166655
BANKNIFTY-I.NFO,29/07/2024,09:46:27,51909.85,51903.55,15,51910,45,0,1166655
BANKNIFTY-I.NFO,29/07/2024,09:46:28,51909.85,51909.85,15,51910,30,0,1166655
BANKNIFTY-I.NFO,29/07/2024,09:46:30,51904.45,51905.5,15,51910,30,90,1166655
BANKNIFTY-I.NFO,29/07/2024,09:46:32,51906.25,51909,15,51910,60,15,1166655
BANKNIFTY-I.NFO,29/07/2024,09:46:33,51910.4,51910.65,15,51915,30,195,1166655
BANKNIFTY-I.NFO,29/07/2024,09:46:35,51911.5,51911,15,51915,15,45,1166655
BANKNIFTY-I.NFO,29/07/2024,09:46:37,51914.35,51911.65,30,51915,15,45,1166655
BANKNIFTY-I.NFO,29/07/2024,09:46:38,51911.7,51913.5,60,51920,15,90,1166655
BANKNIFTY-I.NFO,29/07/2024,09:46:40,51911.7,51916.1,30,51920,15,0,1166655
BANKNIFTY-I.NFO,29/07/2024,09:46:42,51913.95,51916.7,150,51920,15,690,1166655
BANKNIFTY-I.NFO,29/07/2024,09:46:43,51923.95,51925.7,15,51934.05,120,375,1166655
BANKNIFTY-I.NFO,29/07/2024,09:46:45,51923.95,51926,15,51933.8,15,0,1166655
BANKNIFTY-I.NFO,29/07/2024,09:46:47,51918.7,51913.8,15,51920.95,15,195,1166655
BANKNIFTY-I.NFO,29/07/2024,09:46:48,51913.8,51910,30,51913.8,15,120,1166655
BANKNIFTY-I.NFO,29/07/2024,09:46:50,51920.6,51913.35,15,51921.5,45,240,1166655
BANKNIFTY-I.NFO,29/07/2024,09:46:52,51920.6,51917.55,30,51924.2,315,45,1166655
BANKNIFTY-I.NFO,29/07/2024,09:46:53,51923.9,51923.45,15,51924.2,255,120,1166655
BANKNIFTY-I.NFO,29/07/2024,09:46:55,51918.1,51918.05,30,51918.2,15,210,1166655
BANKNIFTY-I.NFO,29/07/2024,09:46:57,51917.75,51915.1,30,51923.15,15,975,1166655
BANKNIFTY-I.NFO,29/07/2024,09:46:58,51916,51915.8,15,51923.2,15,30,1166655
BANKNIFTY-I.NFO,29/07/2024,09:47:00,51921.5,51919.1,45,51924,15,45,1166655
BANKNIFTY-I.NFO,29/07/2024,09:47:02,51934.05,51922.5,15,51931.3,15,1335,1166655
BANKNIFTY-I.NFO,29/07/2024,09:47:03,51924.15,51923.4,30,51925,60,75,1166655
BANKNIFTY-I.NFO,29/07/2024,09:47:05,51924.15,51920.7,90,51925,60,0,1166655
BANKNIFTY-I.NFO,29/07/2024,09:47:07,51920,51919.45,30,51924.95,15,45,1166655
BANKNIFTY-I.NFO,29/07/2024,09:47:08,51924.85,51917.25,15,51924.85,135,60,1166655
BANKNIFTY-I.NFO,29/07/2024,09:47:10,51917.15,51917.15,15,51921.85,390,135,1166655
BANKNIFTY-I.NFO,29/07/2024,09:47:12,51915.95,51914.05,15,51919.1,15,90,1166655
BANKNIFTY-I.NFO,29/07/2024,09:47:13,51915.05,51913.95,15,51917.25,45,75,1166655
BANKNIFTY-I.NFO,29/07/2024,09:47:15,51915,51916.2,105,51917.25,30,45,1166655
BANKNIFTY-I.NFO,29/07/2024,09:47:17,51917.25,51917.3,15,51921.85,360,135,1166655
BANKNIFTY-I.NFO,29/07/2024,09:47:18,51921.85,51917.35,15,51921.85,210,150,1166655
BANKNIFTY-I.NFO,29/07/2024,09:47:20,51917.4,51917.3,45,51921.75,15,150,1166655
BANKNIFTY-I.NFO,29/07/2024,09:47:22,51916.55,51917.75,15,51921.75,15,30,1166655
BANKNIFTY-I.NFO,29/07/2024,09:47:23,51918.35,51919.15,30,51921.85,75,135,1166655
BANKNIFTY-I.NFO,29/07/2024,09:47:25,51925,51919.4,75,51925,45,120,1166655
BANKNIFTY-I.NFO,29/07/2024,09:47:27,51925,51919.5,15,51924.9,15,15,1166655
BANKNIFTY-I.NFO,29/07/2024,09:47:28,51925,51919.8,75,51924.9,15,0,1166655
BANKNIFTY-I.NFO,29/07/2024,09:47:30,51919.45,51918.35,75,51924.95,15,45,1166655
BANKNIFTY-I.NFO,29/07/2024,09:47:31,51924.95,51924.95,75,51925,90,30,1166655
BANKNIFTY-I.NFO,29/07/2024,09:47:33,51925,51918,75,51925,75,120,1166655
BANKNIFTY-I.NFO,29/07/2024,09:47:35,51925,51918.95,75,51925,30,60,1166655
BANKNIFTY-I.NFO,29/07/2024,09:47:36,51918.85,51918.4,75,51919.95,15,75,1166655
BANKNIFTY-I.NFO,29/07/2024,09:47:38,51925,51918.35,390,51925,75,60,1166655
BANKNIFTY-I.NFO,29/07/2024,09:47:40,51918.35,51918.35,360,51919,120,45,1166655
BANKNIFTY-I.NFO,29/07/2024,09:47:41,51912.65,51912.65,45,51914.65,30,840,1166655
BANKNIFTY-I.NFO,29/07/2024,09:47:43,51912.2,51904.5,90,51912.25,30,225,1166655
BANKNIFTY-I.NFO,29/07/2024,09:47:45,51913.65,51905.65,45,51913.7,30,45,1166655
BANKNIFTY-I.NFO,29/07/2024,09:47:46,51913.65,51908.15,15,51917.8,15,0,1166655
BANKNIFTY-I.NFO,29/07/2024,09:47:48,51913.5,51906,195,51913.45,30,135,1166655
BANKNIFTY-I.NFO,29/07/2024,09:47:49,51913.4,51906,195,51910,75,15,1166655
BANKNIFTY-I.NFO,29/07/2024,09:47:51,51910,51906,195,51910,60,30,1166655
BANKNIFTY-I.NFO,29/07/2024,09:47:53,51910,51906,195,51910.7,30,60,1166655
BANKNIFTY-I.NFO,29/07/2024,09:47:54,51911.6,51906,195,51912.2,15,45,1166655
BANKNIFTY-I.NFO,29/07/2024,09:47:56,51904.05,51904,15,51913.65,30,300,1166655
BANKNIFTY-I.NFO,29/07/2024,09:47:57,51911.55,51904,15,51913,15,345,1166655
BANKNIFTY-I.NFO,29/07/2024,09:47:59,51904.7,51905,15,51914.55,15,60,1166655
BANKNIFTY-I.NFO,29/07/2024,09:48:01,51908,51907.95,90,51911,15,60,1166655
BANKNIFTY-I.NFO,29/07/2024,09:48:02,51916.65,51908.45,135,51917.85,15,195,1166655
BANKNIFTY-I.NFO,29/07/2024,09:48:04,51920.75,51910.45,60,51920.55,15,540,1166655
BANKNIFTY-I.NFO,29/07/2024,09:48:05,51920.95,51914.6,45,51920.95,375,735,1166655
BANKNIFTY-I.NFO,29/07/2024,09:48:07,51925.7,51915.05,15,51925.05,315,870,1166655
BANKNIFTY-I.NFO,29/07/2024,09:48:09,51920.95,51915.25,45,51925,15,630,1166655
BANKNIFTY-I.NFO,29/07/2024,09:48:10,51923.15,51914.45,60,51923.5,150,75,1166655
BANKNIFTY-I.NFO,29/07/2024,09:48:12,51920,51911.2,15,51920,45,315,1166655
BANKNIFTY-I.NFO,29/07/2024,09:48:13,51913.85,51913.8,15,51923.4,15,75,1166655
BANKNIFTY-I.NFO,29/07/2024,09:48:15,51913.85,51913.85,15,51921.7,15,15,1166655
BANKNIFTY-I.NFO,29/07/2024,09:48:17,51912.95,51912.15,15,51921.95,15,60,1166655
BANKNIFTY-I.NFO,29/07/2024,09:48:19,51912.95,51914,15,51924,30,15,1166655
BANKNIFTY-I.NFO,29/07/2024,09:48:20,51912.05,51911.9,135,51922.5,45,90,1166655
BANKNIFTY-I.NFO,29/07/2024,09:48:22,51923.7,51914.9,30,51924.85,15,165,1166655
BANKNIFTY-I.NFO,29/07/2024,09:48:23,51923.7,51915.6,45,51924.85,15,0,1166655
BANKNIFTY-I.NFO,29/07/2024,09:48:25,51920,51913.75,15,51923.4,30,30,1166655
BANKNIFTY-I.NFO,29/07/2024,09:48:27,51916.1,51913.8,45,51923.55,15,30,1166655
