Ticker,Date,Time,LTP,BuyPrice,BuyQty,SellPrice,SellQty,LTQ,OpenInterest
BANKNIFTY-II.NFO,12/08/2024,09:15:00,50750,50500,15,50799.8,15,15,0
BANKNIFTY-II.NFO,12/08/2024,09:15:00,50750,50500,15,50799.8,15,0,0
BANKNIFTY-II.NFO,12/08/2024,09:15:00,50750,50500,15,50799.8,15,0,0
BANKNIFTY-II.NFO,12/08/2024,09:15:00,50750,50500,15,50799.8,15,0,0
BANKNIFTY-II.NFO,12/08/2024,09:15:01,50766.9,50729.8,15,50779.75,60,120,250710
BANKNIFTY-II.NFO,12/08/2024,09:15:01,50799.15,50729.8,15,50779.75,60,0,250710
BANKNIFTY-II.NFO,12/08/2024,09:15:02,50700.1,50700.1,30,50735.65,60,90,250710
BANKNIFTY-II.NFO,12/08/2024,09:15:02,50700.05,50700.1,30,50735.65,60,0,250710
BANKNIFTY-II.NFO,12/08/2024,09:15:04,50711,50673.35,60,50714.55,30,75,250710
BANKNIFTY-II.NFO,12/08/2024,09:15:04,50700,50673.35,60,50714.55,30,0,250710
BANKNIFTY-II.NFO,12/08/2024,09:15:05,50673.45,50685.05,60,50709.75,30,45,250710
BANKNIFTY-II.NFO,12/08/2024,09:15:05,50673.45,50685.05,60,50709.75,30,0,250710
BANKNIFTY-II.NFO,12/08/2024,09:15:07,50682.85,50700.25,45,50742.4,60,120,250710
BANKNIFTY-II.NFO,12/08/2024,09:15:08,50687.25,50683.55,15,50713.85,60,60,250710
BANKNIFTY-II.NFO,12/08/2024,09:15:10,50703.1,50671.8,30,50703.1,60,225,250710
BANKNIFTY-II.NFO,12/08/2024,09:15:10,50667.95,50671.8,30,50703.1,60,0,250710
BANKNIFTY-II.NFO,12/08/2024,09:15:11,50700,50667.9,30,50697.25,60,15,250710
BANKNIFTY-II.NFO,12/08/2024,09:15:13,50660.05,50666.55,15,50693.75,60,15,250710
BANKNIFTY-II.NFO,12/08/2024,09:15:13,50660.05,50666.55,15,50693.75,60,0,250710
BANKNIFTY-II.NFO,12/08/2024,09:15:14,50660,50651.05,15,50673.5,60,15,250710
BANKNIFTY-II.NFO,12/08/2024,09:15:14,50660,50651.05,15,50673.5,60,0,250710
BANKNIFTY-II.NFO,12/08/2024,09:15:16,50667.2,50651.05,45,50670.8,60,30,250710
BANKNIFTY-II.NFO,12/08/2024,09:15:17,50670,50651,15,50670,45,105,250710
BANKNIFTY-II.NFO,12/08/2024,09:15:19,50670,50651.2,15,50670,30,15,250710
BANKNIFTY-II.NFO,12/08/2024,09:15:21,50650.9,50643.55,45,50669.95,60,315,250710
BANKNIFTY-II.NFO,12/08/2024,09:15:21,50644.4,50643.55,45,50669.95,60,0,250710
BANKNIFTY-II.NFO,12/08/2024,09:15:22,50663.2,50629.4,60,50663.2,45,45,250710
BANKNIFTY-II.NFO,12/08/2024,09:15:24,50663.15,50631.05,60,50650.9,15,15,250710
BANKNIFTY-II.NFO,12/08/2024,09:15:25,50666.4,50650,30,50668.7,150,105,250710
BANKNIFTY-II.NFO,12/08/2024,09:15:27,50627.25,50632.6,60,50658.9,60,315,250710
BANKNIFTY-II.NFO,12/08/2024,09:15:27,50627.25,50632.6,60,50658.9,60,0,250710
BANKNIFTY-II.NFO,12/08/2024,09:15:28,50661.65,50644,15,50657.25,45,15,250710
BANKNIFTY-II.NFO,12/08/2024,09:15:30,50663.45,50650.9,45,50666.35,15,30,250710
BANKNIFTY-II.NFO,12/08/2024,09:15:31,50665.15,50650.9,45,50665.25,15,30,250710
BANKNIFTY-II.NFO,12/08/2024,09:15:33,50665.15,50650.9,45,50662.4,15,0,250710
BANKNIFTY-II.NFO,12/08/2024,09:15:34,50662.85,50650.95,60,50666.05,120,45,250710
BANKNIFTY-II.NFO,12/08/2024,09:15:36,50650.95,50650.95,60,50666.35,15,60,250710
BANKNIFTY-II.NFO,12/08/2024,09:15:38,50665,50654.5,15,50666.4,120,150,250710
BANKNIFTY-II.NFO,12/08/2024,09:15:39,50662.55,50662.5,15,50670,30,900,250710
BANKNIFTY-II.NFO,12/08/2024,09:15:41,50699.95,50675.05,15,50699.95,60,630,251685
BANKNIFTY-II.NFO,12/08/2024,09:15:42,50699.95,50684,15,50699.95,60,0,251685
BANKNIFTY-II.NFO,12/08/2024,09:15:44,50698.35,50684,45,50698.35,60,30,251685
BANKNIFTY-II.NFO,12/08/2024,09:15:46,50698.35,50684,45,50696.55,60,0,251685
BANKNIFTY-II.NFO,12/08/2024,09:15:47,50698.35,50677.3,45,50690.75,60,0,251685
BANKNIFTY-II.NFO,12/08/2024,09:15:49,50698.35,50677.25,15,50684.1,105,0,251685
BANKNIFTY-II.NFO,12/08/2024,09:15:50,50683.9,50676.3,30,50689.25,60,90,251685
BANKNIFTY-II.NFO,12/08/2024,09:15:52,50683.9,50676.3,30,50697.6,60,0,251685
BANKNIFTY-II.NFO,12/08/2024,09:15:54,50696.9,50683.9,30,50691.6,60,15,251685
BANKNIFTY-II.NFO,12/08/2024,09:15:55,50688.65,50676.3,60,50685.65,30,60,251685
BANKNIFTY-II.NFO,12/08/2024,09:15:57,50692.8,50676.25,15,50685.15,105,30,251685
BANKNIFTY-II.NFO,12/08/2024,09:15:58,50695.4,50684.95,15,50698,15,60,251685
BANKNIFTY-II.NFO,12/08/2024,09:16:00,50695,50684.95,15,50695.3,30,15,251685
BANKNIFTY-II.NFO,12/08/2024,09:16:02,50707.95,50691.55,15,50707.55,30,195,251685
BANKNIFTY-II.NFO,12/08/2024,09:16:03,50721.1,50703.85,15,50720.25,30,30,251685
BANKNIFTY-II.NFO,12/08/2024,09:16:05,50703.85,50703.25,15,50717.95,60,15,251685
BANKNIFTY-II.NFO,12/08/2024,09:16:06,50714,50703.25,15,50714,45,15,251685
BANKNIFTY-II.NFO,12/08/2024,09:16:08,50714,50703.25,15,50713,60,0,251685
BANKNIFTY-II.NFO,12/08/2024,09:16:10,50713,50703.25,15,50713.5,150,30,251685
BANKNIFTY-II.NFO,12/08/2024,09:16:11,50714,50702.5,15,50714.95,150,30,251685
BANKNIFTY-II.NFO,12/08/2024,09:16:13,50714.1,50695.75,60,50715.75,30,30,251685
BANKNIFTY-II.NFO,12/08/2024,09:16:14,50713,50698.15,60,50718,30,15,251685
BANKNIFTY-II.NFO,12/08/2024,09:16:16,50714,50705,15,50724.6,30,15,251685
BANKNIFTY-II.NFO,12/08/2024,09:16:18,50714,50704.75,60,50725.25,30,0,251685
BANKNIFTY-II.NFO,12/08/2024,09:16:19,50714,50710.7,60,50728.35,30,0,251685
BANKNIFTY-II.NFO,12/08/2024,09:16:21,50714,50717.4,15,50734.9,30,0,251685
BANKNIFTY-II.NFO,12/08/2024,09:16:23,50714,50711.55,60,50731.75,30,0,251685
BANKNIFTY-II.NFO,12/08/2024,09:16:24,50714,50710.85,15,50714,105,15,251685
BANKNIFTY-II.NFO,12/08/2024,09:16:26,50714,50707.6,60,50714,105,0,251685
BANKNIFTY-II.NFO,12/08/2024,09:16:27,50714,50703.9,60,50714,90,15,251685
BANKNIFTY-II.NFO,12/08/2024,09:16:29,50714,50714.05,60,50735.95,30,90,251685
BANKNIFTY-II.NFO,12/08/2024,09:16:31,50714,50714,15,50729.95,30,0,251685
BANKNIFTY-II.NFO,12/08/2024,09:16:32,50723.95,50699.35,60,50727.05,30,45,251685
BANKNIFTY-II.NFO,12/08/2024,09:16:34,50703.5,50703.5,60,50732.4,15,15,251685
BANKNIFTY-II.NFO,12/08/2024,09:16:35,50703.5,50704.25,60,50727.15,15,0,251685
BANKNIFTY-II.NFO,12/08/2024,09:16:37,50704.25,50700.05,60,50718.3,75,45,251685
BANKNIFTY-II.NFO,12/08/2024,09:16:39,50724.4,50700.05,60,50716.45,150,900,251685
BANKNIFTY-II.NFO,12/08/2024,09:16:40,50700,50698,15,50710.6,90,15,251685
BANKNIFTY-II.NFO,12/08/2024,09:16:42,50708.25,50698,15,50708.25,150,15,251685
BANKNIFTY-II.NFO,12/08/2024,09:16:43,50698,50685.15,60,50706.8,150,15,251685
BANKNIFTY-II.NFO,12/08/2024,09:16:45,50690,50698,15,50709.75,60,90,251685
BANKNIFTY-II.NFO,12/08/2024,09:16:47,50710.6,50698,15,50707.35,150,105,251685
BANKNIFTY-II.NFO,12/08/2024,09:16:48,50698.05,50698,15,50708.95,15,45,251685
BANKNIFTY-II.NFO,12/08/2024,09:16:50,50708.35,50698,15,50708.15,75,60,251685
BANKNIFTY-II.NFO,12/08/2024,09:16:51,50708.35,50698.05,75,50710.15,15,0,251685
BANKNIFTY-II.NFO,12/08/2024,09:16:53,50715.15,50698.05,60,50715.4,60,195,251685
BANKNIFTY-II.NFO,12/08/2024,09:16:55,50715.5,50698,15,50710.9,75,30,251685
BANKNIFTY-II.NFO,12/08/2024,09:16:56,50698.05,50698.05,60,50714.2,15,15,251685
BANKNIFTY-II.NFO,12/08/2024,09:16:58,50709.55,50696.65,60,50709.6,60,915,251685
BANKNIFTY-II.NFO,12/08/2024,09:16:59,50709.55,50701.15,15,50713.55,60,0,251685
BANKNIFTY-II.NFO,12/08/2024,09:17:01,50709.55,50698.1,15,50713.6,60,0,251685
BANKNIFTY-II.NFO,12/08/2024,09:17:03,50709.55,50700.6,15,50709.85,60,15,251685
BANKNIFTY-II.NFO,12/08/2024,09:17:04,50702.55,50706.45,15,50718.95,60,15,251685
BANKNIFTY-II.NFO,12/08/2024,09:17:06,50702.55,50717.55,15,50724.4,60,0,251685
BANKNIFTY-II.NFO,12/08/2024,09:17:07,50702.55,50709.55,15,50720.6,60,0,251685
BANKNIFTY-II.NFO,12/08/2024,09:17:09,50698.95,50702.55,15,50712.05,60,60,251685
BANKNIFTY-II.NFO,12/08/2024,09:17:11,50698.95,50704.95,15,50716.35,60,0,251685
BANKNIFTY-II.NFO,12/08/2024,09:17:12,50698.95,50704.3,15,50717.95,60,0,251685
BANKNIFTY-II.NFO,12/08/2024,09:17:14,50698.95,50700,15,50714.95,60,0,251685
BANKNIFTY-II.NFO,12/08/2024,09:17:15,50698.95,50702.15,15,50715.4,60,0,251685
BANKNIFTY-II.NFO,12/08/2024,09:17:17,50698.95,50700,15,50717.5,60,0,251685
BANKNIFTY-II.NFO,12/08/2024,09:17:19,50698.95,50708.85,75,50719.95,60,0,251685
BANKNIFTY-II.NFO,12/08/2024,09:17:20,50708.65,50704.95,45,50719.95,60,60,251685
BANKNIFTY-II.NFO,12/08/2024,09:17:22,50703.85,50700,15,50718.35,60,45,251685
BANKNIFTY-II.NFO,12/08/2024,09:17:23,50703.85,50700,45,50719.3,60,0,251685
BANKNIFTY-II.NFO,12/08/2024,09:17:25,50703.85,50700.25,15,50719.1,60,0,251685
BANKNIFTY-II.NFO,12/08/2024,09:17:27,50718.3,50703.85,30,50719.75,60,15,251685
BANKNIFTY-II.NFO,12/08/2024,09:17:28,50718.3,50703.9,15,50719.95,60,0,251685
BANKNIFTY-II.NFO,12/08/2024,09:17:30,50718.3,50705.4,15,50719.95,60,0,251685
BANKNIFTY-II.NFO,12/08/2024,09:17:31,50718.3,50710.05,30,50719.95,60,0,251685
BANKNIFTY-II.NFO,12/08/2024,09:17:35,50719.95,50711.4,15,50718,150,15,251685
BANKNIFTY-II.NFO,12/08/2024,09:17:36,50713,50710.8,45,50730.25,60,255,251685
BANKNIFTY-II.NFO,12/08/2024,09:17:38,50713,50722.25,15,50738.75,60,0,251685
BANKNIFTY-II.NFO,12/08/2024,09:17:39,50739.05,50720.75,15,50736.8,75,15,251685
BANKNIFTY-II.NFO,12/08/2024,09:17:41,50739.05,50716,60,50732.6,105,0,251685
BANKNIFTY-II.NFO,12/08/2024,09:17:43,50739.05,50712.15,60,50729.6,75,0,251685
BANKNIFTY-II.NFO,12/08/2024,09:17:44,50725.25,50710.1,60,50725.3,15,45,251685
BANKNIFTY-II.NFO,12/08/2024,09:17:46,50725.35,50710.1,60,50725.6,15,30,251685
BANKNIFTY-II.NFO,12/08/2024,09:17:47,50725.35,50710.1,60,50729.35,15,0,251685
BANKNIFTY-II.NFO,12/08/2024,09:17:49,50725.35,50711.5,60,50729.35,15,0,251685
BANKNIFTY-II.NFO,12/08/2024,09:17:50,50713.95,50712.9,15,50731.3,15,15,251685
BANKNIFTY-II.NFO,12/08/2024,09:17:52,50713.95,50713.35,60,50730.85,30,0,251685
BANKNIFTY-II.NFO,12/08/2024,09:17:54,50730.85,50713.6,60,50731.85,15,15,251685
BANKNIFTY-II.NFO,12/08/2024,09:17:55,50732.6,50715.15,75,50732.7,45,75,251685
BANKNIFTY-II.NFO,12/08/2024,09:17:57,50715.15,50715.2,60,50731.9,30,30,251685
BANKNIFTY-II.NFO,12/08/2024,09:17:58,50715.15,50710.8,60,50728.15,60,0,251685
BANKNIFTY-II.NFO,12/08/2024,09:18:00,50715.15,50717,15,50727.7,45,0,251685
BANKNIFTY-II.NFO,12/08/2024,09:18:02,50715.15,50717,15,50728.95,30,0,251685
BANKNIFTY-II.NFO,12/08/2024,09:18:03,50715.15,50717,15,50725.65,60,0,251685
BANKNIFTY-II.NFO,12/08/2024,09:18:05,50710.05,50710.05,30,50718.05,30,75,251685
BANKNIFTY-II.NFO,12/08/2024,09:18:06,50710.05,50710.05,15,50718.05,30,15,251685
BANKNIFTY-II.NFO,12/08/2024,09:18:08,50710.05,50710.05,15,50720.25,30,0,251685
BANKNIFTY-II.NFO,12/08/2024,09:18:10,50710.05,50710.05,15,50720.05,45,0,251685
BANKNIFTY-II.NFO,12/08/2024,09:18:11,50710.05,50710.05,30,50721.25,45,0,251685
BANKNIFTY-II.NFO,12/08/2024,09:18:15,50710.05,50710.05,15,50721.25,45,0,251685
BANKNIFTY-II.NFO,12/08/2024,09:18:17,50710.05,50710.05,15,50717.45,30,0,251685
BANKNIFTY-II.NFO,12/08/2024,09:18:18,50710.05,50710,15,50716.75,45,15,251685
BANKNIFTY-II.NFO,12/08/2024,09:18:20,50710.05,50710.05,15,50718.4,30,0,251685
BANKNIFTY-II.NFO,12/08/2024,09:18:22,50717.45,50710.05,15,50716.35,30,15,251685
BANKNIFTY-II.NFO,12/08/2024,09:18:23,50700,50688.95,60,50701.7,45,240,251685
BANKNIFTY-II.NFO,12/08/2024,09:18:25,50700,50685,15,50692.15,30,0,251685
BANKNIFTY-II.NFO,12/08/2024,09:18:27,50700,50685.25,60,50701,30,0,251685
BANKNIFTY-II.NFO,12/08/2024,09:18:28,50700,50685.05,75,50700.3,30,0,251685
BANKNIFTY-II.NFO,12/08/2024,09:18:30,50700,50685.05,60,50696.9,30,0,251685
BANKNIFTY-II.NFO,12/08/2024,09:18:32,50685.05,50685.05,45,50691.95,300,45,251685
BANKNIFTY-II.NFO,12/08/2024,09:18:34,50685.05,50685.05,45,50694.9,60,0,251685
BANKNIFTY-II.NFO,12/08/2024,09:18:35,50685.05,50685.05,45,50695.2,45,0,251685
BANKNIFTY-II.NFO,12/08/2024,09:18:37,50685.05,50685,15,50691.95,60,15,251685
BANKNIFTY-II.NFO,12/08/2024,09:18:39,50685.05,50685,15,50690.35,60,0,251685
BANKNIFTY-II.NFO,12/08/2024,09:18:40,50685.05,50685,30,50689.6,60,0,251685
BANKNIFTY-II.NFO,12/08/2024,09:18:42,50685.05,50685,30,50687.85,60,0,251685
BANKNIFTY-II.NFO,12/08/2024,09:18:44,50675.05,50675.05,30,50685,15,45,252030
BANKNIFTY-II.NFO,12/08/2024,09:18:45,50667.25,50667.05,30,50684.95,30,165,252030
BANKNIFTY-II.NFO,12/08/2024,09:18:47,50667.75,50667.75,45,50685,30,15,252030
BANKNIFTY-II.NFO,12/08/2024,09:18:49,50667.75,50666.85,30,50683.2,60,0,252030
BANKNIFTY-II.NFO,12/08/2024,09:18:50,50670.05,50669,15,50690.3,75,300,252030
BANKNIFTY-II.NFO,12/08/2024,09:18:52,50670.05,50675.5,30,50693.45,60,0,252030
BANKNIFTY-II.NFO,12/08/2024,09:18:54,50693.5,50682.1,15,50699.3,30,45,252030
BANKNIFTY-II.NFO,12/08/2024,09:18:55,50681.9,50680.7,30,50696.85,60,15,252030
BANKNIFTY-II.NFO,12/08/2024,09:18:57,50681.9,50670.65,45,50688.1,60,0,252030
BANKNIFTY-II.NFO,12/08/2024,09:18:59,50681.9,50670.65,45,50687,75,0,252030
BANKNIFTY-II.NFO,12/08/2024,09:19:00,50681.9,50670.65,45,50686.8,60,0,252030
BANKNIFTY-II.NFO,12/08/2024,09:19:02,50681.9,50667.75,30,50682.35,30,0,252030
BANKNIFTY-II.NFO,12/08/2024,09:19:04,50686.95,50673.7,15,50686.6,75,15,252030
BANKNIFTY-II.NFO,12/08/2024,09:19:05,50686.95,50667.8,30,50682.35,75,0,252030
BANKNIFTY-II.NFO,12/08/2024,09:19:07,50682.35,50671.7,30,50685.55,60,15,252030
BANKNIFTY-II.NFO,12/08/2024,09:19:09,50682.35,50674.4,30,50688,105,0,252030
BANKNIFTY-II.NFO,12/08/2024,09:19:10,50682.35,50676.15,30,50688,90,0,252030
BANKNIFTY-II.NFO,12/08/2024,09:19:12,50682.35,50675.65,60,50688,90,0,252030
BANKNIFTY-II.NFO,12/08/2024,09:19:14,50682.35,50681.35,30,50688,90,0,252030
BANKNIFTY-II.NFO,12/08/2024,09:19:15,50682.35,50681.6,30,50688,90,0,252030
BANKNIFTY-II.NFO,12/08/2024,09:19:17,50688,50681.85,30,50688,60,30,252030
BANKNIFTY-II.NFO,12/08/2024,09:19:19,50688,50680.05,45,50688,30,30,252030
BANKNIFTY-II.NFO,12/08/2024,09:19:20,50688,50681.3,30,50688,30,0,252030
BANKNIFTY-II.NFO,12/08/2024,09:19:22,50688,50680.05,45,50688,30,0,252030
BANKNIFTY-II.NFO,12/08/2024,09:19:24,50680.05,50680.05,15,50688,30,15,252030
BANKNIFTY-II.NFO,12/08/2024,09:19:25,50682.35,50680,15,50687.65,60,15,252030
BANKNIFTY-II.NFO,12/08/2024,09:19:27,50687.95,50680,15,50687.9,60,15,252030
BANKNIFTY-II.NFO,12/08/2024,09:19:29,50687.95,50680,15,50687.95,60,0,252030
BANKNIFTY-II.NFO,12/08/2024,09:19:30,50680,50678.5,30,50687.95,30,15,252030
BANKNIFTY-II.NFO,12/08/2024,09:19:32,50680,50680.2,30,50687.95,30,0,252030
BANKNIFTY-II.NFO,12/08/2024,09:19:34,50680.4,50680.35,15,50690,15,60,252030
BANKNIFTY-II.NFO,12/08/2024,09:19:35,50693.25,50682.4,60,50693.45,60,105,252030
BANKNIFTY-II.NFO,12/08/2024,09:19:37,50693.25,50682.4,60,50693.45,60,0,252030
BANKNIFTY-II.NFO,12/08/2024,09:19:39,50693.25,50686.15,60,50693.5,15,0,252030
BANKNIFTY-II.NFO,12/08/2024,09:19:40,50695,50696.65,60,50700,60,30,252030
BANKNIFTY-II.NFO,12/08/2024,09:19:42,50700,50697.85,60,50700,45,15,252030
BANKNIFTY-II.NFO,12/08/2024,09:19:44,50700,50697.85,15,50700,15,30,252030
BANKNIFTY-II.NFO,12/08/2024,09:19:45,50700,50694.05,15,50700,15,0,252030
BANKNIFTY-II.NFO,12/08/2024,09:19:47,50700,50693.25,45,50699.95,60,0,252030
BANKNIFTY-II.NFO,12/08/2024,09:19:49,50700,50693.25,45,50700,15,0,252030
BANKNIFTY-II.NFO,12/08/2024,09:19:50,50700,50693.25,30,50699.95,60,0,252030
BANKNIFTY-II.NFO,12/08/2024,09:19:52,50703.45,50693.25,30,50704.2,30,75,252030
BANKNIFTY-II.NFO,12/08/2024,09:19:54,50703.45,50693.25,15,50702.8,15,0,252030
BANKNIFTY-II.NFO,12/08/2024,09:19:55,50703.45,50695,15,50701.4,15,0,252030
BANKNIFTY-II.NFO,12/08/2024,09:19:57,50703.45,50695,15,50703.25,15,0,252030
BANKNIFTY-II.NFO,12/08/2024,09:19:59,50703.45,50695,15,50701.45,15,0,252030
BANKNIFTY-II.NFO,12/08/2024,09:20:00,50703.45,50700,15,50701.8,15,0,252030
BANKNIFTY-II.NFO,12/08/2024,09:20:02,50700,50695,15,50700.95,15,15,252030
BANKNIFTY-II.NFO,12/08/2024,09:20:04,50688.95,50685,15,50694,90,60,252030
BANKNIFTY-II.NFO,12/08/2024,09:20:05,50695,50686.4,60,50697,75,15,252030
BANKNIFTY-II.NFO,12/08/2024,09:20:07,50701.9,50685.95,105,50700.95,30,150,252030
BANKNIFTY-II.NFO,12/08/2024,09:20:09,50701.9,50690.65,75,50703,15,0,252030
BANKNIFTY-II.NFO,12/08/2024,09:20:10,50701.9,50695,30,50705,150,0,252030
BANKNIFTY-II.NFO,12/08/2024,09:20:13,50695,50690.6,75,50703.95,30,15,252030
BANKNIFTY-II.NFO,12/08/2024,09:20:15,50695,50690.6,75,50704,45,0,252030
BANKNIFTY-II.NFO,12/08/2024,09:20:17,50695,50691.4,60,50703.95,30,0,252030
BANKNIFTY-II.NFO,12/08/2024,09:20:18,50695,50690.6,60,50702.95,30,0,252030
BANKNIFTY-II.NFO,12/08/2024,09:20:20,50695,50692.9,60,50705,150,0,252030
BANKNIFTY-II.NFO,12/08/2024,09:20:22,50695,50695.15,105,50705,150,0,252030
BANKNIFTY-II.NFO,12/08/2024,09:20:23,50695,50699,60,50705,150,0,252030
BANKNIFTY-II.NFO,12/08/2024,09:20:25,50705,50704.5,60,50710,30,150,252030
BANKNIFTY-II.NFO,12/08/2024,09:20:27,50711.65,50716.9,60,50720,15,90,252030
BANKNIFTY-II.NFO,12/08/2024,09:20:28,50711.65,50713.45,60,50720,15,0,252030
BANKNIFTY-II.NFO,12/08/2024,09:20:30,50711.65,50715.2,15,50720,15,0,252030
BANKNIFTY-II.NFO,12/08/2024,09:20:32,50720,50719.7,15,50725,15,15,252030
BANKNIFTY-II.NFO,12/08/2024,09:20:33,50721.45,50721.65,15,50735.95,60,855,252030
BANKNIFTY-II.NFO,12/08/2024,09:20:35,50733.2,50717.05,15,50729,30,15,252030
BANKNIFTY-II.NFO,12/08/2024,09:20:37,50733.2,50714.05,15,50727,15,0,252030
BANKNIFTY-II.NFO,12/08/2024,09:20:38,50728.5,50729.45,15,50735.5,75,30,252030
BANKNIFTY-II.NFO,12/08/2024,09:20:40,50735.3,50729.45,15,50735.25,60,15,252030
BANKNIFTY-II.NFO,12/08/2024,09:20:42,50734.3,50729.45,15,50734.3,60,30,252030
BANKNIFTY-II.NFO,12/08/2024,09:20:43,50737.7,50734.65,15,50735.95,60,30,252030
BANKNIFTY-II.NFO,12/08/2024,09:20:45,50736.2,50729.45,15,50736.2,15,90,252030
BANKNIFTY-II.NFO,12/08/2024,09:20:47,50729.45,50728.2,60,50740.3,45,60,252030
BANKNIFTY-II.NFO,12/08/2024,09:20:48,50744.35,50732.1,60,50745,30,15,252030
BANKNIFTY-II.NFO,12/08/2024,09:20:50,50744.35,50736.25,60,50745,15,0,252030
BANKNIFTY-II.NFO,12/08/2024,09:20:52,50745,50743.45,60,50757.8,45,15,252030
BANKNIFTY-II.NFO,12/08/2024,09:20:53,50763,50766.9,60,50773.85,15,900,252030
BANKNIFTY-II.NFO,12/08/2024,09:20:55,50773.65,50752.65,90,50772.65,45,15,252030
BANKNIFTY-II.NFO,12/08/2024,09:20:56,50773.65,50757.95,60,50771.55,30,0,252030
BANKNIFTY-II.NFO,12/08/2024,09:20:58,50786.45,50770.3,60,50791.85,300,105,252030
BANKNIFTY-II.NFO,12/08/2024,09:21:00,50796.95,50768.65,30,50787.3,15,630,252030
BANKNIFTY-II.NFO,12/08/2024,09:21:01,50773.65,50768.85,60,50788.05,30,45,252030
BANKNIFTY-II.NFO,12/08/2024,09:21:03,50773.65,50767.6,60,50787.25,150,0,252030
BANKNIFTY-II.NFO,12/08/2024,09:21:05,50773.65,50756.2,60,50775.55,150,0,252030
BANKNIFTY-II.NFO,12/08/2024,09:21:06,50773.5,50751.4,60,50771.9,30,15,252030
BANKNIFTY-II.NFO,12/08/2024,09:21:08,50773.5,50750.05,60,50766.8,135,0,252030
BANKNIFTY-II.NFO,12/08/2024,09:21:09,50769.25,50752.45,60,50770.5,30,75,252030
BANKNIFTY-II.NFO,12/08/2024,09:21:11,50751.85,50750,15,50764.45,15,15,252030
BANKNIFTY-II.NFO,12/08/2024,09:21:13,50751.85,50750,15,50763.6,15,0,252030
BANKNIFTY-II.NFO,12/08/2024,09:21:14,50751.85,50750.85,60,50769.7,15,0,252030
BANKNIFTY-II.NFO,12/08/2024,09:21:16,50766.95,50751,15,50765.2,150,15,252030
BANKNIFTY-II.NFO,12/08/2024,09:21:18,50766.95,50751,15,50765.35,150,0,252030
BANKNIFTY-II.NFO,12/08/2024,09:21:19,50765.35,50751,15,50762.95,60,75,252030
BANKNIFTY-II.NFO,12/08/2024,09:21:21,50765.35,50751,15,50759.4,75,0,252030
BANKNIFTY-II.NFO,12/08/2024,09:21:23,50751,50750,60,50757.2,300,15,252030
BANKNIFTY-II.NFO,12/08/2024,09:21:24,50751,50750,60,50754.6,75,0,252030
BANKNIFTY-II.NFO,12/08/2024,09:21:26,50751,50750,60,50754.25,300,0,252030
BANKNIFTY-II.NFO,12/08/2024,09:21:28,50750,50750,45,50755.05,60,15,252030
BANKNIFTY-II.NFO,12/08/2024,09:21:29,50750,50750,45,50758.55,300,0,252030
BANKNIFTY-II.NFO,12/08/2024,09:21:31,50750,50750.7,60,50764.85,300,0,252030
BANKNIFTY-II.NFO,12/08/2024,09:21:33,50750,50753.25,60,50768.8,300,0,252030
BANKNIFTY-II.NFO,12/08/2024,09:21:34,50750,50753.45,60,50768.4,300,0,252030
BANKNIFTY-II.NFO,12/08/2024,09:21:36,50750,50751,15,50763.1,300,0,252030
BANKNIFTY-II.NFO,12/08/2024,09:21:38,50750,50751,15,50760.8,60,0,252030
BANKNIFTY-II.NFO,12/08/2024,09:21:39,50750,50751,15,50760.75,300,0,252030
BANKNIFTY-II.NFO,12/08/2024,09:21:41,50750,50752.25,90,50762,15,0,252030
BANKNIFTY-II.NFO,12/08/2024,09:21:43,50750,50751,15,50761.9,60,0,252030
BANKNIFTY-II.NFO,12/08/2024,09:21:44,50750,50751.15,60,50762,15,0,252030
BANKNIFTY-II.NFO,12/08/2024,09:21:46,50750,50751.65,60,50762,15,0,252030
BANKNIFTY-II.NFO,12/08/2024,09:21:48,50750,50751.05,60,50762,15,0,252030
BANKNIFTY-II.NFO,12/08/2024,09:21:49,50750,50754.75,60,50762,15,0,252030
BANKNIFTY-II.NFO,12/08/2024,09:21:51,50756.45,50755.75,60,50768.65,45,60,253860
BANKNIFTY-II.NFO,12/08/2024,09:21:53,50770,50767.9,60,50779.7,300,15,253860
BANKNIFTY-II.NFO,12/08/2024,09:21:54,50770,50766.1,60,50779.7,45,0,253860
BANKNIFTY-II.NFO,12/08/2024,09:21:56,50763.7,50768.95,60,50783.8,60,15,253860
BANKNIFTY-II.NFO,12/08/2024,09:21:58,50789.65,50780.95,60,50795.3,75,15,253860
BANKNIFTY-II.NFO,12/08/2024,09:21:59,50785.55,50781.35,30,50795.95,75,255,253860
BANKNIFTY-II.NFO,12/08/2024,09:22:01,50785.55,50784.35,150,50795.95,75,0,253860
BANKNIFTY-II.NFO,12/08/2024,09:22:03,50785.55,50786.7,30,50796,15,0,253860
BANKNIFTY-II.NFO,12/08/2024,09:22:04,50785.55,50791.1,30,50796,15,0,253860
BANKNIFTY-II.NFO,12/08/2024,09:22:06,50805.45,50783.15,60,50804.45,60,270,253860
BANKNIFTY-II.NFO,12/08/2024,09:22:06,50805.45,50783.15,60,50804.45,60,0,253860
BANKNIFTY-II.NFO,12/08/2024,09:22:08,50807.15,50783,60,50800.25,60,15,253860
BANKNIFTY-II.NFO,12/08/2024,09:22:08,50807.15,50783,60,50800.25,60,0,253860
BANKNIFTY-II.NFO,12/08/2024,09:22:09,50793.05,50776.65,60,50792.25,45,15,253860
BANKNIFTY-II.NFO,12/08/2024,09:22:11,50793.05,50778.95,60,50793.05,45,0,253860
BANKNIFTY-II.NFO,12/08/2024,09:22:13,50793.65,50784.75,60,50800.55,30,15,253860
BANKNIFTY-II.NFO,12/08/2024,09:22:14,50793.65,50794.4,60,50808.5,300,0,253860
BANKNIFTY-II.NFO,12/08/2024,09:22:16,50793.65,50792.75,75,50807.1,45,0,253860
BANKNIFTY-II.NFO,12/08/2024,09:22:18,50818.35,50801.55,60,50808.6,15,30,253860
BANKNIFTY-II.NFO,12/08/2024,09:22:18,50818.35,50801.55,60,50808.6,15,0,253860
BANKNIFTY-II.NFO,12/08/2024,09:22:19,50808.6,50799.35,60,50812.85,15,30,253860
BANKNIFTY-II.NFO,12/08/2024,09:22:21,50801.05,50785.6,90,50803.95,60,60,253860
BANKNIFTY-II.NFO,12/08/2024,09:22:23,50801.05,50785.05,60,50802.5,15,0,253860
BANKNIFTY-II.NFO,12/08/2024,09:22:24,50774.3,50781.4,60,50799.6,60,195,253860
BANKNIFTY-II.NFO,12/08/2024,09:22:26,50798.5,50782.05,60,50799.5,45,15,253860
BANKNIFTY-II.NFO,12/08/2024,09:22:28,50798.5,50775.15,60,50795.15,75,0,253860
BANKNIFTY-II.NFO,12/08/2024,09:22:29,50798.5,50776.85,60,50796.1,45,0,253860
BANKNIFTY-II.NFO,12/08/2024,09:22:31,50798.5,50777.95,60,50796.1,75,0,253860
BANKNIFTY-II.NFO,12/08/2024,09:22:33,50800.15,50779.95,60,50798.1,45,30,253860
BANKNIFTY-II.NFO,12/08/2024,09:22:34,50800.15,50786.3,60,50803.25,30,0,253860
BANKNIFTY-II.NFO,12/08/2024,09:22:36,50800.15,50783.9,90,50798.45,30,0,253860
BANKNIFTY-II.NFO,12/08/2024,09:22:38,50798.5,50787.5,60,50803.45,15,15,253860
BANKNIFTY-II.NFO,12/08/2024,09:22:39,50798.5,50788.4,60,50803.45,15,0,253860
BANKNIFTY-II.NFO,12/08/2024,09:22:41,50788.35,50786.9,45,50800.45,75,255,253860
BANKNIFTY-II.NFO,12/08/2024,09:22:43,50786.1,50786.1,30,50800.5,75,15,253860
BANKNIFTY-II.NFO,12/08/2024,09:22:44,50803.65,50789.9,45,50800,15,15,253860
BANKNIFTY-II.NFO,12/08/2024,09:22:46,50803.65,50792.15,45,50800,15,0,253860
BANKNIFTY-II.NFO,12/08/2024,09:22:48,50806.45,50792.85,60,50807.05,285,120,253860
BANKNIFTY-II.NFO,12/08/2024,09:22:49,50806.45,50791.3,60,50806.45,15,0,253860
BANKNIFTY-II.NFO,12/08/2024,09:22:51,50806.45,50795.9,60,50811.4,15,0,253860
BANKNIFTY-II.NFO,12/08/2024,09:22:53,50806.45,50793.2,60,50807.05,15,0,253860
BANKNIFTY-II.NFO,12/08/2024,09:22:54,50807.05,50791.3,90,50807.45,15,15,253860
BANKNIFTY-II.NFO,12/08/2024,09:22:56,50806.5,50804.15,60,50807.4,15,15,253860
BANKNIFTY-II.NFO,12/08/2024,09:22:58,50804.15,50792.5,60,50808.15,315,15,253860
BANKNIFTY-II.NFO,12/08/2024,09:22:59,50807.9,50793.7,90,50807.9,15,30,253860
BANKNIFTY-II.NFO,12/08/2024,09:23:01,50802.85,50790.65,60,50801.9,30,60,253860
BANKNIFTY-II.NFO,12/08/2024,09:23:03,50802.85,50795.35,90,50807,30,0,253860
BANKNIFTY-II.NFO,12/08/2024,09:23:05,50795.8,50795.8,60,50803.95,15,15,253860
BANKNIFTY-II.NFO,12/08/2024,09:23:06,50795.8,50801.35,15,50807,30,0,253860
BANKNIFTY-II.NFO,12/08/2024,09:23:08,50795.8,50797.6,60,50805.95,15,0,253860
BANKNIFTY-II.NFO,12/08/2024,09:23:10,50795.8,50790.85,30,50803.9,60,105,253860
BANKNIFTY-II.NFO,12/08/2024,09:23:11,50795.8,50795.8,45,50804.65,90,0,253860
BANKNIFTY-II.NFO,12/08/2024,09:23:13,50795.8,50795.8,75,50806.95,75,0,253860
BANKNIFTY-II.NFO,12/08/2024,09:23:14,50795.8,50795.85,30,50802.85,15,0,253860
BANKNIFTY-II.NFO,12/08/2024,09:23:16,50795.8,50800.05,30,50802.85,15,0,253860
BANKNIFTY-II.NFO,12/08/2024,09:23:18,50795.8,50800,15,50802.85,15,0,253860
BANKNIFTY-II.NFO,12/08/2024,09:23:21,50795.8,50800,15,50802.75,60,0,253860
BANKNIFTY-II.NFO,12/08/2024,09:23:23,50800,50795.8,75,50799,15,15,253860
BANKNIFTY-II.NFO,12/08/2024,09:23:24,50800,50795.8,75,50799,15,0,253860
BANKNIFTY-II.NFO,12/08/2024,09:23:26,50800,50796.05,30,50799,15,0,253860
BANKNIFTY-II.NFO,12/08/2024,09:23:28,50799,50799,60,50802.85,15,15,253860
BANKNIFTY-II.NFO,12/08/2024,09:23:29,50799,50800,15,50802.85,15,0,253860
BANKNIFTY-II.NFO,12/08/2024,09:23:33,50799,50801,60,50802.85,15,0,253860
BANKNIFTY-II.NFO,12/08/2024,09:23:34,50807.9,50801.05,30,50807.95,15,60,253860
BANKNIFTY-II.NFO,12/08/2024,09:23:36,50801.05,50802,60,50807.95,15,15,253860
BANKNIFTY-II.NFO,12/08/2024,09:23:38,50801.05,50802.05,15,50811.9,60,0,253860
BANKNIFTY-II.NFO,12/08/2024,09:23:39,50805,50805,45,50816.45,75,15,253860
BANKNIFTY-II.NFO,12/08/2024,09:23:41,50805,50805,45,50812.35,75,0,253860
BANKNIFTY-II.NFO,12/08/2024,09:23:43,50815,50800,60,50809.9,75,45,253860
BANKNIFTY-II.NFO,12/08/2024,09:23:44,50815,50801.05,15,50811.9,75,0,253860
BANKNIFTY-II.NFO,12/08/2024,09:23:46,50815,50801.05,15,50809.9,90,0,253860
BANKNIFTY-II.NFO,12/08/2024,09:23:48,50807.9,50801.05,15,50807.9,60,15,253860
BANKNIFTY-II.NFO,12/08/2024,09:23:49,50807.9,50801.05,15,50807.05,60,0,253860
BANKNIFTY-II.NFO,12/08/2024,09:23:51,50801.05,50801,75,50805.35,60,15,253860
BANKNIFTY-II.NFO,12/08/2024,09:23:53,50801,50801,60,50804.25,60,15,253860
BANKNIFTY-II.NFO,12/08/2024,09:23:54,50801,50801,45,50805.45,60,15,253860
BANKNIFTY-II.NFO,12/08/2024,09:23:56,50801,50801,45,50805.1,75,0,253860
BANKNIFTY-II.NFO,12/08/2024,09:23:58,50801,50801,45,50804.75,60,0,253860
BANKNIFTY-II.NFO,12/08/2024,09:23:59,50801,50801,30,50808.95,75,15,253860
BANKNIFTY-II.NFO,12/08/2024,09:24:01,50795,50788.35,15,50793.4,60,180,253860
BANKNIFTY-II.NFO,12/08/2024,09:24:03,50778,50775.05,60,50785.9,60,30,253860
BANKNIFTY-II.NFO,12/08/2024,09:24:04,50786.15,50775.05,60,50786.15,45,30,253860
BANKNIFTY-II.NFO,12/08/2024,09:24:06,50786.15,50775,150,50782.95,45,0,253860
BANKNIFTY-II.NFO,12/08/2024,09:24:08,50786.15,50775,150,50779.65,60,0,253860
BANKNIFTY-II.NFO,12/08/2024,09:24:09,50786.15,50775,150,50781.85,45,0,253860
BANKNIFTY-II.NFO,12/08/2024,09:24:11,50768.55,50766.4,15,50777.95,15,480,253860
BANKNIFTY-II.NFO,12/08/2024,09:24:13,50768.55,50764.75,15,50773.95,15,0,253860
BANKNIFTY-II.NFO,12/08/2024,09:24:15,50768.55,50758.95,15,50769.95,15,0,253860
BANKNIFTY-II.NFO,12/08/2024,09:24:16,50768.55,50759.2,45,50769.95,30,0,253860
BANKNIFTY-II.NFO,12/08/2024,09:24:18,50757.65,50752.75,150,50763.95,30,105,253860
BANKNIFTY-II.NFO,12/08/2024,09:24:20,50763.95,50752.3,30,50765.9,45,30,253860
BANKNIFTY-II.NFO,12/08/2024,09:24:21,50767.9,50755.75,30,50769.9,60,60,253860
BANKNIFTY-II.NFO,12/08/2024,09:24:23,50767.9,50755.85,30,50769.9,60,0,253860
BANKNIFTY-II.NFO,12/08/2024,09:24:25,50767.9,50751.05,30,50763.95,30,0,253860
BANKNIFTY-II.NFO,12/08/2024,09:24:26,50761.95,50753.2,30,50763.95,30,15,253860
BANKNIFTY-II.NFO,12/08/2024,09:24:28,50761.95,50752.45,30,50767.9,60,0,253860
BANKNIFTY-II.NFO,12/08/2024,09:24:30,50761.95,50765,15,50771.95,15,0,253860
BANKNIFTY-II.NFO,12/08/2024,09:24:31,50768.55,50765,15,50768.55,45,75,253860
BANKNIFTY-II.NFO,12/08/2024,09:24:33,50768.55,50762.85,15,50768.55,30,30,253860
BANKNIFTY-II.NFO,12/08/2024,09:24:35,50768.55,50756.3,30,50768.55,45,0,253860
BANKNIFTY-II.NFO,12/08/2024,09:24:36,50768.55,50761.8,30,50768.55,15,15,253860
BANKNIFTY-II.NFO,12/08/2024,09:24:38,50768.55,50764.05,15,50777.2,60,15,253860
BANKNIFTY-II.NFO,12/08/2024,09:24:40,50768.55,50764.05,15,50776.2,60,0,253860
BANKNIFTY-II.NFO,12/08/2024,09:24:41,50768.55,50758.85,30,50772.1,90,0,253860
BANKNIFTY-II.NFO,12/08/2024,09:24:43,50759.9,50756.05,15,50769.2,75,30,253935
BANKNIFTY-II.NFO,12/08/2024,09:24:45,50759.9,50753,15,50765.8,75,0,253935
BANKNIFTY-II.NFO,12/08/2024,09:24:46,50759.9,50757,60,50769.15,105,0,253935
BANKNIFTY-II.NFO,12/08/2024,09:24:48,50759.9,50757,60,50767.25,30,0,253935
BANKNIFTY-II.NFO,12/08/2024,09:24:50,50759.9,50757,60,50769.15,60,0,253935
BANKNIFTY-II.NFO,12/08/2024,09:24:51,50768.15,50757.05,45,50769.05,60,45,253935
BANKNIFTY-II.NFO,12/08/2024,09:24:53,50768.15,50758.1,45,50769.55,75,0,253935
BANKNIFTY-II.NFO,12/08/2024,09:24:55,50759.05,50757.05,30,50768.65,75,15,253935
BANKNIFTY-II.NFO,12/08/2024,09:24:56,50759.05,50757.05,30,50767.35,90,0,253935
BANKNIFTY-II.NFO,12/08/2024,09:24:58,50759.05,50757.05,30,50766.85,90,0,253935
BANKNIFTY-II.NFO,12/08/2024,09:25:00,50759.05,50761.05,30,50774.2,60,0,253935
BANKNIFTY-II.NFO,12/08/2024,09:25:01,50760.6,50760.1,15,50773,75,15,253935
BANKNIFTY-II.NFO,12/08/2024,09:25:03,50760.6,50766.25,15,50779.5,60,0,253935
BANKNIFTY-II.NFO,12/08/2024,09:25:05,50760.6,50762.1,15,50773.7,90,0,253935
BANKNIFTY-II.NFO,12/08/2024,09:25:06,50760.6,50758.05,15,50769.65,105,0,253935
BANKNIFTY-II.NFO,12/08/2024,09:25:08,50769.9,50761.15,60,50771.95,15,120,253935
BANKNIFTY-II.NFO,12/08/2024,09:25:10,50769.9,50760,15,50769.9,30,0,253935
BANKNIFTY-II.NFO,12/08/2024,09:25:11,50760,50757.05,60,50767.9,45,15,253935
BANKNIFTY-II.NFO,12/08/2024,09:25:13,50760,50758.05,60,50767.95,15,0,253935
BANKNIFTY-II.NFO,12/08/2024,09:25:14,50760,50759.05,60,50771.9,45,0,253935
BANKNIFTY-II.NFO,12/08/2024,09:25:16,50760,50763.5,30,50773.95,15,0,253935
BANKNIFTY-II.NFO,12/08/2024,09:25:18,50760,50766.05,60,50773.95,15,0,253935
BANKNIFTY-II.NFO,12/08/2024,09:25:20,50777.85,50765.05,60,50777.85,15,30,253935
BANKNIFTY-II.NFO,12/08/2024,09:25:21,50777.85,50776,15,50789.05,45,0,253935
BANKNIFTY-II.NFO,12/08/2024,09:25:23,50777.85,50778.05,60,50785,15,0,253935
BANKNIFTY-II.NFO,12/08/2024,09:25:25,50777.85,50777.9,60,50785,15,0,253935
BANKNIFTY-II.NFO,12/08/2024,09:25:26,50777.85,50777.85,15,50783.9,30,0,253935
BANKNIFTY-II.NFO,12/08/2024,09:25:28,50783.95,50777.85,15,50785,15,15,253935
BANKNIFTY-II.NFO,12/08/2024,09:25:30,50783.95,50777.9,60,50785,15,0,253935
BANKNIFTY-II.NFO,12/08/2024,09:25:33,50783.95,50781.65,60,50785,15,0,253935
BANKNIFTY-II.NFO,12/08/2024,09:25:35,50783.95,50782.05,60,50785,15,0,253935
BANKNIFTY-II.NFO,12/08/2024,09:25:36,50785,50786.15,60,50789.3,15,15,253935
BANKNIFTY-II.NFO,12/08/2024,09:25:38,50786.2,50787.05,60,50789.3,15,15,253935
BANKNIFTY-II.NFO,12/08/2024,09:25:40,50799.95,50787.05,60,50799.9,45,60,253935
BANKNIFTY-II.NFO,12/08/2024,09:25:41,50799.9,50787.05,60,50799.9,45,15,253935
BANKNIFTY-II.NFO,12/08/2024,09:25:43,50799.9,50789.05,60,50800,30,0,253935
BANKNIFTY-II.NFO,12/08/2024,09:25:44,50799.9,50785.05,60,50797.9,45,0,253935
BANKNIFTY-II.NFO,12/08/2024,09:25:46,50797.9,50787.05,60,50799.95,60,15,253935
BANKNIFTY-II.NFO,12/08/2024,09:25:48,50800,50800,45,50807.95,15,30,253935
BANKNIFTY-II.NFO,12/08/2024,09:25:49,50800,50800,45,50803.4,15,0,253935
BANKNIFTY-II.NFO,12/08/2024,09:25:51,50800,50800,60,50804.3,15,0,253935
BANKNIFTY-II.NFO,12/08/2024,09:25:53,50800,50800,60,50805.4,15,0,253935
BANKNIFTY-II.NFO,12/08/2024,09:25:54,50800,50800,420,50806.15,90,0,253935
BANKNIFTY-II.NFO,12/08/2024,09:25:56,50800,50800,420,50805.85,15,0,253935
BANKNIFTY-II.NFO,12/08/2024,09:25:58,50809.35,50800,420,50807.75,75,15,253935
BANKNIFTY-II.NFO,12/08/2024,09:25:59,50809.35,50807.05,60,50820,45,0,253935
BANKNIFTY-II.NFO,12/08/2024,09:26:01,50809.35,50807.05,60,50820,75,0,253935
BANKNIFTY-II.NFO,12/08/2024,09:26:03,50809.35,50812.45,15,50820,45,0,253935
BANKNIFTY-II.NFO,12/08/2024,09:26:06,50809.35,50807.05,60,50820,60,0,253935
BANKNIFTY-II.NFO,12/08/2024,09:26:08,50820,50815.3,60,50820,15,30,253935
BANKNIFTY-II.NFO,12/08/2024,09:26:08,50820,50815.3,60,50820,15,0,253935
BANKNIFTY-II.NFO,12/08/2024,09:26:09,50824.7,50812.05,75,50825,45,60,253935
BANKNIFTY-II.NFO,12/08/2024,09:26:09,50824.7,50812.05,75,50825,45,0,253935
BANKNIFTY-II.NFO,12/08/2024,09:26:11,50801.05,50803.05,60,50815.7,30,15,253935
BANKNIFTY-II.NFO,12/08/2024,09:26:13,50815.95,50806.05,15,50816,45,15,253935
BANKNIFTY-II.NFO,12/08/2024,09:26:14,50819,50812.05,15,50819,15,15,253935
BANKNIFTY-II.NFO,12/08/2024,09:26:16,50819,50805.15,90,50818.65,15,0,253935
BANKNIFTY-II.NFO,12/08/2024,09:26:18,50819,50811.05,60,50825,60,0,253935
BANKNIFTY-II.NFO,12/08/2024,09:26:19,50819,50812.05,15,50822.9,15,0,253935
BANKNIFTY-II.NFO,12/08/2024,09:26:21,50819,50814.1,60,50825,30,0,253935
BANKNIFTY-II.NFO,12/08/2024,09:26:23,50819,50817.15,90,50819,45,15,253935
BANKNIFTY-II.NFO,12/08/2024,09:26:24,50819,50819.05,60,50825,15,45,253935
BANKNIFTY-II.NFO,12/08/2024,09:26:26,50829.25,50826.05,60,50838,30,30,253935
BANKNIFTY-II.NFO,12/08/2024,09:26:26,50829.25,50826.05,60,50838,30,0,253935
BANKNIFTY-II.NFO,12/08/2024,09:26:28,50829.25,50824.1,60,50838,75,0,253935
BANKNIFTY-II.NFO,12/08/2024,09:26:29,50829.25,50818.05,60,50832.05,120,0,253935
BANKNIFTY-II.NFO,12/08/2024,09:26:31,50829.25,50814.05,60,50817.15,15,0,253935
BANKNIFTY-II.NFO,12/08/2024,09:26:33,50817.15,50818.05,75,50830.25,45,15,253935
BANKNIFTY-II.NFO,12/08/2024,09:26:34,50813.05,50813.05,60,50826.35,45,15,253935
BANKNIFTY-II.NFO,12/08/2024,09:26:36,50813.05,50810.05,60,50823.1,45,0,253935
BANKNIFTY-II.NFO,12/08/2024,09:26:38,50813.05,50810.1,60,50820.95,15,0,253935
BANKNIFTY-II.NFO,12/08/2024,09:26:39,50813.05,50810.1,60,50822.7,45,0,253935
BANKNIFTY-II.NFO,12/08/2024,09:26:41,50813.05,50805.7,75,50814.6,45,0,253935
BANKNIFTY-II.NFO,12/08/2024,09:26:43,50813.05,50806.05,60,50817.9,45,0,253935
BANKNIFTY-II.NFO,12/08/2024,09:26:44,50817,50806.1,60,50817.05,45,15,253935
BANKNIFTY-II.NFO,12/08/2024,09:26:46,50815.95,50805.7,75,50813.9,45,15,253935
BANKNIFTY-II.NFO,12/08/2024,09:26:48,50815.95,50805,360,50809.15,15,0,253935
BANKNIFTY-II.NFO,12/08/2024,09:26:49,50815.95,50805,360,50813.1,45,0,253935
BANKNIFTY-II.NFO,12/08/2024,09:26:51,50814.9,50805,360,50815.15,45,60,253935
BANKNIFTY-II.NFO,12/08/2024,09:26:53,50814.9,50806.05,15,50817.85,45,0,253935
BANKNIFTY-II.NFO,12/08/2024,09:26:54,50814.5,50806.05,15,50817.45,45,15,253935
BANKNIFTY-II.NFO,12/08/2024,09:26:56,50814.5,50806.1,60,50817.1,15,0,253935
BANKNIFTY-II.NFO,12/08/2024,09:26:58,50814.5,50806.05,60,50817.1,15,0,253935
BANKNIFTY-II.NFO,12/08/2024,09:26:59,50805,50805.15,60,50816.65,90,300,253935
BANKNIFTY-II.NFO,12/08/2024,09:27:01,50805,50800,60,50805.05,30,240,253935
BANKNIFTY-II.NFO,12/08/2024,09:27:03,50800,50800,45,50807.9,60,15,253935
BANKNIFTY-II.NFO,12/08/2024,09:27:04,50800,50800,45,50810.35,60,0,253935
BANKNIFTY-II.NFO,12/08/2024,09:27:06,50800,50800.05,60,50810.7,45,0,253935
BANKNIFTY-II.NFO,12/08/2024,09:27:08,50800,50800,45,50803.5,75,0,253935
BANKNIFTY-II.NFO,12/08/2024,09:27:09,50800,50800,30,50803.55,195,15,253935
BANKNIFTY-II.NFO,12/08/2024,09:27:11,50800,50800,30,50802.4,30,0,253935
BANKNIFTY-II.NFO,12/08/2024,09:27:13,50800,50800,15,50808.5,75,15,253935
BANKNIFTY-II.NFO,12/08/2024,09:27:14,50800,50800.05,60,50811.6,60,0,253935
BANKNIFTY-II.NFO,12/08/2024,09:27:16,50800,50800,15,50806.9,60,0,253935
BANKNIFTY-II.NFO,12/08/2024,09:27:18,50800,50800,15,50806.35,60,0,253935
BANKNIFTY-II.NFO,12/08/2024,09:27:19,50800,50794.1,60,50807.2,60,15,253935
BANKNIFTY-II.NFO,12/08/2024,09:27:21,50800,50789,90,50802.85,75,0,253935
BANKNIFTY-II.NFO,12/08/2024,09:27:23,50799.4,50788.1,60,50801.8,15,60,253935
BANKNIFTY-II.NFO,12/08/2024,09:27:24,50799.4,50786.15,60,50797.4,180,0,253935
BANKNIFTY-II.NFO,12/08/2024,09:27:26,50799.4,50786.1,75,50795.85,180,0,253935
BANKNIFTY-II.NFO,12/08/2024,09:27:28,50799.4,50781.45,90,50795.35,15,0,253935
BANKNIFTY-II.NFO,12/08/2024,09:27:29,50799.4,50781.3,90,50793.25,15,0,253935
BANKNIFTY-II.NFO,12/08/2024,09:27:31,50799.4,50780.05,60,50791.95,30,0,253935
BANKNIFTY-II.NFO,12/08/2024,09:27:34,50799.4,50780.05,60,50794.2,45,0,253935
BANKNIFTY-II.NFO,12/08/2024,09:27:36,50799.4,50780,15,50789.25,45,0,253935
BANKNIFTY-II.NFO,12/08/2024,09:27:38,50799.4,50780.05,60,50792.25,15,0,253935
BANKNIFTY-II.NFO,12/08/2024,09:27:39,50799.4,50780,15,50790.25,45,0,253935
BANKNIFTY-II.NFO,12/08/2024,09:27:41,50799.4,50780.25,60,50795.7,15,0,253935
BANKNIFTY-II.NFO,12/08/2024,09:27:43,50795.95,50780.75,60,50797.95,15,15,254295
BANKNIFTY-II.NFO,12/08/2024,09:27:44,50795.95,50780.45,60,50793.95,30,0,254295
BANKNIFTY-II.NFO,12/08/2024,09:27:46,50795.95,50780.4,60,50793.95,30,0,254295
BANKNIFTY-II.NFO,12/08/2024,09:27:48,50795.95,50780.05,60,50791.95,30,0,254295
BANKNIFTY-II.NFO,12/08/2024,09:27:49,50795.95,50780.35,60,50794.35,120,0,254295
BANKNIFTY-II.NFO,12/08/2024,09:27:51,50795.95,50781.05,60,50793.95,30,0,254295
BANKNIFTY-II.NFO,12/08/2024,09:27:52,50795.95,50780,15,50787.95,15,0,254295
BANKNIFTY-II.NFO,12/08/2024,09:27:54,50795.95,50780,15,50787.25,15,0,254295
BANKNIFTY-II.NFO,12/08/2024,09:27:56,50795.95,50781.55,60,50792.45,165,0,254295
BANKNIFTY-II.NFO,12/08/2024,09:27:57,50795.95,50780.9,60,50791.95,30,0,254295
BANKNIFTY-II.NFO,12/08/2024,09:27:59,50795.95,50781.35,60,50793.95,30,0,254295
BANKNIFTY-II.NFO,12/08/2024,09:28:01,50795.95,50780,15,50787.95,30,0,254295
BANKNIFTY-II.NFO,12/08/2024,09:28:02,50795.95,50780,15,50783.4,165,0,254295
BANKNIFTY-II.NFO,12/08/2024,09:28:04,50795.95,50780,15,50789.65,165,0,254295
BANKNIFTY-II.NFO,12/08/2024,09:28:06,50795.95,50780,15,50787.95,30,0,254295
BANKNIFTY-II.NFO,12/08/2024,09:28:07,50795.95,50780,15,50787.65,15,0,254295
BANKNIFTY-II.NFO,12/08/2024,09:28:09,50795.95,50780,15,50788.55,75,0,254295
BANKNIFTY-II.NFO,12/08/2024,09:28:11,50795.95,50780,15,50786.85,45,0,254295
BANKNIFTY-II.NFO,12/08/2024,09:28:12,50795.95,50780,15,50788.1,165,0,254295
BANKNIFTY-II.NFO,12/08/2024,09:28:14,50795.95,50780,15,50787.6,165,0,254295
BANKNIFTY-II.NFO,12/08/2024,09:28:15,50795.95,50780,15,50784.9,45,0,254295
BANKNIFTY-II.NFO,12/08/2024,09:28:17,50777.85,50777,60,50782.35,45,45,254295
BANKNIFTY-II.NFO,12/08/2024,09:28:19,50777,50764.45,60,50776.3,15,60,254295
BANKNIFTY-II.NFO,12/08/2024,09:28:20,50768.3,50764.4,15,50769.2,150,195,254295
BANKNIFTY-II.NFO,12/08/2024,09:28:22,50760,50757,60,50765.4,45,30,254295
BANKNIFTY-II.NFO,12/08/2024,09:28:24,50765.4,50757,60,50761.4,195,15,254295
BANKNIFTY-II.NFO,12/08/2024,09:28:25,50765.4,50757,60,50761.65,30,0,254295
BANKNIFTY-II.NFO,12/08/2024,09:28:27,50765.4,50757,60,50760.55,30,0,254295
BANKNIFTY-II.NFO,12/08/2024,09:28:29,50757,50751,30,50759.55,75,60,254295
BANKNIFTY-II.NFO,12/08/2024,09:28:30,50747,50740,15,50753.05,75,270,254295
BANKNIFTY-II.NFO,12/08/2024,09:28:32,50747,50745.1,60,50752.7,150,0,254295
BANKNIFTY-II.NFO,12/08/2024,09:28:34,50747,50747,75,50762.9,45,0,254295
BANKNIFTY-II.NFO,12/08/2024,09:28:35,50747,50751.3,60,50762.1,150,0,254295
BANKNIFTY-II.NFO,12/08/2024,09:28:37,50747,50741.5,105,50756.45,165,0,254295
BANKNIFTY-II.NFO,12/08/2024,09:28:39,50747,50751.45,60,50762.9,30,0,254295
BANKNIFTY-II.NFO,12/08/2024,09:28:40,50747,50753,60,50762.9,30,0,254295
BANKNIFTY-II.NFO,12/08/2024,09:28:42,50747,50752.7,30,50760.55,150,0,254295
BANKNIFTY-II.NFO,12/08/2024,09:28:44,50747,50754.7,45,50762.9,30,0,254295
BANKNIFTY-II.NFO,12/08/2024,09:28:45,50747,50757.7,75,50762.9,30,0,254295
BANKNIFTY-II.NFO,12/08/2024,09:28:47,50762.9,50759.3,60,50762.9,15,15,254295
BANKNIFTY-II.NFO,12/08/2024,09:28:49,50762.9,50761.55,15,50770,180,15,254295
BANKNIFTY-II.NFO,12/08/2024,09:28:50,50761.45,50761.4,15,50769.8,150,30,254295
BANKNIFTY-II.NFO,12/08/2024,09:28:52,50761.45,50762.55,90,50770,30,0,254295
BANKNIFTY-II.NFO,12/08/2024,09:28:54,50761.45,50768.25,60,50770,30,0,254295
BANKNIFTY-II.NFO,12/08/2024,09:28:55,50761.45,50763.6,60,50770,30,0,254295
BANKNIFTY-II.NFO,12/08/2024,09:28:57,50761.45,50760.75,60,50769.55,150,0,254295
BANKNIFTY-II.NFO,12/08/2024,09:28:59,50761.45,50765.6,120,50770,30,0,254295
BANKNIFTY-II.NFO,12/08/2024,09:29:00,50765.6,50768.6,90,50770,30,30,254295
BANKNIFTY-II.NFO,12/08/2024,09:29:02,50765.6,50767,90,50770,30,0,254295
BANKNIFTY-II.NFO,12/08/2024,09:29:04,50765.6,50764.3,60,50770,30,0,254295
BANKNIFTY-II.NFO,12/08/2024,09:29:05,50765.6,50765.7,90,50770,30,0,254295
BANKNIFTY-II.NFO,12/08/2024,09:29:07,50770,50771.4,90,50780.35,30,30,254295
BANKNIFTY-II.NFO,12/08/2024,09:29:09,50770,50777.3,60,50785.85,30,0,254295
BANKNIFTY-II.NFO,12/08/2024,09:29:10,50770,50779.5,60,50787.2,150,0,254295
BANKNIFTY-II.NFO,12/08/2024,09:29:12,50770,50788.5,90,50795.95,30,0,254295
BANKNIFTY-II.NFO,12/08/2024,09:29:14,50770,50787,60,50795.9,30,0,254295
BANKNIFTY-II.NFO,12/08/2024,09:29:15,50770,50789.4,75,50795.95,30,0,254295
BANKNIFTY-II.NFO,12/08/2024,09:29:17,50770,50793.25,60,50795.95,30,0,254295
BANKNIFTY-II.NFO,12/08/2024,09:29:19,50795.95,50796.55,60,50799.4,15,30,254295
BANKNIFTY-II.NFO,12/08/2024,09:29:20,50800,50800.1,75,50810.15,30,45,254295
BANKNIFTY-II.NFO,12/08/2024,09:29:22,50800,50796.35,60,50807.9,75,0,254295
BANKNIFTY-II.NFO,12/08/2024,09:29:24,50800,50794.5,60,50806.65,45,0,254295
BANKNIFTY-II.NFO,12/08/2024,09:29:25,50800,50798.1,60,50806.7,45,0,254295
BANKNIFTY-II.NFO,12/08/2024,09:29:27,50800,50798.55,60,50807.35,30,0,254295
BANKNIFTY-II.NFO,12/08/2024,09:29:29,50800,50793.85,60,50806.85,75,0,254295
BANKNIFTY-II.NFO,12/08/2024,09:29:30,50800,50795.8,75,50804.1,30,0,254295
BANKNIFTY-II.NFO,12/08/2024,09:29:32,50800,50787.85,60,50803.85,75,0,254295
BANKNIFTY-II.NFO,12/08/2024,09:29:34,50800,50796.45,75,50805.1,30,0,254295
BANKNIFTY-II.NFO,12/08/2024,09:29:35,50800,50799.3,60,50808.7,30,0,254295
BANKNIFTY-II.NFO,12/08/2024,09:29:37,50800,50794.8,60,50800,15,15,254295
BANKNIFTY-II.NFO,12/08/2024,09:29:39,50800,50793.35,60,50801.2,150,15,254295
BANKNIFTY-II.NFO,12/08/2024,09:29:40,50800,50790.55,60,50800,75,30,254295
BANKNIFTY-II.NFO,12/08/2024,09:29:42,50800,50795.05,60,50803.4,120,0,254295
BANKNIFTY-II.NFO,12/08/2024,09:29:44,50803.35,50785.1,75,50799.3,135,75,254295
BANKNIFTY-II.NFO,12/08/2024,09:29:45,50803.35,50788,60,50795.65,120,0,254295
BANKNIFTY-II.NFO,12/08/2024,09:29:47,50803.35,50788,75,50795.65,120,0,254295
BANKNIFTY-II.NFO,12/08/2024,09:29:49,50803.35,50788.25,60,50796.6,120,0,254295
BANKNIFTY-II.NFO,12/08/2024,09:29:50,50803.35,50787.85,60,50797.55,135,0,254295
BANKNIFTY-II.NFO,12/08/2024,09:29:52,50803.35,50788.55,60,50797.35,120,0,254295
BANKNIFTY-II.NFO,12/08/2024,09:29:54,50803.35,50784.7,60,50798.5,120,0,254295
BANKNIFTY-II.NFO,12/08/2024,09:29:55,50803.35,50789.7,60,50798.5,120,0,254295
BANKNIFTY-II.NFO,12/08/2024,09:29:57,50800,50787.5,60,50802.45,105,30,254295
BANKNIFTY-II.NFO,12/08/2024,09:29:59,50789.9,50790.2,60,50803.75,15,15,254295
BANKNIFTY-II.NFO,12/08/2024,09:30:00,50789.9,50799.7,60,50806,45,0,254295
BANKNIFTY-II.NFO,12/08/2024,09:30:02,50789.9,50791.75,60,50805.95,15,0,254295
BANKNIFTY-II.NFO,12/08/2024,09:30:04,50789.9,50792.9,60,50805.95,30,0,254295
BANKNIFTY-II.NFO,12/08/2024,09:30:05,50789.9,50797.95,60,50806,45,0,254295
BANKNIFTY-II.NFO,12/08/2024,09:30:07,50789.9,50790.1,60,50805.95,15,0,254295
BANKNIFTY-II.NFO,12/08/2024,09:30:09,50789.9,50787.3,60,50800.7,15,0,254295
BANKNIFTY-II.NFO,12/08/2024,09:30:10,50789.9,50787.85,60,50800.5,15,0,254295
BANKNIFTY-II.NFO,12/08/2024,09:30:12,50789.9,50788.35,60,50802.25,15,0,254295
BANKNIFTY-II.NFO,12/08/2024,09:30:14,50791.2,50789.3,60,50802.7,45,15,254295
BANKNIFTY-II.NFO,12/08/2024,09:30:15,50791.2,50789.3,60,50805.05,45,0,254295
BANKNIFTY-II.NFO,12/08/2024,09:30:17,50791.2,50788.25,105,50801.1,45,0,254295
BANKNIFTY-II.NFO,12/08/2024,09:30:18,50791.2,50786.4,60,50799.95,30,0,254295
BANKNIFTY-II.NFO,12/08/2024,09:30:20,50791.2,50792.6,60,50800,30,0,254295
BANKNIFTY-II.NFO,12/08/2024,09:30:22,50806,50804,75,50811.05,15,90,254295
BANKNIFTY-II.NFO,12/08/2024,09:30:23,50815,50810.1,75,50818,15,30,254295
BANKNIFTY-II.NFO,12/08/2024,09:30:25,50815,50805.1,60,50817.95,60,0,254295
BANKNIFTY-II.NFO,12/08/2024,09:30:27,50815,50807.45,75,50817.95,45,0,254295
BANKNIFTY-II.NFO,12/08/2024,09:30:28,50815,50807.7,75,50817.95,45,0,254295
BANKNIFTY-II.NFO,12/08/2024,09:30:30,50815,50807.6,60,50817.95,60,0,254295
BANKNIFTY-II.NFO,12/08/2024,09:30:32,50815,50804.1,75,50817.95,60,0,254295
BANKNIFTY-II.NFO,12/08/2024,09:30:33,50815,50802.65,30,50817.9,45,0,254295
BANKNIFTY-II.NFO,12/08/2024,09:30:35,50815,50800.35,105,50812.9,60,0,254295
BANKNIFTY-II.NFO,12/08/2024,09:30:37,50815,50800.05,60,50811.05,60,0,254295
BANKNIFTY-II.NFO,12/08/2024,09:30:38,50815,50804.25,60,50816.8,60,0,254295
BANKNIFTY-II.NFO,12/08/2024,09:30:40,50815,50805.15,75,50816.8,60,0,254295
BANKNIFTY-II.NFO,12/08/2024,09:30:42,50815,50805.3,75,50816.8,60,0,254295
BANKNIFTY-II.NFO,12/08/2024,09:30:43,50815,50807.05,75,50817.95,60,0,254295
BANKNIFTY-II.NFO,12/08/2024,09:30:45,50815,50805.05,75,50817.55,45,0,254295
BANKNIFTY-II.NFO,12/08/2024,09:30:47,50815,50806.45,75,50817.45,60,0,254295
BANKNIFTY-II.NFO,12/08/2024,09:30:48,50815,50804.1,60,50814.35,60,0,254295
BANKNIFTY-II.NFO,12/08/2024,09:30:50,50815,50804.25,75,50816.55,60,0,254295
BANKNIFTY-II.NFO,12/08/2024,09:30:52,50815,50807.2,60,50817.95,60,0,254295
BANKNIFTY-II.NFO,12/08/2024,09:30:53,50815,50805.55,75,50817.65,60,0,254295
BANKNIFTY-II.NFO,12/08/2024,09:30:55,50815,50805.45,60,50817.95,60,0,254295
BANKNIFTY-II.NFO,12/08/2024,09:30:57,50815,50805.1,90,50817.95,60,0,254295
BANKNIFTY-II.NFO,12/08/2024,09:30:58,50804.35,50805.15,75,50816.2,75,15,254760
BANKNIFTY-II.NFO,12/08/2024,09:31:00,50804.35,50803.25,60,50817.95,75,0,254760
BANKNIFTY-II.NFO,12/08/2024,09:31:02,50804.35,50799.25,75,50809.65,60,0,254760
BANKNIFTY-II.NFO,12/08/2024,09:31:03,50804.35,50803.6,30,50813.75,75,0,254760
BANKNIFTY-II.NFO,12/08/2024,09:31:05,50804.35,50804.1,60,50816,75,0,254760
BANKNIFTY-II.NFO,12/08/2024,09:31:07,50804.35,50799.65,60,50811.85,75,0,254760
BANKNIFTY-II.NFO,12/08/2024,09:31:08,50804.35,50797.35,60,50803.75,105,0,254760
BANKNIFTY-II.NFO,12/08/2024,09:31:10,50804.35,50795.1,60,50803.4,75,0,254760
BANKNIFTY-II.NFO,12/08/2024,09:31:12,50804.35,50799.65,60,50806.5,60,0,254760
BANKNIFTY-II.NFO,12/08/2024,09:31:13,50804.35,50799.65,60,50805.1,60,0,254760
BANKNIFTY-II.NFO,12/08/2024,09:31:15,50804.35,50790.3,75,50799.8,105,0,254760
BANKNIFTY-II.NFO,12/08/2024,09:31:17,50804.35,50790.3,75,50802.35,75,0,254760
BANKNIFTY-II.NFO,12/08/2024,09:31:18,50804.35,50788.55,75,50799.6,75,0,254760
BANKNIFTY-II.NFO,12/08/2024,09:31:20,50804.35,50785.05,60,50794.25,120,0,254760
BANKNIFTY-II.NFO,12/08/2024,09:31:22,50804.35,50785.1,60,50797.75,75,0,254760
BANKNIFTY-II.NFO,12/08/2024,09:31:23,50804.35,50785.4,60,50797.75,75,0,254760
BANKNIFTY-II.NFO,12/08/2024,09:31:25,50804.35,50785.05,75,50796.1,75,0,254760
BANKNIFTY-II.NFO,12/08/2024,09:31:26,50804.35,50785,15,50793.05,75,0,254760
BANKNIFTY-II.NFO,12/08/2024,09:31:28,50804.35,50785,15,50794.2,60,0,254760
BANKNIFTY-II.NFO,12/08/2024,09:31:30,50785,50780.4,75,50792.9,75,15,254760
BANKNIFTY-II.NFO,12/08/2024,09:31:31,50785,50782.9,60,50797.05,60,0,254760
BANKNIFTY-II.NFO,12/08/2024,09:31:33,50785,50784.05,60,50796.6,75,0,254760
BANKNIFTY-II.NFO,12/08/2024,09:31:35,50785,50784.25,75,50795.35,15,0,254760
BANKNIFTY-II.NFO,12/08/2024,09:31:36,50785,50788.1,60,50798.55,75,0,254760
BANKNIFTY-II.NFO,12/08/2024,09:31:38,50788.1,50790.3,45,50800,30,45,254760
BANKNIFTY-II.NFO,12/08/2024,09:31:40,50788.1,50791.35,15,50800,30,0,254760
BANKNIFTY-II.NFO,12/08/2024,09:31:41,50788.1,50794.1,15,50800,30,0,254760
BANKNIFTY-II.NFO,12/08/2024,09:31:43,50800,50801.3,60,50804.35,45,30,254760
BANKNIFTY-II.NFO,12/08/2024,09:31:45,50804.35,50802.45,30,50811,15,45,254760
BANKNIFTY-II.NFO,12/08/2024,09:31:47,50804.35,50804.9,75,50811,15,0,254760
BANKNIFTY-II.NFO,12/08/2024,09:31:48,50804.35,50807,75,50811,15,0,254760
BANKNIFTY-II.NFO,12/08/2024,09:31:50,50821,50822.15,75,50824,60,60,254760
BANKNIFTY-II.NFO,12/08/2024,09:31:52,50828,50823.4,15,50829,15,165,254760
BANKNIFTY-II.NFO,12/08/2024,09:31:53,50828,50820.95,45,50829,15,0,254760
BANKNIFTY-II.NFO,12/08/2024,09:31:55,50829,50826.15,15,50837.95,105,15,254760
BANKNIFTY-II.NFO,12/08/2024,09:31:57,50829,50826.05,30,50837.95,105,0,254760
BANKNIFTY-II.NFO,12/08/2024,09:31:58,50829,50818.3,15,50832.15,105,0,254760
BANKNIFTY-II.NFO,12/08/2024,09:32:00,50818.3,50814.05,15,50829.3,90,15,254760
BANKNIFTY-II.NFO,12/08/2024,09:32:02,50818.3,50810.8,15,50824.8,105,0,254760
BANKNIFTY-II.NFO,12/08/2024,09:32:03,50818.3,50812.25,15,50825.05,75,0,254760
BANKNIFTY-II.NFO,12/08/2024,09:32:05,50818.3,50812.25,30,50828.5,60,0,254760
BANKNIFTY-II.NFO,12/08/2024,09:32:07,50818.3,50812.05,15,50826.45,105,0,254760
BANKNIFTY-II.NFO,12/08/2024,09:32:08,50818.3,50814.35,60,50826.65,75,0,254760
BANKNIFTY-II.NFO,12/08/2024,09:32:10,50818.3,50816.4,75,50828.2,75,0,254760
BANKNIFTY-II.NFO,12/08/2024,09:32:12,50818.3,50820.05,30,50833.3,90,0,254760
BANKNIFTY-II.NFO,12/08/2024,09:32:13,50818.3,50818.3,60,50827.95,60,0,254760
BANKNIFTY-II.NFO,12/08/2024,09:32:15,50818.3,50818.05,30,50827.95,60,0,254760
BANKNIFTY-II.NFO,12/08/2024,09:32:17,50818.3,50819.15,75,50828,15,0,254760
BANKNIFTY-II.NFO,12/08/2024,09:32:18,50818.3,50818.15,75,50828,15,0,254760
BANKNIFTY-II.NFO,12/08/2024,09:32:20,50818.15,50814.05,30,50826.6,90,15,254760
BANKNIFTY-II.NFO,12/08/2024,09:32:22,50818.15,50814.05,30,50827.55,90,0,254760
BANKNIFTY-II.NFO,12/08/2024,09:32:23,50818.15,50809,15,50818,15,0,254760
BANKNIFTY-II.NFO,12/08/2024,09:32:25,50818.15,50811.65,315,50818,15,0,254760
BANKNIFTY-II.NFO,12/08/2024,09:32:27,50818.15,50813.55,30,50818,15,0,254760
BANKNIFTY-II.NFO,12/08/2024,09:32:28,50818,50817.05,30,50820,105,15,254760
BANKNIFTY-II.NFO,12/08/2024,09:32:30,50818,50818.2,15,50820,105,0,254760
BANKNIFTY-II.NFO,12/08/2024,09:32:32,50838,50837.4,15,50840,60,135,254760
BANKNIFTY-II.NFO,12/08/2024,09:32:32,50838,50837.4,15,50840,60,0,254760
BANKNIFTY-II.NFO,12/08/2024,09:32:33,50840,50838.05,30,50845,15,60,254760
BANKNIFTY-II.NFO,12/08/2024,09:32:33,50840,50838.05,30,50845,15,0,254760
BANKNIFTY-II.NFO,12/08/2024,09:32:35,50840,50834.1,30,50845,15,0,254760
BANKNIFTY-II.NFO,12/08/2024,09:32:37,50840,50826.2,30,50840.05,105,0,254760
BANKNIFTY-II.NFO,12/08/2024,09:32:38,50840,50832.05,15,50840,15,0,254760
BANKNIFTY-II.NFO,12/08/2024,09:32:40,50828.45,50828.2,45,50840,15,15,254760
BANKNIFTY-II.NFO,12/08/2024,09:32:42,50828.45,50827.85,15,50839.95,60,0,254760
BANKNIFTY-II.NFO,12/08/2024,09:32:43,50839.95,50829.4,30,50840,15,15,254760
BANKNIFTY-II.NFO,12/08/2024,09:32:45,50839.95,50822.3,30,50835.4,90,0,254760
BANKNIFTY-II.NFO,12/08/2024,09:32:47,50839.95,50825.9,45,50838.85,60,0,254760
BANKNIFTY-II.NFO,12/08/2024,09:32:48,50839.95,50821.15,15,50834.35,90,0,254760
BANKNIFTY-II.NFO,12/08/2024,09:32:50,50839.95,50817.95,30,50831.6,90,0,254760
BANKNIFTY-II.NFO,12/08/2024,09:32:52,50839.95,50824.05,15,50832.75,60,0,254760
BANKNIFTY-II.NFO,12/08/2024,09:32:53,50839.95,50828.1,30,50839,60,0,254760
BANKNIFTY-II.NFO,12/08/2024,09:32:55,50839.95,50828.05,15,50838.7,60,0,254760
BANKNIFTY-II.NFO,12/08/2024,09:32:57,50839.95,50828.1,15,50838.4,60,0,254760
BANKNIFTY-II.NFO,12/08/2024,09:32:58,50839.95,50830.1,15,50839.95,75,0,254760
BANKNIFTY-II.NFO,12/08/2024,09:33:00,50839.95,50826.1,30,50836.45,60,0,254760
BANKNIFTY-II.NFO,12/08/2024,09:33:02,50839.95,50828.05,15,50838.6,90,0,254760
BANKNIFTY-II.NFO,12/08/2024,09:33:03,50839.95,50822.2,15,50832.65,105,0,254760
BANKNIFTY-II.NFO,12/08/2024,09:33:05,50839.95,50820.1,30,50832.45,60,0,254760
BANKNIFTY-II.NFO,12/08/2024,09:33:07,50828.05,50830.05,15,50838.1,60,15,254760
BANKNIFTY-II.NFO,12/08/2024,09:33:08,50838.45,50819,30,50831.5,75,15,254760
BANKNIFTY-II.NFO,12/08/2024,09:33:10,50838.45,50820.15,30,50830.55,60,0,254760
BANKNIFTY-II.NFO,12/08/2024,09:33:12,50838.45,50819.9,30,50830.95,60,0,254760
BANKNIFTY-II.NFO,12/08/2024,09:33:13,50838.45,50824.8,300,50833.2,75,0,254760
BANKNIFTY-II.NFO,12/08/2024,09:33:15,50825.1,50824.45,30,50834.85,60,15,254760
BANKNIFTY-II.NFO,12/08/2024,09:33:17,50825.1,50823.15,30,50832.35,60,0,254760
BANKNIFTY-II.NFO,12/08/2024,09:33:18,50826.8,50819.85,30,50829.95,75,150,254760
BANKNIFTY-II.NFO,12/08/2024,09:33:20,50829.95,50818.05,60,50828.75,90,30,254760
BANKNIFTY-II.NFO,12/08/2024,09:33:22,50829.95,50818,15,50826.8,60,0,254760
BANKNIFTY-II.NFO,12/08/2024,09:33:23,50825.35,50818,15,50822.8,45,45,254760
BANKNIFTY-II.NFO,12/08/2024,09:33:25,50818,50811,300,50820,15,105,254760
BANKNIFTY-II.NFO,12/08/2024,09:33:27,50818,50816.05,15,50823.9,45,0,254760
BANKNIFTY-II.NFO,12/08/2024,09:33:28,50818,50816.05,30,50826.15,60,0,254760
BANKNIFTY-II.NFO,12/08/2024,09:33:30,50818,50814.1,60,50824.65,45,0,254760
BANKNIFTY-II.NFO,12/08/2024,09:33:31,50818,50814.3,60,50826.05,60,0,254760
BANKNIFTY-II.NFO,12/08/2024,09:33:33,50818,50824.05,15,50831.8,45,0,254760
BANKNIFTY-II.NFO,12/08/2024,09:33:35,50823.55,50826.05,15,50836.2,45,30,254760
BANKNIFTY-II.NFO,12/08/2024,09:33:36,50823.55,50828.1,60,50839.95,45,0,254760
BANKNIFTY-II.NFO,12/08/2024,09:33:38,50823.55,50824.1,60,50835.95,90,0,254760
BANKNIFTY-II.NFO,12/08/2024,09:33:40,50823.55,50824.05,15,50833.85,60,0,254760
BANKNIFTY-II.NFO,12/08/2024,09:33:41,50823.55,50822.45,30,50834.85,45,0,254760
BANKNIFTY-II.NFO,12/08/2024,09:33:43,50826.1,50826.05,15,50837.05,75,45,254850
BANKNIFTY-II.NFO,12/08/2024,09:33:45,50826.1,50822.1,60,50834,45,0,254850
BANKNIFTY-II.NFO,12/08/2024,09:33:47,50832.95,50822.05,15,50831.9,30,15,254850
BANKNIFTY-II.NFO,12/08/2024,09:33:48,50832.95,50826.05,15,50834.65,15,0,254850
BANKNIFTY-II.NFO,12/08/2024,09:33:50,50826.05,50824.1,60,50836.5,30,30,254850
BANKNIFTY-II.NFO,12/08/2024,09:33:52,50826.05,50828.05,15,50835.95,15,0,254850
BANKNIFTY-II.NFO,12/08/2024,09:33:53,50826.05,50816.2,60,50831.25,30,0,254850
BANKNIFTY-II.NFO,12/08/2024,09:33:55,50826.05,50820.05,15,50828.9,30,0,254850
BANKNIFTY-II.NFO,12/08/2024,09:33:57,50826.05,50822.05,15,50829.55,15,0,254850
BANKNIFTY-II.NFO,12/08/2024,09:33:58,50826.05,50822.05,15,50832.7,30,0,254850
BANKNIFTY-II.NFO,12/08/2024,09:34:00,50826.05,50814.15,60,50829.1,45,0,254850
BANKNIFTY-II.NFO,12/08/2024,09:34:02,50822,50805.2,60,50818.2,45,30,254850
BANKNIFTY-II.NFO,12/08/2024,09:34:03,50822,50806.1,60,50816.7,15,0,254850
BANKNIFTY-II.NFO,12/08/2024,09:34:05,50816.7,50809.2,60,50821.35,90,15,254850
BANKNIFTY-II.NFO,12/08/2024,09:34:07,50816.7,50803.65,60,50816.7,90,0,254850
BANKNIFTY-II.NFO,12/08/2024,09:34:08,50814.05,50803.8,60,50816.7,15,75,254850
BANKNIFTY-II.NFO,12/08/2024,09:34:10,50814.05,50801.7,30,50813.6,15,0,254850
BANKNIFTY-II.NFO,12/08/2024,09:34:11,50814.05,50800,15,50805.75,60,0,254850
BANKNIFTY-II.NFO,12/08/2024,09:34:13,50808.8,50800,15,50809.45,30,30,254850
BANKNIFTY-II.NFO,12/08/2024,09:34:15,50808.8,50800,15,50808.85,75,0,254850
BANKNIFTY-II.NFO,12/08/2024,09:34:17,50808.8,50800,15,50809.65,75,0,254850
BANKNIFTY-II.NFO,12/08/2024,09:34:18,50808.8,50800,15,50807.8,75,0,254850
BANKNIFTY-II.NFO,12/08/2024,09:34:20,50808.8,50802.05,15,50808.9,45,0,254850
BANKNIFTY-II.NFO,12/08/2024,09:34:22,50808.8,50804.05,15,50812.3,15,0,254850
BANKNIFTY-II.NFO,12/08/2024,09:34:23,50808.8,50806.05,15,50812.9,60,0,254850
BANKNIFTY-II.NFO,12/08/2024,09:34:25,50808.8,50804.05,15,50815,75,0,254850
BANKNIFTY-II.NFO,12/08/2024,09:34:27,50808.8,50800.05,15,50810.4,75,0,254850
BANKNIFTY-II.NFO,12/08/2024,09:34:28,50810.4,50804.05,15,50812.85,45,15,254850
BANKNIFTY-II.NFO,12/08/2024,09:34:30,50810.4,50800,15,50810.45,45,0,254850
BANKNIFTY-II.NFO,12/08/2024,09:34:32,50808.8,50800,15,50809.55,15,15,254850
BANKNIFTY-II.NFO,12/08/2024,09:34:33,50808.8,50800.65,30,50812.4,15,0,254850
BANKNIFTY-II.NFO,12/08/2024,09:34:35,50808.8,50802.1,30,50810,15,0,254850
BANKNIFTY-II.NFO,12/08/2024,09:34:36,50808.8,50800,15,50809.65,15,0,254850
BANKNIFTY-II.NFO,12/08/2024,09:34:38,50808.8,50800,15,50808.7,15,0,254850
BANKNIFTY-II.NFO,12/08/2024,09:34:40,50808.8,50800,15,50806.1,15,0,254850
BANKNIFTY-II.NFO,12/08/2024,09:34:41,50808.8,50800,15,50806.85,60,0,254850
BANKNIFTY-II.NFO,12/08/2024,09:34:43,50808.8,50800.05,15,50808,15,0,254850
BANKNIFTY-II.NFO,12/08/2024,09:34:45,50808.8,50800,15,50808,15,0,254850
BANKNIFTY-II.NFO,12/08/2024,09:34:46,50800,50794.7,60,50807.2,75,15,254850
BANKNIFTY-II.NFO,12/08/2024,09:34:48,50800,50795.05,75,50807.15,45,15,254850
BANKNIFTY-II.NFO,12/08/2024,09:34:50,50800,50794.65,60,50806.1,60,0,254850
BANKNIFTY-II.NFO,12/08/2024,09:34:51,50800,50794.1,75,50807.9,15,0,254850
BANKNIFTY-II.NFO,12/08/2024,09:34:53,50800,50796.45,60,50807.95,60,0,254850
BANKNIFTY-II.NFO,12/08/2024,09:34:55,50796.45,50796.1,60,50806.45,60,30,254850
BANKNIFTY-II.NFO,12/08/2024,09:34:56,50796.45,50796.05,15,50805.7,60,0,254850
BANKNIFTY-II.NFO,12/08/2024,09:34:58,50796.45,50791.7,90,50803.65,30,0,254850
BANKNIFTY-II.NFO,12/08/2024,09:35:00,50796.45,50795.25,75,50807.2,30,0,254850
BANKNIFTY-II.NFO,12/08/2024,09:35:01,50800,50799.3,75,50808,15,15,254850
BANKNIFTY-II.NFO,12/08/2024,09:35:03,50800,50797.95,75,50807.95,30,0,254850
BANKNIFTY-II.NFO,12/08/2024,09:35:05,50800,50796.9,75,50807.85,45,0,254850
BANKNIFTY-II.NFO,12/08/2024,09:35:06,50800,50798.3,60,50807.9,15,15,254850
BANKNIFTY-II.NFO,12/08/2024,09:35:08,50797.25,50795.65,60,50806.3,45,15,254850
BANKNIFTY-II.NFO,12/08/2024,09:35:10,50797.25,50793.55,60,50805.9,75,0,254850
BANKNIFTY-II.NFO,12/08/2024,09:35:11,50797.25,50793.05,60,50804.35,75,0,254850
BANKNIFTY-II.NFO,12/08/2024,09:35:13,50797.25,50797.25,15,50805.85,90,0,254850
BANKNIFTY-II.NFO,12/08/2024,09:35:15,50797.25,50797.85,60,50806.2,15,0,254850
BANKNIFTY-II.NFO,12/08/2024,09:35:16,50797.25,50797.25,15,50804.95,60,0,254850
BANKNIFTY-II.NFO,12/08/2024,09:35:18,50797.25,50797.45,60,50806.2,15,0,254850
BANKNIFTY-II.NFO,12/08/2024,09:35:20,50797.25,50802.3,60,50806.15,15,0,254850
BANKNIFTY-II.NFO,12/08/2024,09:35:21,50815,50807.2,60,50815,135,210,254850
BANKNIFTY-II.NFO,12/08/2024,09:35:23,50816.5,50810.8,75,50822.4,45,150,254850
BANKNIFTY-II.NFO,12/08/2024,09:35:25,50816.5,50813.15,60,50826.85,75,0,254850
BANKNIFTY-II.NFO,12/08/2024,09:35:26,50816.5,50810.1,60,50824.25,75,0,254850
BANKNIFTY-II.NFO,12/08/2024,09:35:28,50813.05,50812.3,75,50823.8,60,15,254850
BANKNIFTY-II.NFO,12/08/2024,09:35:30,50813.05,50816.5,30,50827.5,15,0,254850
BANKNIFTY-II.NFO,12/08/2024,09:35:31,50813.05,50820.55,30,50831.8,15,0,254850
BANKNIFTY-II.NFO,12/08/2024,09:35:33,50813.05,50821.35,30,50831.4,15,0,254850
BANKNIFTY-II.NFO,12/08/2024,09:35:35,50813.05,50829.05,15,50837.55,15,0,254850
BANKNIFTY-II.NFO,12/08/2024,09:35:36,50835.4,50829.05,15,50835.9,30,15,254850
BANKNIFTY-II.NFO,12/08/2024,09:35:38,50829.05,50823.3,75,50835.1,45,15,254850
BANKNIFTY-II.NFO,12/08/2024,09:35:40,50829.05,50824.55,60,50836.15,75,0,254850
BANKNIFTY-II.NFO,12/08/2024,09:35:41,50829.05,50821.75,75,50833.55,45,0,254850
BANKNIFTY-II.NFO,12/08/2024,09:35:45,50829.05,50819.2,75,50831.15,45,0,254850
BANKNIFTY-II.NFO,12/08/2024,09:35:46,50829.05,50816.5,75,50827.75,90,0,254850
BANKNIFTY-II.NFO,12/08/2024,09:35:48,50828.3,50821.4,30,50831.65,60,15,254850
BANKNIFTY-II.NFO,12/08/2024,09:35:50,50828.3,50819,60,50829.4,15,0,254850
BANKNIFTY-II.NFO,12/08/2024,09:35:51,50828.3,50815.45,75,50828.1,90,0,254850
BANKNIFTY-II.NFO,12/08/2024,09:35:53,50828.3,50817.25,60,50828.35,45,0,254850
BANKNIFTY-II.NFO,12/08/2024,09:35:55,50815.8,50815.95,60,50827.15,45,15,254850
BANKNIFTY-II.NFO,12/08/2024,09:35:56,50815.8,50816.3,75,50827.2,45,0,254850
BANKNIFTY-II.NFO,12/08/2024,09:35:58,50815.8,50816.9,60,50828.4,45,0,254850
BANKNIFTY-II.NFO,12/08/2024,09:36:00,50815.8,50816.9,15,50826.9,45,0,254850
BANKNIFTY-II.NFO,12/08/2024,09:36:02,50815.8,50816.9,15,50826.2,45,0,254850
BANKNIFTY-II.NFO,12/08/2024,09:36:03,50815.8,50814.8,15,50823.5,60,0,254850
BANKNIFTY-II.NFO,12/08/2024,09:36:05,50815.8,50814.8,15,50820.95,15,0,254850
BANKNIFTY-II.NFO,12/08/2024,09:36:07,50815.8,50818.45,15,50827.75,45,0,254850
BANKNIFTY-II.NFO,12/08/2024,09:36:08,50815.8,50818.05,30,50827.7,45,0,254850
BANKNIFTY-II.NFO,12/08/2024,09:36:10,50815.8,50821.7,60,50832.85,45,0,254850
BANKNIFTY-II.NFO,12/08/2024,09:36:12,50815.8,50826.15,15,50834.85,45,0,254850
BANKNIFTY-II.NFO,12/08/2024,09:36:13,50815.8,50826.15,15,50835,45,0,254850
BANKNIFTY-II.NFO,12/08/2024,09:36:15,50815.8,50828,60,50838.65,45,0,254850
BANKNIFTY-II.NFO,12/08/2024,09:36:16,50815.8,50827.75,15,50835.5,45,0,254850
BANKNIFTY-II.NFO,12/08/2024,09:36:18,50829,50828.35,75,50838.8,45,15,254850
BANKNIFTY-II.NFO,12/08/2024,09:36:20,50827.25,50826.2,15,50834.3,45,15,254850
BANKNIFTY-II.NFO,12/08/2024,09:36:21,50828.3,50827.3,75,50838.1,60,15,254850
BANKNIFTY-II.NFO,12/08/2024,09:36:23,50828.3,50828.35,75,50838.2,30,0,254850
BANKNIFTY-II.NFO,12/08/2024,09:36:25,50828.3,50828.15,15,50837.7,60,0,254850
BANKNIFTY-II.NFO,12/08/2024,09:36:26,50828.3,50833.05,60,50840,30,0,254850
BANKNIFTY-II.NFO,12/08/2024,09:36:28,50840,50834.45,30,50840,15,75,254850
BANKNIFTY-II.NFO,12/08/2024,09:36:30,50840,50836,30,50840,15,0,254850
BANKNIFTY-II.NFO,12/08/2024,09:36:31,50840,50840.8,45,50850,90,15,254850
BANKNIFTY-II.NFO,12/08/2024,09:36:33,50840,50840.45,30,50849.95,75,0,254850
BANKNIFTY-II.NFO,12/08/2024,09:36:35,50840,50839.1,15,50847.3,60,0,254850
BANKNIFTY-II.NFO,12/08/2024,09:36:36,50840,50837.8,15,50845.65,60,0,254850
BANKNIFTY-II.NFO,12/08/2024,09:36:38,50840,50837.8,15,50846.15,75,0,254850
BANKNIFTY-II.NFO,12/08/2024,09:36:40,50840,50836.9,30,50845.95,60,0,254850
BANKNIFTY-II.NFO,12/08/2024,09:36:41,50840,50838.15,45,50846.45,75,0,254850
BANKNIFTY-II.NFO,12/08/2024,09:36:43,50840,50838.25,15,50847.05,60,0,254850
BANKNIFTY-II.NFO,12/08/2024,09:36:45,50840,50835.7,45,50845.5,75,15,254850
BANKNIFTY-II.NFO,12/08/2024,09:36:46,50840,50832.35,15,50840.95,60,0,254955
BANKNIFTY-II.NFO,12/08/2024,09:36:48,50840,50827.3,15,50836.6,75,0,254955
BANKNIFTY-II.NFO,12/08/2024,09:36:50,50840,50824.5,15,50833.8,60,0,254955
BANKNIFTY-II.NFO,12/08/2024,09:36:51,50840,50824.9,15,50834.35,105,0,254955
BANKNIFTY-II.NFO,12/08/2024,09:36:53,50840,50824.9,15,50833.7,60,0,254955
BANKNIFTY-II.NFO,12/08/2024,09:36:55,50840,50824.9,15,50832.95,60,0,254955
BANKNIFTY-II.NFO,12/08/2024,09:36:56,50840,50824.95,30,50832.95,75,0,254955
BANKNIFTY-II.NFO,12/08/2024,09:36:58,50832.95,50827.4,15,50835.35,75,30,254955
BANKNIFTY-II.NFO,12/08/2024,09:37:00,50832.95,50827.35,15,50835.2,60,0,254955
BANKNIFTY-II.NFO,12/08/2024,09:37:01,50832.95,50826,15,50834.75,105,0,254955
BANKNIFTY-II.NFO,12/08/2024,09:37:03,50832.95,50827.25,15,50833.95,75,0,254955
BANKNIFTY-II.NFO,12/08/2024,09:37:05,50832.95,50827.75,15,50834.9,75,0,254955
BANKNIFTY-II.NFO,12/08/2024,09:37:06,50832.95,50827.75,15,50834.3,135,0,254955
BANKNIFTY-II.NFO,12/08/2024,09:37:08,50832.95,50827.75,15,50833.2,60,0,254955
BANKNIFTY-II.NFO,12/08/2024,09:37:10,50832.95,50827.75,15,50834.25,60,0,254955
BANKNIFTY-II.NFO,12/08/2024,09:37:11,50832.95,50827.75,15,50834.3,75,0,254955
BANKNIFTY-II.NFO,12/08/2024,09:37:13,50832.95,50826.05,15,50831.55,60,0,254955
BANKNIFTY-II.NFO,12/08/2024,09:37:15,50829.85,50824.25,15,50830.65,60,15,254955
BANKNIFTY-II.NFO,12/08/2024,09:37:17,50829.85,50819.55,15,50825.65,60,0,254955
BANKNIFTY-II.NFO,12/08/2024,09:37:18,50829.85,50819.55,15,50825.5,75,0,254955
BANKNIFTY-II.NFO,12/08/2024,09:37:22,50829.85,50824.35,15,50830.85,60,0,254955
BANKNIFTY-II.NFO,12/08/2024,09:37:23,50829.85,50822.3,15,50828.8,60,0,254955
BANKNIFTY-II.NFO,12/08/2024,09:37:25,50829.85,50822.3,15,50828.9,60,0,254955
BANKNIFTY-II.NFO,12/08/2024,09:37:27,50829.85,50821.3,15,50826.95,60,0,254955
BANKNIFTY-II.NFO,12/08/2024,09:37:28,50829.85,50819.75,15,50825.65,60,0,254955
BANKNIFTY-II.NFO,12/08/2024,09:37:30,50829.85,50819.75,15,50824.35,60,0,254955
BANKNIFTY-II.NFO,12/08/2024,09:37:31,50823.4,50814.25,15,50822.2,45,45,254955
BANKNIFTY-II.NFO,12/08/2024,09:37:33,50820.8,50813.75,15,50819.35,45,15,254955
BANKNIFTY-II.NFO,12/08/2024,09:37:35,50820.8,50813.4,15,50818.05,75,0,254955
BANKNIFTY-II.NFO,12/08/2024,09:37:36,50817.4,50813.05,15,50817.45,75,15,254955
BANKNIFTY-II.NFO,12/08/2024,09:37:38,50817.4,50813.05,15,50817.45,75,0,254955
BANKNIFTY-II.NFO,12/08/2024,09:37:40,50816.45,50814.45,15,50821.1,75,705,254955
BANKNIFTY-II.NFO,12/08/2024,09:37:41,50816.45,50816.6,15,50822.3,90,0,254955
BANKNIFTY-II.NFO,12/08/2024,09:37:43,50816.45,50812.15,15,50817.5,15,0,254955
BANKNIFTY-II.NFO,12/08/2024,09:37:45,50816.45,50812.15,15,50818.35,90,0,254955
BANKNIFTY-II.NFO,12/08/2024,09:37:46,50817.2,50812.05,15,50816.7,15,15,254955
BANKNIFTY-II.NFO,12/08/2024,09:37:48,50809.95,50805.65,15,50811.25,30,60,254955
BANKNIFTY-II.NFO,12/08/2024,09:37:50,50806.05,50803.9,15,50810.35,60,240,254955
BANKNIFTY-II.NFO,12/08/2024,09:37:51,50805.95,50790.65,15,50798.55,105,15,254955
BANKNIFTY-II.NFO,12/08/2024,09:37:53,50796.75,50793.55,15,50799.8,45,90,254955
BANKNIFTY-II.NFO,12/08/2024,09:37:55,50796.75,50791.6,15,50797.9,45,0,254955
BANKNIFTY-II.NFO,12/08/2024,09:37:56,50796.75,50792.6,15,50799.85,75,0,254955
BANKNIFTY-II.NFO,12/08/2024,09:37:58,50799.85,50800.35,15,50809.4,45,75,254955
BANKNIFTY-II.NFO,12/08/2024,09:38:00,50799.85,50798.35,15,50803.95,15,0,254955
BANKNIFTY-II.NFO,12/08/2024,09:38:01,50799.85,50796.15,15,50801.9,45,0,254955
BANKNIFTY-II.NFO,12/08/2024,09:38:03,50799.85,50790.5,15,50797.65,60,0,254955
BANKNIFTY-II.NFO,12/08/2024,09:38:05,50788.35,50781,15,50787.9,75,105,254955
BANKNIFTY-II.NFO,12/08/2024,09:38:07,50789.95,50786,15,50791.95,15,105,254955
BANKNIFTY-II.NFO,12/08/2024,09:38:08,50789.95,50786.6,15,50793.85,75,0,254955
BANKNIFTY-II.NFO,12/08/2024,09:38:10,50789.95,50786.8,15,50793.95,15,0,254955
BANKNIFTY-II.NFO,12/08/2024,09:38:12,50786.8,50786.8,15,50794.6,75,15,254955
BANKNIFTY-II.NFO,12/08/2024,09:38:13,50786.8,50787.25,15,50795.95,30,0,254955
BANKNIFTY-II.NFO,12/08/2024,09:38:15,50795.95,50789.05,30,50797.95,15,15,254955
BANKNIFTY-II.NFO,12/08/2024,09:38:17,50795.95,50791.3,30,50801.75,75,0,254955
BANKNIFTY-II.NFO,12/08/2024,09:38:18,50795.95,50794,30,50807.4,75,0,254955
BANKNIFTY-II.NFO,12/08/2024,09:38:20,50795.95,50796.1,30,50805.95,15,0,254955
BANKNIFTY-II.NFO,12/08/2024,09:38:22,50795.95,50798.85,15,50808.15,300,0,254955
BANKNIFTY-II.NFO,12/08/2024,09:38:23,50795.95,50796.6,15,50806.2,315,0,254955
BANKNIFTY-II.NFO,12/08/2024,09:38:25,50795.95,50797.65,15,50806.5,300,0,254955
BANKNIFTY-II.NFO,12/08/2024,09:38:27,50795.95,50807.45,30,50815.2,75,0,254955
BANKNIFTY-II.NFO,12/08/2024,09:38:28,50795.95,50804.75,15,50813.95,45,0,254955
BANKNIFTY-II.NFO,12/08/2024,09:38:30,50795.95,50797.95,15,50807.9,90,0,254955
BANKNIFTY-II.NFO,12/08/2024,09:38:32,50795.95,50793.45,15,50801.95,60,0,254955
BANKNIFTY-II.NFO,12/08/2024,09:38:33,50795.95,50793.45,15,50800.85,15,15,254955
BANKNIFTY-II.NFO,12/08/2024,09:38:35,50795.95,50793.45,15,50801.95,30,0,254955
BANKNIFTY-II.NFO,12/08/2024,09:38:37,50795.95,50793.55,30,50801.95,15,0,254955
BANKNIFTY-II.NFO,12/08/2024,09:38:38,50801.95,50793.45,15,50801.95,15,15,254955
BANKNIFTY-II.NFO,12/08/2024,09:38:40,50801.95,50793.4,15,50799.95,15,0,254955
BANKNIFTY-II.NFO,12/08/2024,09:38:43,50801.95,50793.7,15,50801.9,75,0,254955
BANKNIFTY-II.NFO,12/08/2024,09:38:47,50801.95,50794.35,15,50801.9,75,0,254955
BANKNIFTY-II.NFO,12/08/2024,09:38:48,50801.95,50795.9,15,50800,15,0,254955
BANKNIFTY-II.NFO,12/08/2024,09:38:50,50800,50794.55,15,50801.95,15,15,254955
BANKNIFTY-II.NFO,12/08/2024,09:38:52,50800,50795.95,30,50803.9,75,0,254955
BANKNIFTY-II.NFO,12/08/2024,09:38:53,50800,50795.65,15,50803.9,90,0,254955
BANKNIFTY-II.NFO,12/08/2024,09:38:55,50800,50795.65,15,50803.9,75,0,254955
BANKNIFTY-II.NFO,12/08/2024,09:38:57,50803.9,50795.5,30,50803.9,75,15,254955
BANKNIFTY-II.NFO,12/08/2024,09:38:58,50803.9,50797.25,30,50807.85,90,0,254955
BANKNIFTY-II.NFO,12/08/2024,09:39:00,50803.9,50800.05,30,50807.85,75,0,254955
BANKNIFTY-II.NFO,12/08/2024,09:39:02,50803.9,50800.8,30,50807.85,75,0,254955
BANKNIFTY-II.NFO,12/08/2024,09:39:03,50803.9,50800.3,15,50807.95,15,0,254955
BANKNIFTY-II.NFO,12/08/2024,09:39:05,50803.9,50803.9,15,50809.35,15,0,254955
BANKNIFTY-II.NFO,12/08/2024,09:39:07,50807.95,50803.9,15,50811.15,75,45,254955
BANKNIFTY-II.NFO,12/08/2024,09:39:08,50807.95,50803.9,15,50809.9,15,0,254955
BANKNIFTY-II.NFO,12/08/2024,09:39:10,50807.95,50803.9,15,50809.35,15,0,254955
BANKNIFTY-II.NFO,12/08/2024,09:39:12,50807.95,50803.9,15,50809.15,15,0,254955
BANKNIFTY-II.NFO,12/08/2024,09:39:13,50807.95,50803.9,15,50809.8,75,0,254955
BANKNIFTY-II.NFO,12/08/2024,09:39:15,50807.95,50803.9,15,50809.05,75,0,254955
BANKNIFTY-II.NFO,12/08/2024,09:39:17,50806.95,50803.9,15,50809.65,15,45,254955
BANKNIFTY-II.NFO,12/08/2024,09:39:18,50806.95,50803.9,15,50809.75,75,0,254955
BANKNIFTY-II.NFO,12/08/2024,09:39:20,50809.75,50805.75,15,50814.15,30,75,254955
BANKNIFTY-II.NFO,12/08/2024,09:39:22,50809.3,50812.15,15,50820.6,30,15,254955
BANKNIFTY-II.NFO,12/08/2024,09:39:23,50817.95,50814.75,15,50819.95,15,30,254955
BANKNIFTY-II.NFO,12/08/2024,09:39:25,50814.9,50803.25,15,50811.1,75,15,254955
BANKNIFTY-II.NFO,12/08/2024,09:39:27,50814.9,50801.25,15,50808.45,45,0,254955
BANKNIFTY-II.NFO,12/08/2024,09:39:28,50814.9,50802.25,15,50809.9,75,0,254955
BANKNIFTY-II.NFO,12/08/2024,09:39:30,50809.9,50801.4,15,50809,90,15,254955
BANKNIFTY-II.NFO,12/08/2024,09:39:32,50809.9,50800.85,15,50807.55,75,0,254955
BANKNIFTY-II.NFO,12/08/2024,09:39:35,50807.3,50800.25,15,50807.25,75,15,254955
BANKNIFTY-II.NFO,12/08/2024,09:39:37,50807.3,50801.95,15,50809.85,75,0,254955
BANKNIFTY-II.NFO,12/08/2024,09:39:38,50806.15,50800.75,15,50807.9,105,15,254955
BANKNIFTY-II.NFO,12/08/2024,09:39:40,50806.15,50797,60,50805.4,105,0,254955
BANKNIFTY-II.NFO,12/08/2024,09:39:42,50801.65,50793.65,15,50803.3,30,30,254955
BANKNIFTY-II.NFO,12/08/2024,09:39:43,50801.65,50795.5,15,50807.85,60,0,254955
BANKNIFTY-II.NFO,12/08/2024,09:39:45,50801.65,50799.15,30,50807.9,75,0,254955
BANKNIFTY-II.NFO,12/08/2024,09:39:47,50801.65,50797.15,30,50807.75,75,0,254955
BANKNIFTY-II.NFO,12/08/2024,09:39:48,50801.65,50793.35,15,50802.95,60,0,254955
BANKNIFTY-II.NFO,12/08/2024,09:39:50,50801.65,50793,15,50796.25,150,0,254955
BANKNIFTY-II.NFO,12/08/2024,09:39:52,50793,50790,60,50794.9,75,15,255420
BANKNIFTY-II.NFO,12/08/2024,09:39:53,50793,50790,60,50794.9,75,0,255420
BANKNIFTY-II.NFO,12/08/2024,09:39:57,50794.7,50790,60,50797.2,30,75,255420
BANKNIFTY-II.NFO,12/08/2024,09:39:58,50794.7,50790,60,50795.85,300,0,255420
BANKNIFTY-II.NFO,12/08/2024,09:40:00,50790,50790.45,15,50802.15,15,15,255420
BANKNIFTY-II.NFO,12/08/2024,09:40:02,50790,50790,45,50798.6,75,0,255420
BANKNIFTY-II.NFO,12/08/2024,09:40:07,50798.6,50790,45,50800.05,90,15,255420
BANKNIFTY-II.NFO,12/08/2024,09:40:08,50798.6,50790,45,50799.95,45,0,255420
BANKNIFTY-II.NFO,12/08/2024,09:40:10,50798.6,50798.6,15,50801.75,60,0,255420
BANKNIFTY-II.NFO,12/08/2024,09:40:12,50798.6,50798.6,15,50802.3,60,0,255420
BANKNIFTY-II.NFO,12/08/2024,09:40:13,50798.6,50790,45,50797.95,120,15,255420
BANKNIFTY-II.NFO,12/08/2024,09:40:15,50798.6,50790,45,50797.15,90,0,255420
BANKNIFTY-II.NFO,12/08/2024,09:40:17,50798.6,50790,45,50797.15,75,0,255420
BANKNIFTY-II.NFO,12/08/2024,09:40:18,50798.6,50790.3,30,50797.15,75,0,255420
BANKNIFTY-II.NFO,12/08/2024,09:40:20,50798.6,50795.2,30,50798.6,30,0,255420
BANKNIFTY-II.NFO,12/08/2024,09:40:22,50798.6,50794.9,30,50798.6,30,0,255420
BANKNIFTY-II.NFO,12/08/2024,09:40:23,50798.6,50796.55,30,50803.9,75,30,255420
BANKNIFTY-II.NFO,12/08/2024,09:40:25,50798.6,50792.85,15,50803.85,60,0,255420
BANKNIFTY-II.NFO,12/08/2024,09:40:27,50798.6,50792.75,30,50801.85,75,0,255420
BANKNIFTY-II.NFO,12/08/2024,09:40:28,50798.6,50793.5,30,50801.85,75,0,255420
BANKNIFTY-II.NFO,12/08/2024,09:40:30,50798.6,50791.15,30,50801.85,90,0,255420
BANKNIFTY-II.NFO,12/08/2024,09:40:32,50801.8,50791,45,50801.85,90,15,255420
BANKNIFTY-II.NFO,12/08/2024,09:40:33,50801.8,50791,45,50801.85,120,0,255420
BANKNIFTY-II.NFO,12/08/2024,09:40:35,50801.8,50791,45,50800.6,105,0,255420
BANKNIFTY-II.NFO,12/08/2024,09:40:37,50801.8,50792,30,50800.6,75,0,255420
BANKNIFTY-II.NFO,12/08/2024,09:40:38,50800.6,50791,45,50800.6,120,15,255420
BANKNIFTY-II.NFO,12/08/2024,09:40:40,50800.6,50791.05,30,50800.6,90,0,255420
BANKNIFTY-II.NFO,12/08/2024,09:40:42,50800.6,50791.15,30,50800.6,75,0,255420
BANKNIFTY-II.NFO,12/08/2024,09:40:43,50800.6,50791.2,30,50800.6,75,0,255420
BANKNIFTY-II.NFO,12/08/2024,09:40:45,50800.6,50792.85,30,50800.6,75,0,255420
BANKNIFTY-II.NFO,12/08/2024,09:40:47,50800.6,50791,45,50800.6,120,0,255420
BANKNIFTY-II.NFO,12/08/2024,09:40:48,50800.6,50791,45,50799.9,105,0,255420
BANKNIFTY-II.NFO,12/08/2024,09:40:50,50791,50791,30,50796.7,90,15,255420
BANKNIFTY-II.NFO,12/08/2024,09:40:52,50791,50790,45,50794.55,105,30,255420
BANKNIFTY-II.NFO,12/08/2024,09:40:53,50791,50790,45,50792.8,90,0,255420
BANKNIFTY-II.NFO,12/08/2024,09:40:55,50790,50790,30,50792,90,15,255420
BANKNIFTY-II.NFO,12/08/2024,09:40:57,50790,50780,300,50786.45,90,30,255420
BANKNIFTY-II.NFO,12/08/2024,09:40:58,50770.4,50759.3,30,50769.2,75,315,255420
BANKNIFTY-II.NFO,12/08/2024,09:41:00,50765.9,50771.45,30,50777.9,75,90,255420
BANKNIFTY-II.NFO,12/08/2024,09:41:02,50777.9,50760.95,60,50771.9,75,45,255420
BANKNIFTY-II.NFO,12/08/2024,09:41:03,50777.9,50763.25,60,50771.95,15,0,255420
BANKNIFTY-II.NFO,12/08/2024,09:41:05,50777.9,50765.35,15,50774.4,75,0,255420
BANKNIFTY-II.NFO,12/08/2024,09:41:07,50777.9,50764.15,15,50771.5,75,0,255420
BANKNIFTY-II.NFO,12/08/2024,09:41:08,50771.5,50763.6,30,50776.4,30,75,255420
BANKNIFTY-II.NFO,12/08/2024,09:41:10,50771.5,50763.95,30,50773.9,75,0,255420
BANKNIFTY-II.NFO,12/08/2024,09:41:12,50771.5,50769.85,30,50779.9,75,0,255420
BANKNIFTY-II.NFO,12/08/2024,09:41:13,50771.5,50770.8,60,50779.9,75,0,255420
BANKNIFTY-II.NFO,12/08/2024,09:41:15,50779.9,50774.4,30,50780,15,30,255420
BANKNIFTY-II.NFO,12/08/2024,09:41:17,50779.9,50775.65,30,50780,15,0,255420
BANKNIFTY-II.NFO,12/08/2024,09:41:18,50776.9,50776,30,50780,15,15,255420
BANKNIFTY-II.NFO,12/08/2024,09:41:20,50780,50777.25,30,50787.9,90,15,255420
BANKNIFTY-II.NFO,12/08/2024,09:41:22,50780,50776.95,60,50787.9,90,0,255420
BANKNIFTY-II.NFO,12/08/2024,09:41:23,50780,50774.05,60,50783.95,30,0,255420
BANKNIFTY-II.NFO,12/08/2024,09:41:25,50780,50775.25,60,50787.7,45,0,255420
BANKNIFTY-II.NFO,12/08/2024,09:41:27,50780,50777,30,50787.75,90,0,255420
BANKNIFTY-II.NFO,12/08/2024,09:41:28,50780,50775.55,15,50785.3,45,0,255420
BANKNIFTY-II.NFO,12/08/2024,09:41:30,50780,50775.55,15,50784.7,30,0,255420
BANKNIFTY-II.NFO,12/08/2024,09:41:32,50780,50775.55,15,50784.7,45,0,255420
BANKNIFTY-II.NFO,12/08/2024,09:41:33,50780,50780,15,50781.9,75,0,255420
BANKNIFTY-II.NFO,12/08/2024,09:41:35,50780,50780,15,50784.95,75,0,255420
BANKNIFTY-II.NFO,12/08/2024,09:41:40,50780,50780,15,50784.9,45,0,255420
BANKNIFTY-II.NFO,12/08/2024,09:41:42,50780,50780,15,50784.95,75,0,255420
BANKNIFTY-II.NFO,12/08/2024,09:41:47,50785,50782.05,30,50790.95,75,30,255420
BANKNIFTY-II.NFO,12/08/2024,09:41:48,50785,50781,30,50790.45,75,0,255420
BANKNIFTY-II.NFO,12/08/2024,09:41:50,50790.45,50782,30,50790.45,75,15,255420
BANKNIFTY-II.NFO,12/08/2024,09:41:52,50790.45,50784.2,15,50793,300,0,255420
BANKNIFTY-II.NFO,12/08/2024,09:41:53,50790.45,50780,15,50791.4,45,0,255420
BANKNIFTY-II.NFO,12/08/2024,09:41:55,50792.45,50782,30,50792.9,45,15,255420
BANKNIFTY-II.NFO,12/08/2024,09:41:57,50792.45,50782.45,30,50792.9,75,0,255420
BANKNIFTY-II.NFO,12/08/2024,09:41:58,50792.45,50782,30,50792.6,75,0,255420
BANKNIFTY-II.NFO,12/08/2024,09:42:00,50792.45,50788.5,60,50797.9,75,0,255420
BANKNIFTY-II.NFO,12/08/2024,09:42:02,50792.45,50786.15,15,50796.75,45,0,255420
BANKNIFTY-II.NFO,12/08/2024,09:42:03,50786.15,50785.6,60,50795.5,75,15,255420
BANKNIFTY-II.NFO,12/08/2024,09:42:05,50786.15,50788,60,50795.5,75,0,255420
BANKNIFTY-II.NFO,12/08/2024,09:42:07,50786.15,50787.45,60,50795.5,75,0,255420
BANKNIFTY-II.NFO,12/08/2024,09:42:08,50786.15,50789.6,60,50795.5,75,0,255420
BANKNIFTY-II.NFO,12/08/2024,09:42:10,50786.15,50785.5,15,50795.45,45,0,255420
BANKNIFTY-II.NFO,12/08/2024,09:42:12,50786.15,50780.05,60,50791.55,30,0,255420
BANKNIFTY-II.NFO,12/08/2024,09:42:13,50786.15,50782.5,60,50790.85,75,0,255420
BANKNIFTY-II.NFO,12/08/2024,09:42:15,50786.15,50789.1,60,50797.3,75,0,255420
BANKNIFTY-II.NFO,12/08/2024,09:42:17,50786.15,50787.9,60,50797.3,75,0,255420
BANKNIFTY-II.NFO,12/08/2024,09:42:18,50786.15,50787.1,60,50797.3,90,0,255420
BANKNIFTY-II.NFO,12/08/2024,09:42:20,50786.15,50783.2,60,50795.95,30,0,255420
BANKNIFTY-II.NFO,12/08/2024,09:42:22,50786.15,50790,30,50795.9,75,0,255420
BANKNIFTY-II.NFO,12/08/2024,09:42:32,50786.15,50790.05,30,50795.9,75,0,255420
BANKNIFTY-II.NFO,12/08/2024,09:42:33,50786.15,50790,30,50795.9,75,0,255420
BANKNIFTY-II.NFO,12/08/2024,09:42:35,50786.15,50790.45,30,50799.95,75,0,255420
BANKNIFTY-II.NFO,12/08/2024,09:42:37,50800,50797.05,30,50806.75,75,15,255420
BANKNIFTY-II.NFO,12/08/2024,09:42:38,50800,50797.6,30,50806.75,75,0,255420
BANKNIFTY-II.NFO,12/08/2024,09:42:40,50800,50797.35,30,50806.75,75,0,255420
BANKNIFTY-II.NFO,12/08/2024,09:42:42,50800,50797.3,30,50806.75,75,0,255420
BANKNIFTY-II.NFO,12/08/2024,09:42:43,50800,50799.1,30,50806.6,75,0,255420
BANKNIFTY-II.NFO,12/08/2024,09:42:45,50800,50799.15,60,50806.6,75,0,255420
BANKNIFTY-II.NFO,12/08/2024,09:42:47,50800,50796.05,90,50806.6,75,0,255420
BANKNIFTY-II.NFO,12/08/2024,09:42:48,50796.05,50796.4,60,50806.55,60,60,255780
BANKNIFTY-II.NFO,12/08/2024,09:42:50,50796.05,50796.05,60,50806.55,60,0,255780
BANKNIFTY-II.NFO,12/08/2024,09:42:52,50796.05,50796.6,60,50806.55,60,0,255780
BANKNIFTY-II.NFO,12/08/2024,09:42:53,50796.05,50794.15,60,50803.8,75,0,255780
BANKNIFTY-II.NFO,12/08/2024,09:42:55,50796.05,50796.6,15,50803.8,75,0,255780
BANKNIFTY-II.NFO,12/08/2024,09:42:57,50796.05,50795.25,15,50803.6,75,0,255780
BANKNIFTY-II.NFO,12/08/2024,09:42:58,50796.05,50796.1,15,50803.6,75,0,255780
BANKNIFTY-II.NFO,12/08/2024,09:43:00,50796.05,50795.4,15,50803.55,60,0,255780
BANKNIFTY-II.NFO,12/08/2024,09:43:02,50796.05,50788.25,60,50800.1,60,0,255780
BANKNIFTY-II.NFO,12/08/2024,09:43:03,50796.05,50785.05,60,50795.65,60,0,255780
BANKNIFTY-II.NFO,12/08/2024,09:43:05,50796.05,50785,30,50793.2,60,0,255780
BANKNIFTY-II.NFO,12/08/2024,09:43:07,50796.05,50785,30,50790.3,75,0,255780
BANKNIFTY-II.NFO,12/08/2024,09:43:08,50796.05,50785,30,50786.1,75,0,255780
BANKNIFTY-II.NFO,12/08/2024,09:43:10,50796.05,50785,30,50785.15,60,0,255780
BANKNIFTY-II.NFO,12/08/2024,09:43:12,50796.05,50785,30,50790.75,60,0,255780
BANKNIFTY-II.NFO,12/08/2024,09:43:15,50796.05,50781.6,60,50790.8,75,0,255780
BANKNIFTY-II.NFO,12/08/2024,09:43:16,50796.05,50780.35,15,50789.1,75,0,255780
BANKNIFTY-II.NFO,12/08/2024,09:43:18,50796.05,50780.35,15,50788.45,75,0,255780
BANKNIFTY-II.NFO,12/08/2024,09:43:20,50796.05,50780,30,50785.85,60,0,255780
BANKNIFTY-II.NFO,12/08/2024,09:43:21,50781.05,50780,30,50781.4,45,15,255780
BANKNIFTY-II.NFO,12/08/2024,09:43:23,50776.05,50775,300,50779.35,75,45,255780
BANKNIFTY-II.NFO,12/08/2024,09:43:25,50776.05,50775,300,50779.35,75,0,255780
BANKNIFTY-II.NFO,12/08/2024,09:43:26,50776.05,50775,300,50777.55,120,0,255780
BANKNIFTY-II.NFO,12/08/2024,09:43:28,50776.05,50775,300,50779.35,75,0,255780
BANKNIFTY-II.NFO,12/08/2024,09:43:33,50776.05,50776.05,15,50781.65,15,0,255780
BANKNIFTY-II.NFO,12/08/2024,09:43:35,50775,50775,165,50776.1,15,150,255780
BANKNIFTY-II.NFO,12/08/2024,09:43:36,50775,50764.85,15,50774.65,15,165,255780
BANKNIFTY-II.NFO,12/08/2024,09:43:38,50767.55,50761.4,30,50768,75,45,255780
BANKNIFTY-II.NFO,12/08/2024,09:43:40,50763.5,50756,75,50762.5,75,75,255780
BANKNIFTY-II.NFO,12/08/2024,09:43:41,50763.5,50758,15,50762.5,75,0,255780
BANKNIFTY-II.NFO,12/08/2024,09:43:43,50769.85,50760.1,30,50768.7,15,30,255780
BANKNIFTY-II.NFO,12/08/2024,09:43:45,50767.3,50767.3,270,50770.15,150,30,255780
BANKNIFTY-II.NFO,12/08/2024,09:43:46,50770.15,50767.3,270,50771.75,120,30,255780
BANKNIFTY-II.NFO,12/08/2024,09:43:48,50770.15,50771.25,60,50780.4,75,0,255780
BANKNIFTY-II.NFO,12/08/2024,09:43:50,50770.15,50775.2,75,50785.4,90,0,255780
BANKNIFTY-II.NFO,12/08/2024,09:43:51,50770.15,50768.85,30,50777.3,75,0,255780
BANKNIFTY-II.NFO,12/08/2024,09:43:53,50770.15,50770.15,30,50777.3,75,0,255780
BANKNIFTY-II.NFO,12/08/2024,09:43:55,50769.15,50769,30,50777.25,15,15,255780
BANKNIFTY-II.NFO,12/08/2024,09:43:56,50769.15,50768.15,75,50777.3,75,0,255780
BANKNIFTY-II.NFO,12/08/2024,09:43:58,50770.15,50767.35,60,50777.25,15,15,255780
BANKNIFTY-II.NFO,12/08/2024,09:44:00,50770.15,50767.4,15,50776.05,15,0,255780
BANKNIFTY-II.NFO,12/08/2024,09:44:01,50776.1,50772,30,50780.7,15,45,255780
BANKNIFTY-II.NFO,12/08/2024,09:44:03,50776.1,50767.5,60,50777.5,15,0,255780
BANKNIFTY-II.NFO,12/08/2024,09:44:05,50776.1,50768.7,30,50776.1,30,0,255780
BANKNIFTY-II.NFO,12/08/2024,09:44:06,50776.1,50770.2,30,50776.1,30,0,255780
BANKNIFTY-II.NFO,12/08/2024,09:44:08,50776.1,50769.55,60,50776.1,30,0,255780
BANKNIFTY-II.NFO,12/08/2024,09:44:10,50776.1,50767.3,270,50769.95,75,0,255780
BANKNIFTY-II.NFO,12/08/2024,09:44:11,50767.3,50767.3,195,50768.15,15,75,255780
BANKNIFTY-II.NFO,12/08/2024,09:44:13,50767.3,50767.3,195,50768.15,15,0,255780
BANKNIFTY-II.NFO,12/08/2024,09:44:20,50768.15,50767.3,195,50776.05,15,15,255780
BANKNIFTY-II.NFO,12/08/2024,09:44:21,50768.15,50768.45,30,50776.1,30,0,255780
BANKNIFTY-II.NFO,12/08/2024,09:44:23,50768.15,50767.3,195,50776.05,15,0,255780
BANKNIFTY-II.NFO,12/08/2024,09:44:25,50768.15,50769.1,45,50776.1,30,0,255780
BANKNIFTY-II.NFO,12/08/2024,09:44:26,50767.3,50767.3,45,50774.5,75,300,255780
BANKNIFTY-II.NFO,12/08/2024,09:44:28,50767.3,50767.3,45,50771.3,75,0,255780
BANKNIFTY-II.NFO,12/08/2024,09:44:30,50767.3,50755.95,15,50762.8,60,45,255780
BANKNIFTY-II.NFO,12/08/2024,09:44:32,50760,50755.95,15,50766.5,60,30,255780
BANKNIFTY-II.NFO,12/08/2024,09:44:33,50760,50761.95,15,50769.55,60,0,255780
BANKNIFTY-II.NFO,12/08/2024,09:44:35,50760,50761.95,15,50769.6,45,0,255780
BANKNIFTY-II.NFO,12/08/2024,09:44:37,50760,50763.4,15,50770.5,45,0,255780
BANKNIFTY-II.NFO,12/08/2024,09:44:38,50760,50762.75,15,50769.4,60,0,255780
BANKNIFTY-II.NFO,12/08/2024,09:44:40,50760,50764.35,15,50772.35,60,0,255780
BANKNIFTY-II.NFO,12/08/2024,09:44:42,50760,50764.4,15,50774.1,75,0,255780
BANKNIFTY-II.NFO,12/08/2024,09:44:43,50760,50764.4,15,50771.7,60,0,255780
BANKNIFTY-II.NFO,12/08/2024,09:44:45,50760,50764.45,45,50773.65,60,0,255780
BANKNIFTY-II.NFO,12/08/2024,09:44:47,50760,50764.35,15,50772.3,75,0,255780
BANKNIFTY-II.NFO,12/08/2024,09:44:48,50760,50764.45,45,50774.6,75,0,255780
BANKNIFTY-II.NFO,12/08/2024,09:44:50,50775.7,50765.1,15,50774.55,60,15,255780
BANKNIFTY-II.NFO,12/08/2024,09:44:52,50775.7,50765.15,60,50775.55,75,0,255780
BANKNIFTY-II.NFO,12/08/2024,09:44:53,50775.7,50765.15,60,50775.75,75,0,255780
BANKNIFTY-II.NFO,12/08/2024,09:44:55,50775.7,50764.15,15,50773.35,60,0,255780
BANKNIFTY-II.NFO,12/08/2024,09:44:57,50775.7,50758.4,60,50769.95,75,0,255780
BANKNIFTY-II.NFO,12/08/2024,09:44:58,50769.45,50757.85,60,50768.7,45,15,255780
BANKNIFTY-II.NFO,12/08/2024,09:45:00,50768.55,50760.15,60,50769.9,45,15,255780
BANKNIFTY-II.NFO,12/08/2024,09:45:02,50768.55,50760,30,50768.25,30,0,255780
BANKNIFTY-II.NFO,12/08/2024,09:45:03,50768.55,50760.05,60,50770.6,30,0,255780
BANKNIFTY-II.NFO,12/08/2024,09:45:05,50768.55,50760.55,60,50770.65,30,0,255780
BANKNIFTY-II.NFO,12/08/2024,09:45:07,50768.55,50763.5,15,50770.7,30,0,255780
BANKNIFTY-II.NFO,12/08/2024,09:45:08,50763.5,50763.75,15,50771.15,60,15,255780
BANKNIFTY-II.NFO,12/08/2024,09:45:10,50771.15,50765.35,60,50777.4,45,15,255780
BANKNIFTY-II.NFO,12/08/2024,09:45:12,50773.4,50764.45,30,50775.65,15,15,255780
BANKNIFTY-II.NFO,12/08/2024,09:45:13,50773.4,50760.05,30,50771.25,15,0,255780
BANKNIFTY-II.NFO,12/08/2024,09:45:15,50773.4,50762.5,30,50773.8,30,0,255780
BANKNIFTY-II.NFO,12/08/2024,09:45:17,50775.1,50763.25,60,50774,30,15,255780
BANKNIFTY-II.NFO,12/08/2024,09:45:18,50775.1,50760.9,15,50771.7,45,0,255780
BANKNIFTY-II.NFO,12/08/2024,09:45:20,50760,50760,15,50764.2,165,45,255780
BANKNIFTY-II.NFO,12/08/2024,09:45:22,50751,50750,105,50753.2,75,90,255780
BANKNIFTY-II.NFO,12/08/2024,09:45:23,50753.95,50747,15,50755.65,195,120,255780
BANKNIFTY-II.NFO,12/08/2024,09:45:25,50757.15,50752.25,60,50763.05,225,75,255780
BANKNIFTY-II.NFO,12/08/2024,09:45:27,50757.15,50751.15,15,50758.25,45,0,255780
BANKNIFTY-II.NFO,12/08/2024,09:45:28,50759.6,50750.4,15,50761.25,45,15,255780
BANKNIFTY-II.NFO,12/08/2024,09:45:30,50759.6,50750,15,50757.6,45,0,255780
BANKNIFTY-II.NFO,12/08/2024,09:45:32,50759.6,50750,15,50755,30,0,255780
BANKNIFTY-II.NFO,12/08/2024,09:45:33,50750,50747,15,50751.75,90,15,255780
BANKNIFTY-II.NFO,12/08/2024,09:45:35,50750,50747,15,50754.15,15,0,255780
BANKNIFTY-II.NFO,12/08/2024,09:45:37,50750,50747,15,50752.2,15,0,255780
BANKNIFTY-II.NFO,12/08/2024,09:45:38,50750,50747,15,50749.8,150,0,255780
BANKNIFTY-II.NFO,12/08/2024,09:45:40,50741.65,50740.95,15,50751.9,30,30,255780
BANKNIFTY-II.NFO,12/08/2024,09:45:42,50741.65,50743,30,50750,60,0,255780
BANKNIFTY-II.NFO,12/08/2024,09:45:43,50750,50745.4,15,50756.65,165,60,255780
BANKNIFTY-II.NFO,12/08/2024,09:45:45,50747.65,50747.65,15,50759.55,45,30,256425
BANKNIFTY-II.NFO,12/08/2024,09:45:47,50747.65,50747.35,15,50758.55,45,0,256425
BANKNIFTY-II.NFO,12/08/2024,09:45:48,50747.65,50746.65,30,50759.25,45,0,256425
BANKNIFTY-II.NFO,12/08/2024,09:45:50,50755.55,50744.85,15,50755.55,30,30,256425
BANKNIFTY-II.NFO,12/08/2024,09:45:51,50755.55,50744.4,15,50753.95,45,0,256425
BANKNIFTY-II.NFO,12/08/2024,09:45:53,50755.55,50741.4,30,50752.65,45,0,256425
BANKNIFTY-II.NFO,12/08/2024,09:45:55,50755.55,50740,60,50747.2,165,0,256425
BANKNIFTY-II.NFO,12/08/2024,09:45:56,50755.55,50740,60,50749.6,150,0,256425
BANKNIFTY-II.NFO,12/08/2024,09:45:58,50755.55,50740,60,50747.6,90,0,256425
BANKNIFTY-II.NFO,12/08/2024,09:46:00,50755.55,50740,60,50746.35,15,0,256425
BANKNIFTY-II.NFO,12/08/2024,09:46:01,50740,50740,30,50746.85,90,45,256425
BANKNIFTY-II.NFO,12/08/2024,09:46:03,50748.2,50740.05,15,50746.9,90,45,256425
BANKNIFTY-II.NFO,12/08/2024,09:46:05,50748.2,50740,30,50748.6,75,0,256425
BANKNIFTY-II.NFO,12/08/2024,09:46:06,50746.8,50740,30,50747.65,75,45,256425
BANKNIFTY-II.NFO,12/08/2024,09:46:08,50746.8,50741.4,60,50752.05,105,0,256425
BANKNIFTY-II.NFO,12/08/2024,09:46:10,50746.8,50746.45,60,50755.8,75,0,256425
BANKNIFTY-II.NFO,12/08/2024,09:46:11,50745.05,50742.65,15,50749.15,120,15,256425
BANKNIFTY-II.NFO,12/08/2024,09:46:13,50745.05,50742.65,15,50750.9,60,0,256425
BANKNIFTY-II.NFO,12/08/2024,09:46:15,50748.2,50743.15,15,50749.35,15,15,256425
BANKNIFTY-II.NFO,12/08/2024,09:46:16,50750.7,50744.15,15,50751.65,90,75,256425
BANKNIFTY-II.NFO,12/08/2024,09:46:18,50750.7,50743.85,15,50750.55,15,0,256425
BANKNIFTY-II.NFO,12/08/2024,09:46:20,50746.9,50742.25,15,50747.35,15,120,256425
BANKNIFTY-II.NFO,12/08/2024,09:46:21,50748.2,50741.45,60,50748.2,165,135,256425
BANKNIFTY-II.NFO,12/08/2024,09:46:23,50748.2,50743.05,60,50748.2,30,135,256425
BANKNIFTY-II.NFO,12/08/2024,09:46:25,50748.2,50747,15,50748.2,30,0,256425
BANKNIFTY-II.NFO,12/08/2024,09:46:26,50748.2,50747,15,50753.7,120,30,256425
BANKNIFTY-II.NFO,12/08/2024,09:46:28,50758.55,50746.9,60,50758.45,315,45,256425
BANKNIFTY-II.NFO,12/08/2024,09:46:30,50758.55,50747.4,60,50759.95,45,0,256425
BANKNIFTY-II.NFO,12/08/2024,09:46:31,50758.55,50747.55,60,50759.2,135,0,256425
BANKNIFTY-II.NFO,12/08/2024,09:46:33,50758.55,50749.2,60,50760.7,45,0,256425
BANKNIFTY-II.NFO,12/08/2024,09:46:35,50758.55,50748.3,60,50758.55,15,0,256425
BANKNIFTY-II.NFO,12/08/2024,09:46:36,50758.55,50749.65,60,50758.55,15,0,256425
BANKNIFTY-II.NFO,12/08/2024,09:46:38,50758.55,50752,60,50758.55,15,0,256425
BANKNIFTY-II.NFO,12/08/2024,09:46:40,50763.05,50751.75,60,50762.95,300,30,256425
BANKNIFTY-II.NFO,12/08/2024,09:46:41,50758.45,50758.55,15,50759.8,45,15,256425
BANKNIFTY-II.NFO,12/08/2024,09:46:43,50758.55,50746.75,75,50758.15,60,15,256425
BANKNIFTY-II.NFO,12/08/2024,09:46:45,50758.55,50748.4,75,50759.05,120,0,256425
BANKNIFTY-II.NFO,12/08/2024,09:46:46,50758.55,50747.35,75,50758.05,15,0,256425
BANKNIFTY-II.NFO,12/08/2024,09:46:48,50758.55,50746.85,75,50758.7,45,0,256425
BANKNIFTY-II.NFO,12/08/2024,09:46:50,50758.55,50746.05,15,50754.55,45,0,256425
BANKNIFTY-II.NFO,12/08/2024,09:46:51,50755.05,50746.7,60,50756.95,30,15,256425
BANKNIFTY-II.NFO,12/08/2024,09:46:53,50753.7,50746.05,15,50753.4,75,45,256425
BANKNIFTY-II.NFO,12/08/2024,09:46:55,50752.5,50743.95,15,50752.4,15,45,256425
BANKNIFTY-II.NFO,12/08/2024,09:46:56,50753.85,50750,15,50753.3,60,15,256425
BANKNIFTY-II.NFO,12/08/2024,09:46:58,50756.75,50750,15,50755.95,60,15,256425
BANKNIFTY-II.NFO,12/08/2024,09:47:00,50750,50747.6,30,50755.95,45,30,256425
BANKNIFTY-II.NFO,12/08/2024,09:47:01,50750,50746.6,30,50754.9,45,0,256425
BANKNIFTY-II.NFO,12/08/2024,09:47:03,50750,50747.05,45,50755.4,45,0,256425
BANKNIFTY-II.NFO,12/08/2024,09:47:05,50750,50754.9,30,50760,15,0,256425
BANKNIFTY-II.NFO,12/08/2024,09:47:06,50760,50754.9,30,50764.5,45,15,256425
BANKNIFTY-II.NFO,12/08/2024,09:47:08,50760,50758,15,50765.75,45,0,256425
BANKNIFTY-II.NFO,12/08/2024,09:47:10,50760,50757.05,60,50765.75,45,0,256425
BANKNIFTY-II.NFO,12/08/2024,09:47:11,50760,50756.45,45,50764.35,45,0,256425
BANKNIFTY-II.NFO,12/08/2024,09:47:13,50760,50756.45,45,50765.2,45,0,256425
BANKNIFTY-II.NFO,12/08/2024,09:47:15,50760,50759.6,30,50769.55,60,0,256425
BANKNIFTY-II.NFO,12/08/2024,09:47:16,50770.15,50760.75,45,50773,135,300,256425
BANKNIFTY-II.NFO,12/08/2024,09:47:18,50764.25,50760.75,60,50773.9,30,15,256425
BANKNIFTY-II.NFO,12/08/2024,09:47:20,50764.25,50765.55,45,50777.35,30,0,256425
BANKNIFTY-II.NFO,12/08/2024,09:47:21,50767.65,50766.7,30,50777.3,75,15,256425
BANKNIFTY-II.NFO,12/08/2024,09:47:23,50765.35,50765.4,60,50774.15,90,15,256425
BANKNIFTY-II.NFO,12/08/2024,09:47:25,50765.35,50760.05,75,50768.65,75,0,256425
BANKNIFTY-II.NFO,12/08/2024,09:47:26,50773.95,50763.75,75,50775,45,60,256425
BANKNIFTY-II.NFO,12/08/2024,09:47:28,50773.95,50764.2,75,50775.3,75,0,256425
BANKNIFTY-II.NFO,12/08/2024,09:47:30,50775.3,50765.55,60,50775.95,15,15,256425
BANKNIFTY-II.NFO,12/08/2024,09:47:31,50775.3,50763.95,75,50775.55,120,0,256425
BANKNIFTY-II.NFO,12/08/2024,09:47:33,50775.3,50763.1,45,50771.95,15,0,256425
BANKNIFTY-II.NFO,12/08/2024,09:47:35,50775.3,50763.1,75,50773.9,75,0,256425
BANKNIFTY-II.NFO,12/08/2024,09:47:36,50775.3,50764.25,75,50771.9,75,0,256425
BANKNIFTY-II.NFO,12/08/2024,09:47:38,50771.9,50762.1,75,50771.95,15,30,256425
BANKNIFTY-II.NFO,12/08/2024,09:47:40,50773.2,50764.85,75,50773.8,300,30,256425
BANKNIFTY-II.NFO,12/08/2024,09:47:41,50773.2,50764.9,75,50775.85,45,0,256425
BANKNIFTY-II.NFO,12/08/2024,09:47:43,50773.2,50765.4,75,50775.9,75,0,256425
BANKNIFTY-II.NFO,12/08/2024,09:47:44,50765.9,50765.3,60,50775.9,75,60,256425
BANKNIFTY-II.NFO,12/08/2024,09:47:46,50765.9,50766.3,60,50776.55,75,0,256425
BANKNIFTY-II.NFO,12/08/2024,09:47:48,50765.9,50771.9,15,50777,15,0,256425
BANKNIFTY-II.NFO,12/08/2024,09:47:53,50777,50772.25,75,50781.8,60,15,256425
BANKNIFTY-II.NFO,12/08/2024,09:47:54,50777,50771.9,15,50780.45,60,0,256425
BANKNIFTY-II.NFO,12/08/2024,09:47:56,50780.15,50771.9,15,50780.2,75,15,256425
BANKNIFTY-II.NFO,12/08/2024,09:47:58,50780.15,50771.9,15,50773.95,75,0,256425
BANKNIFTY-II.NFO,12/08/2024,09:47:59,50771.9,50765.9,15,50770.25,75,15,256425
BANKNIFTY-II.NFO,12/08/2024,09:48:01,50770.25,50769.45,60,50779.5,60,75,256425
BANKNIFTY-II.NFO,12/08/2024,09:48:03,50770.25,50765.95,60,50776.4,45,0,256425
BANKNIFTY-II.NFO,12/08/2024,09:48:04,50770.25,50765.95,75,50775.65,75,0,256425
BANKNIFTY-II.NFO,12/08/2024,09:48:06,50770.25,50766.05,75,50774.75,75,0,256425
BANKNIFTY-II.NFO,12/08/2024,09:48:09,50770.25,50769.25,15,50774.75,75,0,256425
BANKNIFTY-II.NFO,12/08/2024,09:48:11,50770.25,50769.25,15,50774.75,90,0,256425
BANKNIFTY-II.NFO,12/08/2024,09:48:13,50770.25,50765.9,15,50771.55,75,0,256425
BANKNIFTY-II.NFO,12/08/2024,09:48:14,50770.25,50766.75,60,50771.55,75,0,256425
BANKNIFTY-II.NFO,12/08/2024,09:48:16,50771.55,50768.85,60,50779.9,60,75,256425
BANKNIFTY-II.NFO,12/08/2024,09:48:18,50771.55,50770.25,60,50779.9,45,0,256425
BANKNIFTY-II.NFO,12/08/2024,09:48:19,50771.55,50768.8,60,50779.65,45,0,256425
BANKNIFTY-II.NFO,12/08/2024,09:48:21,50771.55,50769.6,15,50776,15,0,256425
BANKNIFTY-II.NFO,12/08/2024,09:48:23,50771.55,50765.95,75,50775.5,75,0,256425
BANKNIFTY-II.NFO,12/08/2024,09:48:24,50771.55,50765.9,15,50772.9,60,0,256425
BANKNIFTY-II.NFO,12/08/2024,09:48:26,50771.55,50765.9,15,50769.2,45,0,256425
BANKNIFTY-II.NFO,12/08/2024,09:48:28,50765.9,50758.25,15,50764.85,45,15,256425
BANKNIFTY-II.NFO,12/08/2024,09:48:29,50765.9,50755.25,15,50761.95,60,0,256425
BANKNIFTY-II.NFO,12/08/2024,09:48:31,50761.55,50754.75,15,50761.55,30,15,256425
BANKNIFTY-II.NFO,12/08/2024,09:48:33,50761.55,50753.6,15,50761.4,60,0,256425
BANKNIFTY-II.NFO,12/08/2024,09:48:34,50757.3,50750.75,30,50760.85,75,30,256425
BANKNIFTY-II.NFO,12/08/2024,09:48:36,50757.3,50750.85,60,50760.15,90,0,256425
BANKNIFTY-II.NFO,12/08/2024,09:48:38,50757.3,50752.1,60,50760.15,75,0,256425
BANKNIFTY-II.NFO,12/08/2024,09:48:39,50757.3,50752.95,15,50758.75,75,0,256425
BANKNIFTY-II.NFO,12/08/2024,09:48:41,50758.75,50754.45,15,50760.3,15,75,256425
BANKNIFTY-II.NFO,12/08/2024,09:48:43,50757.3,50755.35,60,50765.15,15,15,256425
BANKNIFTY-II.NFO,12/08/2024,09:48:44,50757.3,50757.35,30,50766.05,15,0,256425
BANKNIFTY-II.NFO,12/08/2024,09:48:46,50757.3,50762.8,45,50771.45,15,0,256425
BANKNIFTY-II.NFO,12/08/2024,09:48:48,50757.3,50761.1,30,50770,15,0,256425
BANKNIFTY-II.NFO,12/08/2024,09:48:49,50757.3,50761.45,30,50770.9,150,0,256425
BANKNIFTY-II.NFO,12/08/2024,09:48:51,50757.3,50763.2,45,50772.1,15,0,256425
BANKNIFTY-II.NFO,12/08/2024,09:48:53,50757.3,50760.05,45,50769.7,75,0,256425
BANKNIFTY-II.NFO,12/08/2024,09:48:54,50757.3,50757.95,60,50767.95,90,0,256425
BANKNIFTY-II.NFO,12/08/2024,09:48:56,50757.3,50759.25,30,50769.4,30,0,256425
BANKNIFTY-II.NFO,12/08/2024,09:48:58,50757.3,50757.65,30,50766.85,90,0,256425
BANKNIFTY-II.NFO,12/08/2024,09:48:59,50757.3,50757.3,30,50764.65,30,0,256425
BANKNIFTY-II.NFO,12/08/2024,09:49:01,50757.3,50757.3,30,50764.05,15,0,256425
BANKNIFTY-II.NFO,12/08/2024,09:49:03,50757.3,50757.3,30,50764.85,15,0,256425
BANKNIFTY-II.NFO,12/08/2024,09:49:04,50757.3,50757.3,30,50765.4,15,0,256425
BANKNIFTY-II.NFO,12/08/2024,09:49:06,50757.3,50757.3,30,50764.8,15,0,256425
BANKNIFTY-II.NFO,12/08/2024,09:49:08,50757.3,50757.3,30,50763.8,15,0,256425
BANKNIFTY-II.NFO,12/08/2024,09:49:09,50757.3,50757.3,30,50763.5,75,0,256425
BANKNIFTY-II.NFO,12/08/2024,09:49:11,50757.3,50757.3,30,50761.7,15,0,256425
BANKNIFTY-II.NFO,12/08/2024,09:49:13,50757.3,50757.3,30,50761.25,15,0,256425
BANKNIFTY-II.NFO,12/08/2024,09:49:14,50759.95,50757.3,30,50760.85,90,75,257550
BANKNIFTY-II.NFO,12/08/2024,09:49:16,50758.75,50757.3,30,50758.7,75,15,257550
BANKNIFTY-II.NFO,12/08/2024,09:49:17,50757.3,50750,45,50756.75,75,15,257550
BANKNIFTY-II.NFO,12/08/2024,09:49:19,50750,50741.05,60,50749.9,90,45,257550
BANKNIFTY-II.NFO,12/08/2024,09:49:21,50750,50743.1,60,50750.6,75,0,257550
BANKNIFTY-II.NFO,12/08/2024,09:49:22,50750,50747.7,75,50756.5,75,0,257550
BANKNIFTY-II.NFO,12/08/2024,09:49:24,50756.5,50750.5,60,50759.5,75,15,257550
BANKNIFTY-II.NFO,12/08/2024,09:49:26,50756.5,50752.65,60,50756.5,15,0,257550
BANKNIFTY-II.NFO,12/08/2024,09:49:27,50756.5,50751.05,60,50756.5,15,0,257550
BANKNIFTY-II.NFO,12/08/2024,09:49:29,50756.5,50746.55,60,50755.6,75,0,257550
BANKNIFTY-II.NFO,12/08/2024,09:49:31,50756.5,50750,15,50752.4,60,0,257550
BANKNIFTY-II.NFO,12/08/2024,09:49:32,50750,50741.9,15,50750.85,15,15,257550
BANKNIFTY-II.NFO,12/08/2024,09:49:34,50750,50741.6,60,50749.8,75,0,257550
BANKNIFTY-II.NFO,12/08/2024,09:49:36,50750,50742.9,60,50749.3,75,0,257550
BANKNIFTY-II.NFO,12/08/2024,09:49:37,50750,50741.6,60,50749.15,75,0,257550
BANKNIFTY-II.NFO,12/08/2024,09:49:41,50750,50741.65,15,50749.15,135,0,257550
BANKNIFTY-II.NFO,12/08/2024,09:49:42,50750,50741.95,75,50749.15,75,0,257550
BANKNIFTY-II.NFO,12/08/2024,09:49:44,50750,50741.65,15,50749.15,75,0,257550
BANKNIFTY-II.NFO,12/08/2024,09:49:46,50750,50741.65,30,50748.05,75,0,257550
BANKNIFTY-II.NFO,12/08/2024,09:49:47,50743,50741.7,75,50749.35,75,15,257550
BANKNIFTY-II.NFO,12/08/2024,09:49:49,50743,50740.6,75,50749,75,0,257550
BANKNIFTY-II.NFO,12/08/2024,09:49:50,50743,50743.05,45,50751.1,75,0,257550
BANKNIFTY-II.NFO,12/08/2024,09:49:52,50743,50741.6,60,50749,75,0,257550
BANKNIFTY-II.NFO,12/08/2024,09:49:54,50743,50742.5,30,50747.3,15,0,257550
BANKNIFTY-II.NFO,12/08/2024,09:49:55,50747.3,50743,75,50751.75,60,15,257550
BANKNIFTY-II.NFO,12/08/2024,09:49:57,50747.3,50743.45,60,50751.7,75,0,257550
BANKNIFTY-II.NFO,12/08/2024,09:49:59,50747.3,50743.1,75,50751.55,75,0,257550
BANKNIFTY-II.NFO,12/08/2024,09:50:00,50747.3,50740,150,50746.45,75,0,257550
BANKNIFTY-II.NFO,12/08/2024,09:50:02,50746.15,50740,150,50746.4,15,45,257550
BANKNIFTY-II.NFO,12/08/2024,09:50:04,50746.15,50740,150,50745.25,15,0,257550
BANKNIFTY-II.NFO,12/08/2024,09:50:05,50747,50748,30,50750.1,15,45,257550
BANKNIFTY-II.NFO,12/08/2024,09:50:07,50747,50748,30,50752.65,15,0,257550
BANKNIFTY-II.NFO,12/08/2024,09:50:09,50747,50748,30,50750.9,15,0,257550
BANKNIFTY-II.NFO,12/08/2024,09:50:10,50747,50748,30,50753.95,15,0,257550
BANKNIFTY-II.NFO,12/08/2024,09:50:12,50747,50748,30,50753.65,30,0,257550
BANKNIFTY-II.NFO,12/08/2024,09:50:14,50747,50748,30,50753.95,30,0,257550
BANKNIFTY-II.NFO,12/08/2024,09:50:15,50749.75,50748,30,50754.5,90,15,257550
BANKNIFTY-II.NFO,12/08/2024,09:50:17,50749.75,50748,30,50754.5,75,0,257550
BANKNIFTY-II.NFO,12/08/2024,09:50:20,50749.75,50748,30,50756.25,30,0,257550
BANKNIFTY-II.NFO,12/08/2024,09:50:22,50749.75,50748,30,50756.3,75,0,257550
BANKNIFTY-II.NFO,12/08/2024,09:50:23,50749.75,50748,30,50756.3,90,0,257550
BANKNIFTY-II.NFO,12/08/2024,09:50:25,50749.75,50748,30,50756.25,45,0,257550
BANKNIFTY-II.NFO,12/08/2024,09:50:27,50749.75,50748,30,50756.3,75,0,257550
BANKNIFTY-II.NFO,12/08/2024,09:50:30,50749.75,50748,45,50756.3,75,0,257550
BANKNIFTY-II.NFO,12/08/2024,09:50:33,50749.75,50748,30,50752.35,75,0,257550
BANKNIFTY-II.NFO,12/08/2024,09:50:35,50749.75,50749.9,30,50752.95,165,0,257550
BANKNIFTY-II.NFO,12/08/2024,09:50:36,50749.9,50746.15,15,50750.3,30,30,257550
BANKNIFTY-II.NFO,12/08/2024,09:50:38,50749.9,50743,15,50748.2,75,0,257550
BANKNIFTY-II.NFO,12/08/2024,09:50:40,50749.9,50743,15,50748.2,90,0,257550
BANKNIFTY-II.NFO,12/08/2024,09:50:41,50741.6,50740,120,50743.9,165,30,257550
BANKNIFTY-II.NFO,12/08/2024,09:50:43,50737,50730,120,50737.15,75,135,257550
BANKNIFTY-II.NFO,12/08/2024,09:50:45,50727,50725,15,50729.7,75,135,257550
BANKNIFTY-II.NFO,12/08/2024,09:50:46,50729.7,50725,15,50729.6,30,15,257550
BANKNIFTY-II.NFO,12/08/2024,09:50:48,50717,50711.25,30,50717.6,75,60,257550
BANKNIFTY-II.NFO,12/08/2024,09:50:50,50715.1,50710,15,50718.05,225,105,257550
BANKNIFTY-II.NFO,12/08/2024,09:50:51,50717.5,50717.15,75,50723.85,75,15,257550
BANKNIFTY-II.NFO,12/08/2024,09:50:53,50717.5,50712.75,30,50720.35,75,0,257550
BANKNIFTY-II.NFO,12/08/2024,09:50:55,50720.35,50716.65,60,50727.6,15,45,257550
BANKNIFTY-II.NFO,12/08/2024,09:50:56,50720.35,50719.45,75,50731.15,30,0,257550
BANKNIFTY-II.NFO,12/08/2024,09:50:58,50713.45,50716.5,75,50728,45,30,257550
BANKNIFTY-II.NFO,12/08/2024,09:51:00,50720.1,50717.15,75,50726.7,75,45,257550
BANKNIFTY-II.NFO,12/08/2024,09:51:01,50720.1,50717,15,50726.45,45,0,257550
BANKNIFTY-II.NFO,12/08/2024,09:51:03,50720.1,50717.05,60,50728.2,45,0,257550
BANKNIFTY-II.NFO,12/08/2024,09:51:05,50728.15,50722.05,60,50733.4,60,45,257550
BANKNIFTY-II.NFO,12/08/2024,09:51:06,50733.4,50724.25,30,50732.75,30,15,257550
BANKNIFTY-II.NFO,12/08/2024,09:51:08,50737.2,50727.3,60,50737.2,30,15,257550
BANKNIFTY-II.NFO,12/08/2024,09:51:10,50737.2,50722.3,60,50733,15,0,257550
BANKNIFTY-II.NFO,12/08/2024,09:51:12,50737.2,50726.6,45,50736.6,15,0,257550
BANKNIFTY-II.NFO,12/08/2024,09:51:13,50737.2,50727.05,45,50737.15,15,0,257550
BANKNIFTY-II.NFO,12/08/2024,09:51:15,50737.2,50718.3,60,50730.8,15,0,257550
BANKNIFTY-II.NFO,12/08/2024,09:51:16,50728.9,50719.6,15,50729,30,15,257550
BANKNIFTY-II.NFO,12/08/2024,09:51:18,50723.5,50721.95,15,50732.5,15,45,257550
BANKNIFTY-II.NFO,12/08/2024,09:51:20,50723.5,50718.9,75,50729.85,30,0,257550
BANKNIFTY-II.NFO,12/08/2024,09:51:21,50723.5,50720.25,75,50730,15,0,257550
BANKNIFTY-II.NFO,12/08/2024,09:51:23,50727.1,50723.5,30,50731.45,45,15,257550
BANKNIFTY-II.NFO,12/08/2024,09:51:25,50727.1,50723.5,30,50728.35,60,0,257550
