Ticker,Date,Time,LTP,BuyPrice,BuyQty,SellPrice,SellQty,LTQ,OpenInterest
BANKNIFTY-III.NFO,27/11/2024,09:15:04,52725.1,52715.1,15,52723.5,150,120,161325
BANKNIFTY-III.NFO,27/11/2024,09:15:04,52721.75,52715.1,15,52723.5,150,0,161325
BANKNIFTY-III.NFO,27/11/2024,09:15:04,52725.15,52715.1,15,52723.5,150,0,161325
BANKNIFTY-III.NFO,27/11/2024,09:15:04,52721.75,52715.1,15,52723.5,150,0,161325
BANKNIFTY-III.NFO,27/11/2024,09:15:05,52701.05,52706.15,15,52709.85,150,45,161325
BANKNIFTY-III.NFO,27/11/2024,09:15:05,52701.05,52706.15,15,52709.85,150,0,161325
BANKNIFTY-III.NFO,27/11/2024,09:15:07,52722.55,52709.3,30,52727.65,15,45,161325
BANKNIFTY-III.NFO,27/11/2024,09:15:09,52722.55,52705.45,30,52723.2,150,0,161325
BANKNIFTY-III.NFO,27/11/2024,09:15:10,52722.55,52712.05,60,52730,30,0,161325
BANKNIFTY-III.NFO,27/11/2024,09:15:12,52722.55,52712.05,60,52726.9,150,0,161325
BANKNIFTY-III.NFO,27/11/2024,09:15:13,52712.05,52712.05,60,52728.4,30,30,161325
BANKNIFTY-III.NFO,27/11/2024,09:15:15,52715.65,52712,195,52714.25,150,15,161325
BANKNIFTY-III.NFO,27/11/2024,09:15:17,52710.35,52701.05,15,52710.35,15,210,161325
BANKNIFTY-III.NFO,27/11/2024,09:15:18,52699.45,52677.25,60,52699.2,45,285,161325
BANKNIFTY-III.NFO,27/11/2024,09:15:18,52668.45,52677.25,60,52699.2,45,0,161325
BANKNIFTY-III.NFO,27/11/2024,09:15:20,52699,52704,15,52714.35,120,90,161325
BANKNIFTY-III.NFO,27/11/2024,09:15:21,52706.8,52706.15,60,52720.2,105,45,161325
BANKNIFTY-III.NFO,27/11/2024,09:15:23,52716.5,52704,15,52704.05,30,30,161325
BANKNIFTY-III.NFO,27/11/2024,09:15:25,52729.05,52729.05,15,52737.3,30,285,161325
BANKNIFTY-III.NFO,27/11/2024,09:15:25,52729.05,52729.05,15,52737.3,30,0,161325
BANKNIFTY-III.NFO,27/11/2024,09:15:26,52724.8,52718.2,15,52736.45,30,45,161325
BANKNIFTY-III.NFO,27/11/2024,09:15:28,52721.55,52720.15,15,52734.45,15,45,161325
BANKNIFTY-III.NFO,27/11/2024,09:15:28,52736.45,52720.15,15,52734.45,15,0,161325
BANKNIFTY-III.NFO,27/11/2024,09:15:30,52724.9,52724.8,30,52724.9,15,45,161325
BANKNIFTY-III.NFO,27/11/2024,09:15:31,52724.9,52731.55,15,52740.6,30,15,161325
BANKNIFTY-III.NFO,27/11/2024,09:15:33,52736.4,52724.8,15,52735.85,150,30,161325
BANKNIFTY-III.NFO,27/11/2024,09:15:34,52735.8,52724.85,15,52737.75,150,15,161325
BANKNIFTY-III.NFO,27/11/2024,09:15:36,52724.85,52720.15,15,52727.95,150,45,161325
BANKNIFTY-III.NFO,27/11/2024,09:15:38,52727.8,52720.85,15,52728.95,15,75,161325
BANKNIFTY-III.NFO,27/11/2024,09:15:39,52727.8,52728.95,15,52732.5,15,0,161325
BANKNIFTY-III.NFO,27/11/2024,09:15:41,52731.65,52712.25,75,52731.75,15,30,161325
BANKNIFTY-III.NFO,27/11/2024,09:15:42,52733.85,52721.4,15,52730.85,30,30,161325
BANKNIFTY-III.NFO,27/11/2024,09:15:44,52731.2,52711.4,15,52724.7,150,15,161325
BANKNIFTY-III.NFO,27/11/2024,09:15:46,52718.3,52711.5,60,52718.3,15,30,161325
BANKNIFTY-III.NFO,27/11/2024,09:15:47,52732.4,52718.35,60,52733.75,75,30,161325
BANKNIFTY-III.NFO,27/11/2024,09:15:49,52731.7,52718.4,15,52733.2,15,30,161325
BANKNIFTY-III.NFO,27/11/2024,09:15:51,52733.85,52718.45,75,52735.8,75,15,161325
BANKNIFTY-III.NFO,27/11/2024,09:15:52,52733.85,52724,15,52735.75,15,0,161325
BANKNIFTY-III.NFO,27/11/2024,09:15:54,52733.85,52724.05,15,52739.05,165,0,161325
BANKNIFTY-III.NFO,27/11/2024,09:15:55,52733.85,52728.25,15,52735.7,15,0,161325
BANKNIFTY-III.NFO,27/11/2024,09:15:57,52733.85,52733.85,60,52736.2,15,0,161325
BANKNIFTY-III.NFO,27/11/2024,09:15:59,52733.85,52721.5,15,52734.45,15,75,161325
BANKNIFTY-III.NFO,27/11/2024,09:16:00,52736.85,52733.85,15,52743.5,75,30,161625
BANKNIFTY-III.NFO,27/11/2024,09:16:00,52736.85,52733.85,15,52743.5,75,0,161625
BANKNIFTY-III.NFO,27/11/2024,09:16:02,52736.85,52737.7,15,52749.55,75,0,161625
BANKNIFTY-III.NFO,27/11/2024,09:16:04,52749.75,52733.85,15,52747.95,75,15,161625
BANKNIFTY-III.NFO,27/11/2024,09:16:04,52749.75,52733.85,15,52747.95,75,0,161625
BANKNIFTY-III.NFO,27/11/2024,09:16:05,52749.75,52736.8,60,52756,75,0,161625
BANKNIFTY-III.NFO,27/11/2024,09:16:07,52749.75,52741.5,105,52759.15,90,0,161625
BANKNIFTY-III.NFO,27/11/2024,09:16:08,52749.75,52744,15,52756.4,75,0,161625
BANKNIFTY-III.NFO,27/11/2024,09:16:10,52749.75,52744.95,60,52762.65,75,0,161625
BANKNIFTY-III.NFO,27/11/2024,09:16:11,52749.75,52751.65,60,52764.85,75,0,161625
BANKNIFTY-III.NFO,27/11/2024,09:16:13,52760.7,52751.55,15,52761.2,75,30,161625
BANKNIFTY-III.NFO,27/11/2024,09:16:13,52762.25,52751.55,15,52761.2,75,0,161625
BANKNIFTY-III.NFO,27/11/2024,09:16:15,52758.65,52751.55,15,52758.7,75,45,161625
BANKNIFTY-III.NFO,27/11/2024,09:16:16,52767.5,52758.7,15,52766.05,75,60,161625
BANKNIFTY-III.NFO,27/11/2024,09:16:16,52768.4,52758.7,15,52766.05,75,0,161625
BANKNIFTY-III.NFO,27/11/2024,09:16:18,52764.5,52760.6,15,52766.8,75,30,161625
BANKNIFTY-III.NFO,27/11/2024,09:16:19,52763.45,52760.65,15,52762.8,75,45,161625
BANKNIFTY-III.NFO,27/11/2024,09:16:21,52762.6,52749.05,60,52763.3,45,60,161625
BANKNIFTY-III.NFO,27/11/2024,09:16:23,52762.55,52751.6,15,52762.35,150,45,161625
BANKNIFTY-III.NFO,27/11/2024,09:16:24,52762.65,52756.65,15,52761.45,150,30,161625
BANKNIFTY-III.NFO,27/11/2024,09:16:26,52768.1,52761.65,15,52768.15,75,30,161625
BANKNIFTY-III.NFO,27/11/2024,09:16:28,52768.1,52761.75,60,52774.85,150,0,161625
BANKNIFTY-III.NFO,27/11/2024,09:16:29,52768.1,52761.85,60,52776.45,30,0,161625
BANKNIFTY-III.NFO,27/11/2024,09:16:31,52768.1,52770.35,60,52784.95,30,0,161625
BANKNIFTY-III.NFO,27/11/2024,09:16:32,52768.1,52771.75,15,52781.15,150,0,161625
BANKNIFTY-III.NFO,27/11/2024,09:16:34,52777.65,52771.8,15,52780.1,150,30,161625
BANKNIFTY-III.NFO,27/11/2024,09:16:34,52777.65,52771.8,15,52780.1,150,0,161625
BANKNIFTY-III.NFO,27/11/2024,09:16:36,52777.75,52771.8,15,52776.15,135,15,161625
BANKNIFTY-III.NFO,27/11/2024,09:16:36,52777.75,52771.8,15,52776.15,135,0,161625
BANKNIFTY-III.NFO,27/11/2024,09:16:37,52766.75,52758,60,52777,30,60,161625
BANKNIFTY-III.NFO,27/11/2024,09:16:39,52777.7,52766.7,15,52774.55,90,15,161625
BANKNIFTY-III.NFO,27/11/2024,09:16:40,52759.1,52762.35,60,52775.7,75,45,161625
BANKNIFTY-III.NFO,27/11/2024,09:16:42,52775.65,52763.2,60,52776.95,75,15,161625
BANKNIFTY-III.NFO,27/11/2024,09:16:44,52775.65,52765.9,15,52776.9,105,0,161625
BANKNIFTY-III.NFO,27/11/2024,09:16:45,52773.1,52763.7,15,52775.85,75,30,161625
BANKNIFTY-III.NFO,27/11/2024,09:16:47,52772.45,52763.45,15,52775.7,45,30,161625
BANKNIFTY-III.NFO,27/11/2024,09:16:49,52775.25,52764.6,15,52775.35,30,75,161625
BANKNIFTY-III.NFO,27/11/2024,09:16:50,52775.25,52765.5,15,52774.9,75,0,161625
BANKNIFTY-III.NFO,27/11/2024,09:16:52,52777,52774.9,15,52777.9,75,15,161625
BANKNIFTY-III.NFO,27/11/2024,09:16:53,52774.9,52766.25,15,52776.8,150,45,161625
BANKNIFTY-III.NFO,27/11/2024,09:16:55,52774.9,52769.45,15,52775.95,75,0,161625
BANKNIFTY-III.NFO,27/11/2024,09:16:57,52774.9,52775.95,15,52779.7,75,0,161625
BANKNIFTY-III.NFO,27/11/2024,09:16:58,52790.4,52782.8,15,52788.6,75,15,161625
BANKNIFTY-III.NFO,27/11/2024,09:16:58,52790.4,52782.8,15,52788.6,75,0,161625
BANKNIFTY-III.NFO,27/11/2024,09:17:00,52788.55,52782.85,15,52784.95,75,30,161625
BANKNIFTY-III.NFO,27/11/2024,09:17:02,52788.55,52782.85,15,52785.45,75,0,161625
BANKNIFTY-III.NFO,27/11/2024,09:17:03,52791.75,52787,15,52789.1,75,15,161625
BANKNIFTY-III.NFO,27/11/2024,09:17:03,52791.75,52787,15,52789.1,75,0,161625
BANKNIFTY-III.NFO,27/11/2024,09:17:05,52789.45,52789.5,15,52796.65,75,30,161625
BANKNIFTY-III.NFO,27/11/2024,09:17:06,52789.55,52789.5,15,52799,45,15,161625
BANKNIFTY-III.NFO,27/11/2024,09:17:08,52796.7,52787.3,15,52797.15,150,30,161625
BANKNIFTY-III.NFO,27/11/2024,09:17:08,52796.7,52787.3,15,52797.15,150,0,161625
BANKNIFTY-III.NFO,27/11/2024,09:17:10,52797.15,52796.6,15,52799,15,15,161625
BANKNIFTY-III.NFO,27/11/2024,09:17:10,52797.15,52796.6,15,52799,15,0,161625
BANKNIFTY-III.NFO,27/11/2024,09:17:11,52797.15,52797.65,15,52799,15,0,161625
BANKNIFTY-III.NFO,27/11/2024,09:17:13,52795.85,52780.05,75,52795.1,150,45,161625
BANKNIFTY-III.NFO,27/11/2024,09:17:13,52797.65,52780.05,75,52795.1,150,0,161625
BANKNIFTY-III.NFO,27/11/2024,09:17:15,52795.85,52780.7,15,52791.25,150,0,161625
BANKNIFTY-III.NFO,27/11/2024,09:17:16,52795.85,52780.85,15,52790.95,150,0,161625
BANKNIFTY-III.NFO,27/11/2024,09:17:18,52792.6,52782.45,15,52791.85,150,15,161625
BANKNIFTY-III.NFO,27/11/2024,09:17:19,52792.6,52786.85,15,52796.4,150,0,161625
BANKNIFTY-III.NFO,27/11/2024,09:17:21,52792.6,52790.75,15,52795.4,150,0,161625
BANKNIFTY-III.NFO,27/11/2024,09:17:23,52793.9,52786.45,15,52793.4,150,15,161625
BANKNIFTY-III.NFO,27/11/2024,09:17:24,52793.9,52785.75,15,52792.15,150,0,161625
BANKNIFTY-III.NFO,27/11/2024,09:17:26,52793.9,52789.3,15,52795.1,75,0,161625
BANKNIFTY-III.NFO,27/11/2024,09:17:27,52794,52788.55,15,52793.85,150,15,161625
BANKNIFTY-III.NFO,27/11/2024,09:17:29,52794.7,52788,15,52792.35,150,45,161625
BANKNIFTY-III.NFO,27/11/2024,09:17:31,52792.7,52788.15,15,52792.7,60,45,161625
BANKNIFTY-III.NFO,27/11/2024,09:17:32,52792.7,52795.25,15,52799,15,0,161625
BANKNIFTY-III.NFO,27/11/2024,09:17:34,52799.7,52789.8,15,52796.05,150,30,161625
BANKNIFTY-III.NFO,27/11/2024,09:17:34,52799.7,52789.8,15,52796.05,150,0,161625
BANKNIFTY-III.NFO,27/11/2024,09:17:36,52792.45,52792.5,15,52796.1,150,15,161625
BANKNIFTY-III.NFO,27/11/2024,09:17:37,52792,52797.25,15,52800,90,15,161625
BANKNIFTY-III.NFO,27/11/2024,09:17:39,52798.7,52796.45,15,52797.9,150,45,161625
BANKNIFTY-III.NFO,27/11/2024,09:17:40,52797.9,52793.05,15,52800,90,15,161625
BANKNIFTY-III.NFO,27/11/2024,09:17:42,52798.5,52799.75,15,52800,90,15,161625
BANKNIFTY-III.NFO,27/11/2024,09:17:44,52798.5,52799.75,15,52800,90,0,161625
BANKNIFTY-III.NFO,27/11/2024,09:17:45,52800,52799.75,15,52800,15,75,161625
BANKNIFTY-III.NFO,27/11/2024,09:17:45,52800,52799.75,15,52800,15,0,161625
BANKNIFTY-III.NFO,27/11/2024,09:17:47,52800.1,52800,15,52803.3,15,30,161625
BANKNIFTY-III.NFO,27/11/2024,09:17:47,52800.1,52800,15,52803.3,15,0,161625
BANKNIFTY-III.NFO,27/11/2024,09:17:49,52800,52792,30,52797.1,150,15,161625
BANKNIFTY-III.NFO,27/11/2024,09:17:50,52794.4,52792,30,52793.9,150,30,161625
BANKNIFTY-III.NFO,27/11/2024,09:17:52,52793.35,52787,15,52793.95,120,75,161625
BANKNIFTY-III.NFO,27/11/2024,09:17:53,52791.7,52781.75,15,52788.7,105,75,161625
BANKNIFTY-III.NFO,27/11/2024,09:17:55,52788.4,52787.5,15,52787.65,75,30,161625
BANKNIFTY-III.NFO,27/11/2024,09:17:57,52787.5,52780.75,15,52787.85,105,15,161625
BANKNIFTY-III.NFO,27/11/2024,09:17:58,52791.75,52787.85,15,52791,105,15,161625
BANKNIFTY-III.NFO,27/11/2024,09:18:00,52791.35,52788.75,15,52797.85,75,15,161625
BANKNIFTY-III.NFO,27/11/2024,09:18:02,52791.35,52788.8,15,52792.95,15,0,161625
BANKNIFTY-III.NFO,27/11/2024,09:18:03,52788.7,52781.7,15,52788.75,75,60,161625
BANKNIFTY-III.NFO,27/11/2024,09:18:05,52788.7,52780,30,52785.05,30,0,161625
BANKNIFTY-III.NFO,27/11/2024,09:18:06,52791.65,52785.05,15,52792.25,105,45,161625
BANKNIFTY-III.NFO,27/11/2024,09:18:08,52792.75,52789,15,52794.85,45,45,161625
BANKNIFTY-III.NFO,27/11/2024,09:18:10,52795.9,52789.2,15,52795.15,30,15,161625
BANKNIFTY-III.NFO,27/11/2024,09:18:11,52795.6,52789.5,15,52796.1,30,15,161625
BANKNIFTY-III.NFO,27/11/2024,09:18:13,52800.8,52789.55,15,52796.7,30,15,161625
BANKNIFTY-III.NFO,27/11/2024,09:18:13,52800.8,52789.55,15,52796.7,30,0,161625
BANKNIFTY-III.NFO,27/11/2024,09:18:14,52795.7,52789.55,15,52793.35,15,15,161625
BANKNIFTY-III.NFO,27/11/2024,09:18:16,52792.4,52789.55,15,52796.95,90,15,161625
BANKNIFTY-III.NFO,27/11/2024,09:18:18,52789.55,52788,15,52791.75,75,45,161625
BANKNIFTY-III.NFO,27/11/2024,09:18:19,52792.8,52788,15,52793.65,75,15,161625
BANKNIFTY-III.NFO,27/11/2024,09:18:21,52793.5,52788,15,52793,45,45,161625
BANKNIFTY-III.NFO,27/11/2024,09:18:23,52785,52780,15,52785.25,150,45,161625
BANKNIFTY-III.NFO,27/11/2024,09:18:24,52785.4,52780,15,52788.85,75,30,161625
BANKNIFTY-III.NFO,27/11/2024,09:18:26,52785.4,52780,15,52784.95,30,0,161625
BANKNIFTY-III.NFO,27/11/2024,09:18:28,52785.4,52780,15,52786.9,150,0,161625
BANKNIFTY-III.NFO,27/11/2024,09:18:29,52784.25,52780,15,52784.7,30,15,161625
BANKNIFTY-III.NFO,27/11/2024,09:18:31,52786,52784.7,15,52786.45,15,15,161625
BANKNIFTY-III.NFO,27/11/2024,09:18:33,52786,52784.7,15,52788.25,300,0,161625
BANKNIFTY-III.NFO,27/11/2024,09:18:34,52784.7,52780,15,52783.75,15,15,161625
BANKNIFTY-III.NFO,27/11/2024,09:18:36,52780,52775,15,52779.8,15,15,161625
BANKNIFTY-III.NFO,27/11/2024,09:18:38,52778.35,52775,15,52780.65,15,15,161625
BANKNIFTY-III.NFO,27/11/2024,09:18:39,52778.35,52775,15,52777.35,150,0,161625
BANKNIFTY-III.NFO,27/11/2024,09:18:41,52778.35,52775,15,52776.45,15,0,161625
BANKNIFTY-III.NFO,27/11/2024,09:18:43,52775,52761.3,75,52775.8,15,15,161625
BANKNIFTY-III.NFO,27/11/2024,09:18:44,52775,52762.05,15,52773.15,15,0,161625
BANKNIFTY-III.NFO,27/11/2024,09:18:46,52775,52762.35,60,52775.1,15,0,161625
BANKNIFTY-III.NFO,27/11/2024,09:18:48,52775,52768.05,15,52776.6,15,0,161625
BANKNIFTY-III.NFO,27/11/2024,09:18:49,52775.15,52768.1,15,52775.15,120,30,161625
BANKNIFTY-III.NFO,27/11/2024,09:18:51,52775.15,52768.25,15,52777.75,15,0,161625
BANKNIFTY-III.NFO,27/11/2024,09:18:53,52775.15,52768.35,15,52778.65,150,0,161625
BANKNIFTY-III.NFO,27/11/2024,09:18:54,52775.15,52760.65,15,52772.4,150,0,161625
BANKNIFTY-III.NFO,27/11/2024,09:18:56,52775.15,52765.1,75,52776.95,15,0,161625
BANKNIFTY-III.NFO,27/11/2024,09:18:58,52775.15,52775.15,15,52780.2,150,0,161625
BANKNIFTY-III.NFO,27/11/2024,09:18:59,52775.15,52775.15,15,52783.45,150,0,161625
BANKNIFTY-III.NFO,27/11/2024,09:19:01,52775.15,52775.2,60,52785.85,75,0,161625
BANKNIFTY-III.NFO,27/11/2024,09:19:03,52775.15,52782.05,75,52793,150,0,161625
BANKNIFTY-III.NFO,27/11/2024,09:19:04,52775.15,52782.8,60,52793.05,150,0,161625
BANKNIFTY-III.NFO,27/11/2024,09:19:06,52775.15,52782.15,60,52794.7,15,0,161625
BANKNIFTY-III.NFO,27/11/2024,09:19:08,52794.7,52782.2,60,52800.75,45,15,161955
BANKNIFTY-III.NFO,27/11/2024,09:19:09,52794.7,52785,60,52803.3,60,0,161955
BANKNIFTY-III.NFO,27/11/2024,09:19:11,52800.1,52791.8,60,52801.4,135,15,161955
BANKNIFTY-III.NFO,27/11/2024,09:19:13,52800.1,52789.9,60,52803.3,15,0,161955
BANKNIFTY-III.NFO,27/11/2024,09:19:14,52797.1,52786.4,60,52797.35,120,15,161955
BANKNIFTY-III.NFO,27/11/2024,09:19:16,52796.3,52786.35,15,52793.9,105,30,161955
BANKNIFTY-III.NFO,27/11/2024,09:19:18,52788.75,52782.15,15,52789.9,75,15,161955
BANKNIFTY-III.NFO,27/11/2024,09:19:19,52788.75,52782.15,15,52789.65,90,0,161955
BANKNIFTY-III.NFO,27/11/2024,09:19:21,52792.45,52782.2,60,52793.6,60,30,161955
BANKNIFTY-III.NFO,27/11/2024,09:19:23,52792.45,52782.15,15,52790.65,150,60,161955
BANKNIFTY-III.NFO,27/11/2024,09:19:24,52789.15,52782.1,15,52789.85,60,15,161955
BANKNIFTY-III.NFO,27/11/2024,09:19:26,52789.15,52780.7,15,52788.1,60,0,161955
BANKNIFTY-III.NFO,27/11/2024,09:19:28,52789.15,52780.75,15,52786.15,75,0,161955
BANKNIFTY-III.NFO,27/11/2024,09:19:29,52789.15,52775,15,52787.2,75,0,161955
BANKNIFTY-III.NFO,27/11/2024,09:19:31,52789.15,52775.05,60,52792.6,75,0,161955
BANKNIFTY-III.NFO,27/11/2024,09:19:33,52789.15,52773.45,60,52791.65,105,0,161955
BANKNIFTY-III.NFO,27/11/2024,09:19:34,52789.15,52767.45,60,52784.45,150,0,161955
BANKNIFTY-III.NFO,27/11/2024,09:19:36,52788.9,52767.1,60,52786.4,105,30,161955
BANKNIFTY-III.NFO,27/11/2024,09:19:38,52788.9,52769.1,75,52788.4,120,0,161955
BANKNIFTY-III.NFO,27/11/2024,09:19:39,52788.9,52770.5,60,52788.95,120,0,161955
BANKNIFTY-III.NFO,27/11/2024,09:19:41,52788.9,52776.6,15,52785.2,75,0,161955
BANKNIFTY-III.NFO,27/11/2024,09:19:42,52788.9,52776.6,15,52784.2,75,0,161955
BANKNIFTY-III.NFO,27/11/2024,09:19:44,52781.2,52775.9,15,52784.35,75,15,161955
BANKNIFTY-III.NFO,27/11/2024,09:19:46,52781.2,52771.7,15,52783.6,75,0,161955
BANKNIFTY-III.NFO,27/11/2024,09:19:47,52781.2,52771.7,15,52785,75,0,161955
BANKNIFTY-III.NFO,27/11/2024,09:19:49,52781.2,52780.55,15,52787.6,60,0,161955
BANKNIFTY-III.NFO,27/11/2024,09:19:51,52781.2,52779.85,15,52791.45,60,0,161955
BANKNIFTY-III.NFO,27/11/2024,09:19:52,52781.2,52778.7,75,52793.75,75,0,161955
BANKNIFTY-III.NFO,27/11/2024,09:19:54,52781.2,52788.4,15,52798.35,60,0,161955
BANKNIFTY-III.NFO,27/11/2024,09:19:55,52781.2,52791.7,60,52799,15,0,161955
BANKNIFTY-III.NFO,27/11/2024,09:19:57,52803.3,52799,15,52806,30,75,161955
BANKNIFTY-III.NFO,27/11/2024,09:19:57,52803.3,52799,15,52806,30,0,161955
BANKNIFTY-III.NFO,27/11/2024,09:19:59,52806,52799,15,52806,15,15,161955
BANKNIFTY-III.NFO,27/11/2024,09:19:59,52806,52799,15,52806,15,0,161955
BANKNIFTY-III.NFO,27/11/2024,09:20:00,52806,52803.3,15,52808,15,15,161955
BANKNIFTY-III.NFO,27/11/2024,09:20:02,52808,52803.4,60,52815.9,75,15,161955
BANKNIFTY-III.NFO,27/11/2024,09:20:02,52808,52803.4,60,52815.9,75,0,161955
BANKNIFTY-III.NFO,27/11/2024,09:20:04,52808,52803.5,75,52822.35,45,0,161955
BANKNIFTY-III.NFO,27/11/2024,09:20:05,52808,52808.95,75,52826.25,15,0,161955
BANKNIFTY-III.NFO,27/11/2024,09:20:07,52808,52812.3,75,52829.75,195,0,161955
BANKNIFTY-III.NFO,27/11/2024,09:20:09,52808,52812.4,60,52830.2,60,0,161955
BANKNIFTY-III.NFO,27/11/2024,09:20:10,52824.1,52812.5,60,52823.9,105,60,161955
BANKNIFTY-III.NFO,27/11/2024,09:20:10,52824.1,52812.5,60,52823.9,105,0,161955
BANKNIFTY-III.NFO,27/11/2024,09:20:12,52824.1,52818.75,60,52827.15,60,0,161955
BANKNIFTY-III.NFO,27/11/2024,09:20:14,52829.65,52818.8,30,52828.8,300,45,161955
BANKNIFTY-III.NFO,27/11/2024,09:20:14,52829.7,52818.8,30,52828.8,300,0,161955
BANKNIFTY-III.NFO,27/11/2024,09:20:15,52822.95,52818.8,15,52824.15,105,15,161955
BANKNIFTY-III.NFO,27/11/2024,09:20:17,52818.05,52803.35,60,52818.4,90,15,161955
BANKNIFTY-III.NFO,27/11/2024,09:20:19,52821.1,52804.75,75,52823,75,30,161955
BANKNIFTY-III.NFO,27/11/2024,09:20:20,52821.1,52811.95,60,52830.3,75,0,161955
BANKNIFTY-III.NFO,27/11/2024,09:20:22,52821.1,52813.95,60,52834.65,30,0,161955
BANKNIFTY-III.NFO,27/11/2024,09:20:23,52838.35,52831.6,60,52838.35,15,15,161955
BANKNIFTY-III.NFO,27/11/2024,09:20:23,52838.35,52831.6,60,52838.35,15,0,161955
BANKNIFTY-III.NFO,27/11/2024,09:20:25,52854.55,52863.3,75,52881.3,15,90,161955
BANKNIFTY-III.NFO,27/11/2024,09:20:25,52854.55,52863.3,75,52881.3,15,0,161955
BANKNIFTY-III.NFO,27/11/2024,09:20:27,52854.55,52863.35,15,52873.3,180,0,161955
BANKNIFTY-III.NFO,27/11/2024,09:20:28,52863.45,52863.4,15,52869,15,60,161955
BANKNIFTY-III.NFO,27/11/2024,09:20:28,52863.45,52863.4,15,52869,15,0,161955
BANKNIFTY-III.NFO,27/11/2024,09:20:30,52863.45,52863.4,15,52869,15,0,161955
BANKNIFTY-III.NFO,27/11/2024,09:20:33,52826.65,52851.75,15,52869,45,60,161955
BANKNIFTY-III.NFO,27/11/2024,09:20:35,52826.65,52846.05,15,52864.65,150,0,161955
BANKNIFTY-III.NFO,27/11/2024,09:20:37,52850.55,52851.65,15,52869,45,15,161955
BANKNIFTY-III.NFO,27/11/2024,09:20:38,52850.55,52856.3,15,52869,90,0,161955
BANKNIFTY-III.NFO,27/11/2024,09:20:40,52869,52856.95,15,52869,45,15,161955
BANKNIFTY-III.NFO,27/11/2024,09:20:40,52869,52856.95,15,52869,45,0,161955
BANKNIFTY-III.NFO,27/11/2024,09:20:42,52869,52869.05,15,52875,15,45,161955
BANKNIFTY-III.NFO,27/11/2024,09:20:43,52875,52869.15,15,52880.65,120,15,161955
BANKNIFTY-III.NFO,27/11/2024,09:20:43,52875,52869.15,15,52880.65,120,0,161955
BANKNIFTY-III.NFO,27/11/2024,09:20:45,52875,52870.25,15,52879.95,120,0,161955
BANKNIFTY-III.NFO,27/11/2024,09:20:47,52875,52874.65,15,52886,15,0,161955
BANKNIFTY-III.NFO,27/11/2024,09:20:48,52875,52877.5,15,52886,15,0,161955
BANKNIFTY-III.NFO,27/11/2024,09:20:50,52882.95,52882.95,15,52884.65,90,15,161955
BANKNIFTY-III.NFO,27/11/2024,09:20:50,52882.95,52882.95,15,52884.65,90,0,161955
BANKNIFTY-III.NFO,27/11/2024,09:20:51,52882.95,52877.75,15,52882.6,90,15,161955
BANKNIFTY-III.NFO,27/11/2024,09:20:53,52870.5,52882.6,15,52886,15,30,161955
BANKNIFTY-III.NFO,27/11/2024,09:20:55,52882.6,52872.35,15,52874.6,15,30,161955
BANKNIFTY-III.NFO,27/11/2024,09:20:55,52883,52872.35,15,52874.6,15,0,161955
BANKNIFTY-III.NFO,27/11/2024,09:20:56,52869,52869,15,52882,135,15,161955
BANKNIFTY-III.NFO,27/11/2024,09:20:58,52869,52871.8,15,52882,135,0,161955
BANKNIFTY-III.NFO,27/11/2024,09:21:00,52875.6,52877.1,15,52882,135,30,161955
BANKNIFTY-III.NFO,27/11/2024,09:21:01,52882.95,52882,15,52886,15,150,161955
BANKNIFTY-III.NFO,27/11/2024,09:21:03,52882,52881.5,15,52886,15,75,161955
BANKNIFTY-III.NFO,27/11/2024,09:21:05,52878.35,52870,15,52885.7,90,30,161955
BANKNIFTY-III.NFO,27/11/2024,09:21:06,52878.35,52870,15,52883.3,75,0,161955
BANKNIFTY-III.NFO,27/11/2024,09:21:08,52878.35,52870,15,52879.4,60,0,161955
BANKNIFTY-III.NFO,27/11/2024,09:21:10,52878.15,52870,15,52877.1,30,120,161955
BANKNIFTY-III.NFO,27/11/2024,09:21:11,52869,52868.25,15,52878.1,45,30,161955
BANKNIFTY-III.NFO,27/11/2024,09:21:13,52878.1,52867.75,15,52875.1,30,15,161955
BANKNIFTY-III.NFO,27/11/2024,09:21:14,52868.85,52866.1,15,52873.95,30,45,161955
BANKNIFTY-III.NFO,27/11/2024,09:21:16,52868.85,52870,15,52874.65,15,0,161955
BANKNIFTY-III.NFO,27/11/2024,09:21:18,52868.85,52870,15,52873.85,15,0,161955
BANKNIFTY-III.NFO,27/11/2024,09:21:19,52870,52855.85,15,52870.9,60,15,161955
BANKNIFTY-III.NFO,27/11/2024,09:21:21,52870,52855.35,15,52871.75,90,0,161955
BANKNIFTY-III.NFO,27/11/2024,09:21:23,52870.65,52853.35,15,52863.85,150,15,161955
BANKNIFTY-III.NFO,27/11/2024,09:21:24,52870.65,52853.3,15,52860.9,60,0,161955
BANKNIFTY-III.NFO,27/11/2024,09:21:26,52858.2,52851.2,15,52858.05,45,15,161955
BANKNIFTY-III.NFO,27/11/2024,09:21:28,52850,52850.2,15,52851.7,30,75,161955
BANKNIFTY-III.NFO,27/11/2024,09:21:29,52854.5,52851,15,52853.9,135,15,161955
BANKNIFTY-III.NFO,27/11/2024,09:21:31,52851,52834.95,15,52846.1,150,15,161955
BANKNIFTY-III.NFO,27/11/2024,09:21:33,52843.25,52835,15,52843.8,45,30,161955
BANKNIFTY-III.NFO,27/11/2024,09:21:34,52843.25,52834.95,15,52847.85,45,0,161955
BANKNIFTY-III.NFO,27/11/2024,09:21:36,52843.25,52835,15,52843.4,45,0,161955
BANKNIFTY-III.NFO,27/11/2024,09:21:38,52843.4,52842.7,15,52843.6,105,45,161955
BANKNIFTY-III.NFO,27/11/2024,09:21:39,52843.8,52833.95,15,52842.9,150,45,161955
BANKNIFTY-III.NFO,27/11/2024,09:21:41,52836.15,52830,480,52836.35,150,90,161955
BANKNIFTY-III.NFO,27/11/2024,09:21:43,52836.15,52830,480,52837.85,150,0,161955
BANKNIFTY-III.NFO,27/11/2024,09:21:44,52836.15,52830,480,52834.5,45,0,161955
BANKNIFTY-III.NFO,27/11/2024,09:21:46,52830,52830,405,52837.25,150,75,161955
BANKNIFTY-III.NFO,27/11/2024,09:21:48,52830,52830,405,52836.6,105,0,161955
BANKNIFTY-III.NFO,27/11/2024,09:21:49,52836.6,52830,405,52837.55,150,15,161955
BANKNIFTY-III.NFO,27/11/2024,09:21:51,52836.75,52830,405,52837,300,15,161955
BANKNIFTY-III.NFO,27/11/2024,09:21:53,52837.55,52830,405,52835.25,105,30,161955
BANKNIFTY-III.NFO,27/11/2024,09:21:54,52837.55,52830.05,105,52835.4,105,0,161955
BANKNIFTY-III.NFO,27/11/2024,09:21:56,52837.55,52830.05,105,52837.55,15,0,161955
BANKNIFTY-III.NFO,27/11/2024,09:21:58,52837.55,52830.05,105,52837.2,105,0,161955
BANKNIFTY-III.NFO,27/11/2024,09:21:59,52837.15,52830.05,105,52837.35,150,30,161955
BANKNIFTY-III.NFO,27/11/2024,09:22:01,52830,52830,390,52832.4,150,120,162285
BANKNIFTY-III.NFO,27/11/2024,09:22:03,52831.8,52830,240,52833.45,150,165,162285
BANKNIFTY-III.NFO,27/11/2024,09:22:04,52830.2,52825,30,52830.3,150,270,162285
BANKNIFTY-III.NFO,27/11/2024,09:22:06,52830,52825,15,52829.4,60,15,162285
BANKNIFTY-III.NFO,27/11/2024,09:22:08,52822.8,52823.25,15,52823.8,45,30,162285
BANKNIFTY-III.NFO,27/11/2024,09:22:09,52826.75,52820,150,52828.75,30,30,162285
BANKNIFTY-III.NFO,27/11/2024,09:22:11,52828.2,52820,150,52827.65,150,60,162285
BANKNIFTY-III.NFO,27/11/2024,09:22:13,52827.15,52827.1,15,52827.35,75,30,162285
BANKNIFTY-III.NFO,27/11/2024,09:22:14,52828.65,52827.1,15,52827.5,120,45,162285
BANKNIFTY-III.NFO,27/11/2024,09:22:16,52827.1,52828.05,15,52829.1,150,15,162285
BANKNIFTY-III.NFO,27/11/2024,09:22:18,52828.05,52823.2,15,52829.6,135,30,162285
BANKNIFTY-III.NFO,27/11/2024,09:22:19,52828.05,52823.15,15,52829.5,135,0,162285
BANKNIFTY-III.NFO,27/11/2024,09:22:21,52828.05,52828,150,52829.25,105,0,162285
BANKNIFTY-III.NFO,27/11/2024,09:22:23,52828,52828,45,52832,75,150,162285
BANKNIFTY-III.NFO,27/11/2024,09:22:24,52822.2,52822.15,30,52831.25,75,75,162285
BANKNIFTY-III.NFO,27/11/2024,09:22:26,52829.4,52820.05,105,52829.45,75,30,162285
BANKNIFTY-III.NFO,27/11/2024,09:22:28,52829.4,52820.05,105,52827.4,150,0,162285
BANKNIFTY-III.NFO,27/11/2024,09:22:29,52824.55,52820.05,105,52824.4,150,30,162285
BANKNIFTY-III.NFO,27/11/2024,09:22:31,52805.9,52805.35,30,52805.9,60,120,162285
BANKNIFTY-III.NFO,27/11/2024,09:22:32,52818.1,52802,15,52814.85,30,75,162285
BANKNIFTY-III.NFO,27/11/2024,09:22:34,52818.1,52804.65,15,52815.95,105,0,162285
BANKNIFTY-III.NFO,27/11/2024,09:22:36,52818.1,52806.75,15,52816.9,30,0,162285
BANKNIFTY-III.NFO,27/11/2024,09:22:37,52815.25,52805.9,15,52814.65,75,15,162285
BANKNIFTY-III.NFO,27/11/2024,09:22:39,52815.25,52807.2,30,52818.5,75,0,162285
BANKNIFTY-III.NFO,27/11/2024,09:22:41,52822.3,52808,15,52821,90,30,162285
BANKNIFTY-III.NFO,27/11/2024,09:22:42,52822.3,52808.25,15,52820.45,15,0,162285
BANKNIFTY-III.NFO,27/11/2024,09:22:44,52821.75,52814.15,15,52823,150,15,162285
BANKNIFTY-III.NFO,27/11/2024,09:22:46,52805.9,52811.75,15,52825.45,30,150,162285
BANKNIFTY-III.NFO,27/11/2024,09:22:47,52805.9,52807.5,15,52822.3,75,0,162285
BANKNIFTY-III.NFO,27/11/2024,09:22:49,52805.9,52814.65,15,52826.55,75,0,162285
BANKNIFTY-III.NFO,27/11/2024,09:22:51,52805.9,52815.7,15,52829.9,30,0,162285
BANKNIFTY-III.NFO,27/11/2024,09:22:52,52812.3,52815.85,15,52829.75,30,60,162285
BANKNIFTY-III.NFO,27/11/2024,09:22:54,52812.3,52808.2,30,52825.45,120,0,162285
BANKNIFTY-III.NFO,27/11/2024,09:22:56,52812.3,52815.95,15,52830,45,0,162285
BANKNIFTY-III.NFO,27/11/2024,09:22:57,52812.3,52819.2,15,52829.95,30,0,162285
BANKNIFTY-III.NFO,27/11/2024,09:22:59,52828.6,52816.65,30,52830,45,30,162285
BANKNIFTY-III.NFO,27/11/2024,09:23:01,52830,52819.35,15,52830,30,15,162285
BANKNIFTY-III.NFO,27/11/2024,09:23:02,52830,52822.4,15,52830,30,0,162285
BANKNIFTY-III.NFO,27/11/2024,09:23:04,52830,52822.55,15,52830,30,0,162285
BANKNIFTY-III.NFO,27/11/2024,09:23:06,52830,52833.2,15,52846.25,30,30,162285
BANKNIFTY-III.NFO,27/11/2024,09:23:07,52834.1,52843.85,15,52850,30,15,162285
BANKNIFTY-III.NFO,27/11/2024,09:23:09,52834.1,52843.95,15,52850,30,0,162285
BANKNIFTY-III.NFO,27/11/2024,09:23:11,52844,52843.95,15,52854.35,30,45,162285
BANKNIFTY-III.NFO,27/11/2024,09:23:12,52852.15,52850,15,52853.75,45,15,162285
BANKNIFTY-III.NFO,27/11/2024,09:23:14,52851.5,52844.15,15,52850.75,15,45,162285
BANKNIFTY-III.NFO,27/11/2024,09:23:15,52850.75,52844.2,15,52853.7,30,30,162285
BANKNIFTY-III.NFO,27/11/2024,09:23:17,52850.75,52849.95,15,52850,75,0,162285
BANKNIFTY-III.NFO,27/11/2024,09:23:19,52850,52849.95,15,52850,45,30,162285
BANKNIFTY-III.NFO,27/11/2024,09:23:20,52850,52844.2,15,52850,30,30,162285
BANKNIFTY-III.NFO,27/11/2024,09:23:22,52850,52844.3,15,52850,30,0,162285
BANKNIFTY-III.NFO,27/11/2024,09:23:24,52850,52844.25,15,52850,30,0,162285
BANKNIFTY-III.NFO,27/11/2024,09:23:25,52850,52844.25,15,52850,15,15,162285
BANKNIFTY-III.NFO,27/11/2024,09:23:27,52850,52843.2,15,52850.55,90,15,162285
BANKNIFTY-III.NFO,27/11/2024,09:23:28,52838.45,52837.3,15,52844.5,75,30,162285
BANKNIFTY-III.NFO,27/11/2024,09:23:30,52843.6,52833.25,15,52839.05,60,30,162285
BANKNIFTY-III.NFO,27/11/2024,09:23:32,52843.6,52821,15,52832.8,75,0,162285
BANKNIFTY-III.NFO,27/11/2024,09:23:33,52830.45,52821.05,15,52826.5,75,105,162285
BANKNIFTY-III.NFO,27/11/2024,09:23:35,52830.45,52815.95,15,52826.7,75,0,162285
BANKNIFTY-III.NFO,27/11/2024,09:23:37,52830.45,52815.95,15,52825.3,15,0,162285
BANKNIFTY-III.NFO,27/11/2024,09:23:38,52830.45,52812.3,15,52818.9,75,0,162285
BANKNIFTY-III.NFO,27/11/2024,09:23:40,52812.3,52801.9,15,52814.55,75,15,162285
BANKNIFTY-III.NFO,27/11/2024,09:23:42,52800.85,52800.8,30,52800.85,15,60,162285
BANKNIFTY-III.NFO,27/11/2024,09:23:43,52805,52806.05,30,52816.6,45,45,162285
BANKNIFTY-III.NFO,27/11/2024,09:23:45,52805,52806.1,15,52812.9,75,0,162285
BANKNIFTY-III.NFO,27/11/2024,09:23:47,52805,52806.1,15,52810.2,90,0,162285
BANKNIFTY-III.NFO,27/11/2024,09:23:48,52811.3,52802,45,52816.95,75,15,162285
BANKNIFTY-III.NFO,27/11/2024,09:23:50,52811.3,52800.95,15,52812.35,60,0,162285
BANKNIFTY-III.NFO,27/11/2024,09:23:51,52811.3,52800,30,52808.45,75,0,162285
BANKNIFTY-III.NFO,27/11/2024,09:23:53,52811.3,52808.45,15,52817.55,15,0,162285
BANKNIFTY-III.NFO,27/11/2024,09:23:55,52811.3,52808.45,15,52815.2,60,0,162285
BANKNIFTY-III.NFO,27/11/2024,09:23:56,52815,52808.45,15,52816.35,240,30,162285
BANKNIFTY-III.NFO,27/11/2024,09:23:58,52813.1,52803.95,15,52815.85,15,30,162285
BANKNIFTY-III.NFO,27/11/2024,09:24:00,52813.1,52803.95,15,52808.45,15,0,162285
BANKNIFTY-III.NFO,27/11/2024,09:24:01,52813.1,52803.95,30,52808.45,15,0,162285
BANKNIFTY-III.NFO,27/11/2024,09:24:03,52813.1,52800.1,30,52808.45,15,0,162285
BANKNIFTY-III.NFO,27/11/2024,09:24:05,52813.1,52800,15,52803.25,150,0,162285
BANKNIFTY-III.NFO,27/11/2024,09:24:06,52813.1,52787.9,30,52806.05,15,0,162285
BANKNIFTY-III.NFO,27/11/2024,09:24:08,52788.45,52788.55,45,52804.4,15,30,162285
BANKNIFTY-III.NFO,27/11/2024,09:24:10,52788.45,52786.45,45,52804.55,30,0,162285
BANKNIFTY-III.NFO,27/11/2024,09:24:11,52788.45,52785.05,45,52804.3,30,0,162285
BANKNIFTY-III.NFO,27/11/2024,09:24:13,52788.45,52789.55,45,52805,30,0,162285
BANKNIFTY-III.NFO,27/11/2024,09:24:14,52788.45,52785.05,15,52801.7,30,0,162285
BANKNIFTY-III.NFO,27/11/2024,09:24:16,52799.9,52785,15,52800,30,60,162285
BANKNIFTY-III.NFO,27/11/2024,09:24:18,52785.05,52785.95,45,52800,15,15,162285
BANKNIFTY-III.NFO,27/11/2024,09:24:19,52785.05,52785,15,52799.95,30,0,162285
BANKNIFTY-III.NFO,27/11/2024,09:24:23,52785.05,52785,15,52799.85,30,0,162285
BANKNIFTY-III.NFO,27/11/2024,09:24:24,52785.05,52785.05,45,52799.95,15,0,162285
BANKNIFTY-III.NFO,27/11/2024,09:24:26,52785.05,52785.05,45,52800,15,0,162285
BANKNIFTY-III.NFO,27/11/2024,09:24:28,52785.05,52785.05,15,52799.95,30,30,162285
BANKNIFTY-III.NFO,27/11/2024,09:24:29,52785.05,52785,15,52799.95,30,0,162285
BANKNIFTY-III.NFO,27/11/2024,09:24:31,52785.05,52794,15,52800,15,0,162285
BANKNIFTY-III.NFO,27/11/2024,09:24:33,52785.05,52790.05,15,52800,15,0,162285
BANKNIFTY-III.NFO,27/11/2024,09:24:34,52789.8,52789.85,15,52800,15,30,162285
BANKNIFTY-III.NFO,27/11/2024,09:24:36,52790,52785.05,30,52800,15,15,162285
BANKNIFTY-III.NFO,27/11/2024,09:24:38,52800,52785.25,30,52804.95,45,15,162285
BANKNIFTY-III.NFO,27/11/2024,09:24:39,52800,52787.6,30,52805,30,0,162285
BANKNIFTY-III.NFO,27/11/2024,09:24:41,52800,52788.8,45,52805,30,0,162285
BANKNIFTY-III.NFO,27/11/2024,09:24:43,52800,52800,15,52806.75,45,30,162285
BANKNIFTY-III.NFO,27/11/2024,09:24:44,52800,52800,15,52805.85,45,0,162285
BANKNIFTY-III.NFO,27/11/2024,09:24:46,52800,52800,15,52806.05,30,0,162285
BANKNIFTY-III.NFO,27/11/2024,09:24:48,52805.8,52790.5,45,52806.75,45,15,162285
BANKNIFTY-III.NFO,27/11/2024,09:24:49,52805.8,52790.55,45,52808.9,45,0,162285
BANKNIFTY-III.NFO,27/11/2024,09:24:51,52805.8,52793.95,15,52808.85,30,0,162285
BANKNIFTY-III.NFO,27/11/2024,09:24:53,52793.95,52793.95,15,52809,30,15,162285
BANKNIFTY-III.NFO,27/11/2024,09:24:54,52793.95,52793.95,15,52806.1,30,0,162285
BANKNIFTY-III.NFO,27/11/2024,09:24:58,52793.95,52794,15,52806.1,30,0,162285
BANKNIFTY-III.NFO,27/11/2024,09:24:59,52806.15,52794,30,52807.9,30,15,162285
BANKNIFTY-III.NFO,27/11/2024,09:25:01,52806.15,52786.75,45,52805.1,45,0,162285
BANKNIFTY-III.NFO,27/11/2024,09:25:03,52806.15,52786.75,45,52804.65,45,0,162285
BANKNIFTY-III.NFO,27/11/2024,09:25:04,52806.15,52783.95,15,52795.9,30,0,162285
BANKNIFTY-III.NFO,27/11/2024,09:25:06,52795.15,52784.7,45,52801.5,45,30,162720
BANKNIFTY-III.NFO,27/11/2024,09:25:08,52795.15,52784,15,52799.7,45,0,162720
BANKNIFTY-III.NFO,27/11/2024,09:25:09,52797,52784,15,52797.05,45,15,162720
BANKNIFTY-III.NFO,27/11/2024,09:25:11,52797,52784,15,52795.95,30,0,162720
BANKNIFTY-III.NFO,27/11/2024,09:25:13,52797,52783.95,15,52796.75,30,0,162720
BANKNIFTY-III.NFO,27/11/2024,09:25:14,52797,52783.95,15,52796.35,75,30,162720
BANKNIFTY-III.NFO,27/11/2024,09:25:16,52797,52783.95,15,52796.75,75,0,162720
BANKNIFTY-III.NFO,27/11/2024,09:25:18,52798.6,52783.95,15,52797.8,90,15,162720
BANKNIFTY-III.NFO,27/11/2024,09:25:19,52798.6,52783.95,15,52796.85,105,0,162720
BANKNIFTY-III.NFO,27/11/2024,09:25:21,52798.6,52793.9,15,52800,15,0,162720
BANKNIFTY-III.NFO,27/11/2024,09:25:23,52798.6,52789.95,15,52796.95,90,0,162720
BANKNIFTY-III.NFO,27/11/2024,09:25:24,52797.85,52781.95,45,52798.5,75,30,162720
BANKNIFTY-III.NFO,27/11/2024,09:25:26,52797.85,52784,15,52796.25,90,0,162720
BANKNIFTY-III.NFO,27/11/2024,09:25:28,52794.8,52781,15,52794.8,60,30,162720
BANKNIFTY-III.NFO,27/11/2024,09:25:29,52793.5,52781,15,52787.9,75,15,162720
BANKNIFTY-III.NFO,27/11/2024,09:25:31,52793.5,52781,15,52789.55,45,0,162720
BANKNIFTY-III.NFO,27/11/2024,09:25:33,52793.5,52781,15,52789.35,150,0,162720
BANKNIFTY-III.NFO,27/11/2024,09:25:34,52781,52771.35,15,52783.85,45,15,162720
BANKNIFTY-III.NFO,27/11/2024,09:25:36,52778.05,52770,60,52779.9,45,45,162720
BANKNIFTY-III.NFO,27/11/2024,09:25:38,52781.05,52770.6,30,52783.9,15,30,162720
BANKNIFTY-III.NFO,27/11/2024,09:25:39,52781.05,52770.45,30,52783.7,15,0,162720
BANKNIFTY-III.NFO,27/11/2024,09:25:41,52781.05,52773.3,30,52787.8,15,0,162720
BANKNIFTY-III.NFO,27/11/2024,09:25:43,52776.6,52773.8,30,52789.85,15,15,162720
BANKNIFTY-III.NFO,27/11/2024,09:25:44,52789.75,52779.1,30,52796.7,15,30,162720
BANKNIFTY-III.NFO,27/11/2024,09:25:46,52779.1,52771.55,45,52787.15,15,15,162720
BANKNIFTY-III.NFO,27/11/2024,09:25:48,52779.1,52771,15,52785.85,15,0,162720
BANKNIFTY-III.NFO,27/11/2024,09:25:49,52779.1,52771.4,15,52784.55,15,0,162720
BANKNIFTY-III.NFO,27/11/2024,09:25:51,52779.1,52781,645,52784.8,75,0,162720
BANKNIFTY-III.NFO,27/11/2024,09:25:53,52781,52781,600,52786.35,15,60,162720
BANKNIFTY-III.NFO,27/11/2024,09:25:54,52781,52781,600,52785,15,0,162720
BANKNIFTY-III.NFO,27/11/2024,09:25:56,52781,52781,585,52785,15,15,162720
BANKNIFTY-III.NFO,27/11/2024,09:25:58,52781,52781,570,52785,15,15,162720
BANKNIFTY-III.NFO,27/11/2024,09:25:59,52786.85,52781,570,52787.35,75,30,162720
BANKNIFTY-III.NFO,27/11/2024,09:26:01,52786.85,52781,570,52787.95,120,0,162720
BANKNIFTY-III.NFO,27/11/2024,09:26:03,52786.85,52781,570,52788.7,75,0,162720
BANKNIFTY-III.NFO,27/11/2024,09:26:04,52786.85,52781,570,52787.4,15,75,162720
BANKNIFTY-III.NFO,27/11/2024,09:26:06,52784.15,52781,570,52784.1,120,15,162720
BANKNIFTY-III.NFO,27/11/2024,09:26:08,52784.1,52781,570,52785.05,75,15,162720
BANKNIFTY-III.NFO,27/11/2024,09:26:09,52784.25,52781,570,52784.65,90,15,162720
BANKNIFTY-III.NFO,27/11/2024,09:26:11,52781,52770,60,52779.35,15,570,162720
BANKNIFTY-III.NFO,27/11/2024,09:26:12,52781,52770,60,52782.3,15,0,162720
BANKNIFTY-III.NFO,27/11/2024,09:26:14,52781,52773.95,60,52789,75,0,162720
BANKNIFTY-III.NFO,27/11/2024,09:26:16,52781,52773.5,30,52791.05,15,0,162720
BANKNIFTY-III.NFO,27/11/2024,09:26:17,52785.6,52773.45,45,52788.85,45,30,162720
BANKNIFTY-III.NFO,27/11/2024,09:26:19,52785.6,52775.4,45,52791,15,0,162720
BANKNIFTY-III.NFO,27/11/2024,09:26:21,52785.6,52772.1,30,52787.15,15,0,162720
BANKNIFTY-III.NFO,27/11/2024,09:26:22,52785.6,52774.1,30,52788.9,15,0,162720
BANKNIFTY-III.NFO,27/11/2024,09:26:24,52785.6,52775.8,60,52790.95,75,0,162720
BANKNIFTY-III.NFO,27/11/2024,09:26:26,52785.6,52775.5,45,52790.85,15,0,162720
BANKNIFTY-III.NFO,27/11/2024,09:26:27,52785.6,52775.35,45,52789.5,75,0,162720
BANKNIFTY-III.NFO,27/11/2024,09:26:29,52785.6,52777.5,30,52793,90,0,162720
BANKNIFTY-III.NFO,27/11/2024,09:26:31,52793,52778.65,45,52793,15,45,162720
BANKNIFTY-III.NFO,27/11/2024,09:26:32,52793,52788.15,30,52800,15,0,162720
BANKNIFTY-III.NFO,27/11/2024,09:26:34,52793.05,52793.1,30,52800,15,15,162720
BANKNIFTY-III.NFO,27/11/2024,09:26:36,52800,52800.05,30,52806.1,15,15,162720
BANKNIFTY-III.NFO,27/11/2024,09:26:37,52800.1,52795.6,30,52806.1,15,15,162720
BANKNIFTY-III.NFO,27/11/2024,09:26:39,52806.1,52794.5,45,52810.3,45,15,162720
BANKNIFTY-III.NFO,27/11/2024,09:26:41,52811.4,52796.5,15,52808.4,30,30,162720
BANKNIFTY-III.NFO,27/11/2024,09:26:42,52811.4,52796.55,15,52800,15,0,162720
BANKNIFTY-III.NFO,27/11/2024,09:26:44,52811.4,52796.6,15,52800,15,0,162720
BANKNIFTY-III.NFO,27/11/2024,09:26:45,52800,52800,15,52809.55,45,15,162720
BANKNIFTY-III.NFO,27/11/2024,09:26:47,52807.85,52802,15,52806.95,30,45,162720
BANKNIFTY-III.NFO,27/11/2024,09:26:49,52808,52802,15,52810.25,15,45,162720
BANKNIFTY-III.NFO,27/11/2024,09:26:50,52803.8,52802,15,52805.2,45,30,162720
BANKNIFTY-III.NFO,27/11/2024,09:26:52,52802.1,52786.5,15,52801.8,30,30,162720
BANKNIFTY-III.NFO,27/11/2024,09:26:54,52802.1,52786.55,15,52799.85,30,0,162720
BANKNIFTY-III.NFO,27/11/2024,09:26:55,52802.1,52786.55,15,52794.8,45,0,162720
BANKNIFTY-III.NFO,27/11/2024,09:26:57,52802.1,52786.55,15,52790.45,75,0,162720
BANKNIFTY-III.NFO,27/11/2024,09:26:59,52802.1,52786.6,15,52788.05,30,0,162720
BANKNIFTY-III.NFO,27/11/2024,09:27:00,52786.6,52770.8,15,52786.25,75,15,162720
BANKNIFTY-III.NFO,27/11/2024,09:27:02,52786.6,52770,60,52778.4,150,0,162720
BANKNIFTY-III.NFO,27/11/2024,09:27:04,52786.6,52770,60,52776.65,45,0,162720
BANKNIFTY-III.NFO,27/11/2024,09:27:05,52776.65,52770,60,52775.35,15,45,162720
BANKNIFTY-III.NFO,27/11/2024,09:27:07,52776.45,52770,60,52774.65,150,15,162720
BANKNIFTY-III.NFO,27/11/2024,09:27:08,52770,52770,45,52771.85,75,15,162720
BANKNIFTY-III.NFO,27/11/2024,09:27:10,52770,52766,15,52771.45,45,45,162720
BANKNIFTY-III.NFO,27/11/2024,09:27:12,52770,52766,15,52770,225,0,162720
BANKNIFTY-III.NFO,27/11/2024,09:27:15,52770,52766,15,52770.3,150,0,162720
BANKNIFTY-III.NFO,27/11/2024,09:27:17,52769.85,52766,15,52771.8,60,45,162720
BANKNIFTY-III.NFO,27/11/2024,09:27:18,52766,52762.5,195,52769.15,150,15,162720
BANKNIFTY-III.NFO,27/11/2024,09:27:20,52762.5,52758.1,600,52769.7,75,195,162720
BANKNIFTY-III.NFO,27/11/2024,09:27:22,52762.5,52753.5,30,52771.4,15,0,162720
BANKNIFTY-III.NFO,27/11/2024,09:27:23,52762.5,52760.5,195,52773.5,75,0,162720
BANKNIFTY-III.NFO,27/11/2024,09:27:25,52762.5,52760.5,195,52775.15,150,0,162720
BANKNIFTY-III.NFO,27/11/2024,09:27:27,52762.5,52760.5,195,52773.85,75,0,162720
BANKNIFTY-III.NFO,27/11/2024,09:27:28,52760.5,52761.5,30,52779.1,60,45,162720
BANKNIFTY-III.NFO,27/11/2024,09:27:30,52760.5,52762.5,45,52780.2,15,0,162720
BANKNIFTY-III.NFO,27/11/2024,09:27:32,52760.5,52762.05,45,52779.95,15,0,162720
BANKNIFTY-III.NFO,27/11/2024,09:27:33,52760.5,52762.85,30,52780.3,15,0,162720
BANKNIFTY-III.NFO,27/11/2024,09:27:35,52760.5,52769.1,45,52788.55,45,0,162720
BANKNIFTY-III.NFO,27/11/2024,09:27:37,52760.5,52767.4,45,52783.85,30,0,162720
BANKNIFTY-III.NFO,27/11/2024,09:27:38,52760.5,52765.5,270,52782.25,45,0,162720
BANKNIFTY-III.NFO,27/11/2024,09:27:40,52760.5,52766,30,52782.8,75,0,162720
BANKNIFTY-III.NFO,27/11/2024,09:27:42,52760.5,52765.5,255,52779.4,45,0,162720
BANKNIFTY-III.NFO,27/11/2024,09:27:43,52765.5,52765.5,210,52775.95,45,45,162720
BANKNIFTY-III.NFO,27/11/2024,09:27:45,52765.5,52765.5,135,52774.6,45,75,162720
BANKNIFTY-III.NFO,27/11/2024,09:27:47,52765.5,52765.5,135,52775.25,45,0,162720
BANKNIFTY-III.NFO,27/11/2024,09:27:48,52765.5,52765.5,135,52776.35,15,0,162720
BANKNIFTY-III.NFO,27/11/2024,09:27:50,52765.5,52765.5,135,52775.3,45,0,162720
BANKNIFTY-III.NFO,27/11/2024,09:27:52,52765.5,52765.5,120,52774.6,45,15,162720
BANKNIFTY-III.NFO,27/11/2024,09:27:53,52765.5,52770,15,52779.1,45,15,162720
BANKNIFTY-III.NFO,27/11/2024,09:27:55,52770,52765.5,105,52778.4,45,15,162720
BANKNIFTY-III.NFO,27/11/2024,09:27:57,52770,52765.5,105,52777.9,45,0,162720
BANKNIFTY-III.NFO,27/11/2024,09:27:58,52770,52765.5,105,52778.8,45,0,162720
BANKNIFTY-III.NFO,27/11/2024,09:28:00,52770,52765.55,45,52781.4,45,0,162720
BANKNIFTY-III.NFO,27/11/2024,09:28:02,52781.4,52765.5,105,52777.85,60,15,162720
BANKNIFTY-III.NFO,27/11/2024,09:28:03,52765.5,52768.1,15,52781.4,30,15,162825
BANKNIFTY-III.NFO,27/11/2024,09:28:05,52765.5,52769.25,45,52785.5,15,0,162825
BANKNIFTY-III.NFO,27/11/2024,09:28:07,52765.5,52768.15,45,52784.55,45,0,162825
BANKNIFTY-III.NFO,27/11/2024,09:28:08,52765.5,52768.1,15,52779.35,30,0,162825
BANKNIFTY-III.NFO,27/11/2024,09:28:10,52765.5,52770.5,195,52776.7,30,0,162825
BANKNIFTY-III.NFO,27/11/2024,09:28:12,52770.5,52770.5,165,52771.15,60,30,162825
BANKNIFTY-III.NFO,27/11/2024,09:28:13,52770.5,52760.5,15,52765.9,45,165,162825
BANKNIFTY-III.NFO,27/11/2024,09:28:15,52770.5,52760.5,15,52767.1,45,0,162825
BANKNIFTY-III.NFO,27/11/2024,09:28:16,52751.2,52751,15,52758,15,90,162825
BANKNIFTY-III.NFO,27/11/2024,09:28:18,52740,52740,90,52740.95,15,90,162825
BANKNIFTY-III.NFO,27/11/2024,09:28:20,52740,52740,60,52741.7,150,45,162825
BANKNIFTY-III.NFO,27/11/2024,09:28:21,52740.5,52728.1,600,52740.65,15,240,162825
BANKNIFTY-III.NFO,27/11/2024,09:28:23,52728.1,52728.1,585,52736.8,150,15,162825
BANKNIFTY-III.NFO,27/11/2024,09:28:25,52729.5,52729.5,45,52749.9,15,30,162825
BANKNIFTY-III.NFO,27/11/2024,09:28:26,52729.5,52733.9,30,52747.8,45,15,162825
BANKNIFTY-III.NFO,27/11/2024,09:28:28,52729.5,52731.15,30,52745.7,30,0,162825
BANKNIFTY-III.NFO,27/11/2024,09:28:30,52729.5,52734.7,30,52747.65,15,0,162825
BANKNIFTY-III.NFO,27/11/2024,09:28:31,52729.5,52735.5,75,52746,30,0,162825
BANKNIFTY-III.NFO,27/11/2024,09:28:33,52729.5,52735.5,75,52747.6,30,0,162825
BANKNIFTY-III.NFO,27/11/2024,09:28:36,52729.5,52735.5,75,52742.4,30,0,162825
BANKNIFTY-III.NFO,27/11/2024,09:28:38,52742.7,52735.5,75,52742.35,135,150,162825
BANKNIFTY-III.NFO,27/11/2024,09:28:40,52741.4,52735.5,60,52742.25,60,120,162825
BANKNIFTY-III.NFO,27/11/2024,09:28:41,52735.5,52735.5,30,52741.35,90,75,162825
BANKNIFTY-III.NFO,27/11/2024,09:28:43,52741.2,52735.5,15,52739.5,30,30,162825
BANKNIFTY-III.NFO,27/11/2024,09:28:44,52735.5,52728.1,570,52737.75,150,30,162825
BANKNIFTY-III.NFO,27/11/2024,09:28:46,52735.5,52728.1,570,52738.85,150,0,162825
BANKNIFTY-III.NFO,27/11/2024,09:28:48,52738,52728.1,570,52738.7,75,15,162825
BANKNIFTY-III.NFO,27/11/2024,09:28:49,52738,52728.1,570,52735.5,15,0,162825
BANKNIFTY-III.NFO,27/11/2024,09:28:52,52738,52728.1,570,52735,60,0,162825
BANKNIFTY-III.NFO,27/11/2024,09:28:56,52733.3,52728.1,570,52732.75,75,30,162825
BANKNIFTY-III.NFO,27/11/2024,09:28:57,52733.3,52728.1,570,52735,60,0,162825
BANKNIFTY-III.NFO,27/11/2024,09:28:59,52733.3,52728.1,570,52733.6,15,0,162825
BANKNIFTY-III.NFO,27/11/2024,09:29:00,52733.05,52728.1,570,52728.5,75,30,162825
BANKNIFTY-III.NFO,27/11/2024,09:29:02,52733.05,52728.1,570,52730.8,75,0,162825
BANKNIFTY-III.NFO,27/11/2024,09:29:04,52731.4,52717.75,30,52730.8,15,600,162825
BANKNIFTY-III.NFO,27/11/2024,09:29:05,52731.5,52715.95,45,52732.8,45,15,162825
BANKNIFTY-III.NFO,27/11/2024,09:29:07,52731.5,52714.8,45,52732.8,45,0,162825
BANKNIFTY-III.NFO,27/11/2024,09:29:08,52716.15,52716.15,60,52732.05,15,105,162825
BANKNIFTY-III.NFO,27/11/2024,09:29:10,52717.65,52717.65,75,52734.9,75,45,162825
BANKNIFTY-III.NFO,27/11/2024,09:29:12,52731.75,52714.25,60,52728.85,45,15,162825
BANKNIFTY-III.NFO,27/11/2024,09:29:13,52728.85,52713.85,75,52730.1,15,15,162825
BANKNIFTY-III.NFO,27/11/2024,09:29:15,52733.8,52717.3,75,52732.05,195,45,162825
BANKNIFTY-III.NFO,27/11/2024,09:29:17,52733.8,52718.4,105,52734.3,45,0,162825
BANKNIFTY-III.NFO,27/11/2024,09:29:18,52734.3,52715.7,60,52730.9,150,30,162825
BANKNIFTY-III.NFO,27/11/2024,09:29:20,52732.7,52716,75,52732.25,15,30,162825
BANKNIFTY-III.NFO,27/11/2024,09:29:22,52732.7,52716.8,60,52731.7,60,0,162825
BANKNIFTY-III.NFO,27/11/2024,09:29:23,52732.7,52716.8,60,52730.5,45,0,162825
BANKNIFTY-III.NFO,27/11/2024,09:29:25,52732.7,52713.7,30,52726.95,150,0,162825
BANKNIFTY-III.NFO,27/11/2024,09:29:26,52726.8,52714.9,60,52729.4,120,30,162825
BANKNIFTY-III.NFO,27/11/2024,09:29:28,52728.9,52715.1,60,52729.8,105,30,162825
BANKNIFTY-III.NFO,27/11/2024,09:29:30,52728.9,52714,60,52728.55,105,0,162825
BANKNIFTY-III.NFO,27/11/2024,09:29:31,52728.9,52715.2,90,52729.65,75,0,162825
BANKNIFTY-III.NFO,27/11/2024,09:29:33,52728.9,52713.6,15,52725.65,150,0,162825
BANKNIFTY-III.NFO,27/11/2024,09:29:35,52728.9,52713.05,60,52725.5,120,0,162825
BANKNIFTY-III.NFO,27/11/2024,09:29:36,52725.5,52713,15,52725.4,90,30,162825
BANKNIFTY-III.NFO,27/11/2024,09:29:38,52725.5,52713.05,60,52726.45,15,0,162825
BANKNIFTY-III.NFO,27/11/2024,09:29:40,52725.5,52715.3,60,52727.85,30,0,162825
BANKNIFTY-III.NFO,27/11/2024,09:29:41,52729.95,52714.25,90,52729.05,15,90,162825
BANKNIFTY-III.NFO,27/11/2024,09:29:43,52729.95,52713.85,60,52727.75,75,0,162825
BANKNIFTY-III.NFO,27/11/2024,09:29:45,52729.95,52725,15,52725.2,15,0,162825
BANKNIFTY-III.NFO,27/11/2024,09:29:46,52729.95,52725,15,52726.9,15,0,162825
BANKNIFTY-III.NFO,27/11/2024,09:29:48,52729.95,52725,15,52726.1,45,0,162825
BANKNIFTY-III.NFO,27/11/2024,09:29:50,52729.95,52725,15,52726.1,15,0,162825
BANKNIFTY-III.NFO,27/11/2024,09:29:51,52729.95,52725,15,52726.2,90,0,162825
BANKNIFTY-III.NFO,27/11/2024,09:29:53,52725,52710.45,30,52723.65,45,15,162825
BANKNIFTY-III.NFO,27/11/2024,09:29:55,52726.85,52709.55,105,52725.55,15,105,162825
BANKNIFTY-III.NFO,27/11/2024,09:29:56,52726.85,52703.65,15,52717.9,150,0,162825
BANKNIFTY-III.NFO,27/11/2024,09:29:58,52726.85,52705.65,30,52720.35,150,0,162825
BANKNIFTY-III.NFO,27/11/2024,09:30:00,52720.35,52701.9,30,52718.95,150,75,162825
BANKNIFTY-III.NFO,27/11/2024,09:30:01,52720.35,52703.85,60,52722.25,15,0,162825
BANKNIFTY-III.NFO,27/11/2024,09:30:03,52720.35,52702.6,60,52720.05,150,0,162825
BANKNIFTY-III.NFO,27/11/2024,09:30:05,52720.35,52701.25,60,52713.9,15,0,162825
BANKNIFTY-III.NFO,27/11/2024,09:30:06,52713.9,52701,15,52712.6,150,30,162825
BANKNIFTY-III.NFO,27/11/2024,09:30:08,52701,52700.05,75,52715.5,75,270,162825
BANKNIFTY-III.NFO,27/11/2024,09:30:10,52701,52700.05,60,52713.65,60,0,162825
BANKNIFTY-III.NFO,27/11/2024,09:30:11,52701,52700,30,52700.05,120,0,162825
BANKNIFTY-III.NFO,27/11/2024,09:30:13,52700.05,52700,45,52716.85,75,120,162825
BANKNIFTY-III.NFO,27/11/2024,09:30:15,52700,52694.7,30,52700,30,30,162825
BANKNIFTY-III.NFO,27/11/2024,09:30:16,52694.4,52694.3,30,52700,30,30,162825
BANKNIFTY-III.NFO,27/11/2024,09:30:18,52700,52700,15,52714.85,105,30,162825
BANKNIFTY-III.NFO,27/11/2024,09:30:19,52711.8,52701.75,30,52720,30,15,162825
BANKNIFTY-III.NFO,27/11/2024,09:30:21,52711.8,52697.5,45,52715.7,45,0,162825
BANKNIFTY-III.NFO,27/11/2024,09:30:23,52711.8,52697.85,30,52717.8,15,0,162825
BANKNIFTY-III.NFO,27/11/2024,09:30:24,52711.8,52700.1,30,52720,30,0,162825
BANKNIFTY-III.NFO,27/11/2024,09:30:26,52711.8,52705.05,60,52720,15,0,162825
BANKNIFTY-III.NFO,27/11/2024,09:30:28,52711.8,52705.7,30,52720,15,0,162825
BANKNIFTY-III.NFO,27/11/2024,09:30:29,52711.8,52707.7,30,52720,15,0,162825
BANKNIFTY-III.NFO,27/11/2024,09:30:31,52713.5,52708.8,15,52720,15,15,162825
BANKNIFTY-III.NFO,27/11/2024,09:30:33,52720.35,52712.5,30,52733.25,90,30,162825
BANKNIFTY-III.NFO,27/11/2024,09:30:34,52720.35,52720.05,15,52727.8,15,0,162825
BANKNIFTY-III.NFO,27/11/2024,09:30:38,52720.35,52720.1,15,52727.8,15,0,162825
BANKNIFTY-III.NFO,27/11/2024,09:30:39,52720.35,52720.15,15,52733.4,75,0,162825
BANKNIFTY-III.NFO,27/11/2024,09:30:41,52720.35,52720.1,15,52733.45,60,0,162825
BANKNIFTY-III.NFO,27/11/2024,09:30:43,52720.35,52720.15,15,52730.7,15,0,162825
BANKNIFTY-III.NFO,27/11/2024,09:30:44,52720.35,52720.25,15,52730.7,15,0,162825
BANKNIFTY-III.NFO,27/11/2024,09:30:46,52720.35,52720.2,15,52730.7,15,0,162825
BANKNIFTY-III.NFO,27/11/2024,09:30:48,52720.35,52720.35,30,52736.05,60,0,162825
BANKNIFTY-III.NFO,27/11/2024,09:30:49,52720.35,52722.1,15,52741.75,90,0,162825
BANKNIFTY-III.NFO,27/11/2024,09:30:51,52720.35,52723.55,45,52742.4,75,0,162825
BANKNIFTY-III.NFO,27/11/2024,09:30:53,52720.35,52727.75,30,52747.35,90,0,162825
BANKNIFTY-III.NFO,27/11/2024,09:30:54,52720.35,52735.3,45,52750,15,0,162825
BANKNIFTY-III.NFO,27/11/2024,09:30:56,52720.35,52734.45,30,52750,15,0,162825
BANKNIFTY-III.NFO,27/11/2024,09:30:58,52750,52734.45,15,52750.35,60,15,162825
BANKNIFTY-III.NFO,27/11/2024,09:30:59,52750,52729.4,45,52747.85,75,0,162825
BANKNIFTY-III.NFO,27/11/2024,09:31:01,52750,52731.6,15,52749.25,105,0,162825
BANKNIFTY-III.NFO,27/11/2024,09:31:03,52750,52732.25,30,52751.4,105,0,162825
BANKNIFTY-III.NFO,27/11/2024,09:31:04,52750,52750.35,30,52758.45,60,0,162825
BANKNIFTY-III.NFO,27/11/2024,09:31:06,52758.45,52750.35,30,52758.3,60,75,162405
BANKNIFTY-III.NFO,27/11/2024,09:31:08,52758.45,52750.35,30,52756.85,60,0,162405
BANKNIFTY-III.NFO,27/11/2024,09:31:09,52758.45,52750.35,30,52755.7,60,0,162405
BANKNIFTY-III.NFO,27/11/2024,09:31:11,52750.35,52739.3,15,52750.35,120,30,162405
BANKNIFTY-III.NFO,27/11/2024,09:31:13,52750.35,52739.3,15,52750.3,60,0,162405
BANKNIFTY-III.NFO,27/11/2024,09:31:14,52750.35,52734.4,15,52748.15,60,0,162405
BANKNIFTY-III.NFO,27/11/2024,09:31:16,52750.35,52731.7,15,52745.65,75,0,162405
BANKNIFTY-III.NFO,27/11/2024,09:31:18,52750.35,52731.7,15,52744.45,75,0,162405
BANKNIFTY-III.NFO,27/11/2024,09:31:19,52750.35,52724.65,105,52742.8,75,0,162405
BANKNIFTY-III.NFO,27/11/2024,09:31:21,52750.35,52723.9,75,52742,75,0,162405
BANKNIFTY-III.NFO,27/11/2024,09:31:23,52750.35,52723.7,75,52742.65,105,0,162405
BANKNIFTY-III.NFO,27/11/2024,09:31:24,52750.35,52723.7,60,52740.8,75,0,162405
BANKNIFTY-III.NFO,27/11/2024,09:31:26,52750.35,52723.7,60,52739.7,75,0,162405
BANKNIFTY-III.NFO,27/11/2024,09:31:28,52750.35,52727.15,75,52745.3,105,0,162405
BANKNIFTY-III.NFO,27/11/2024,09:31:29,52750.35,52731.9,90,52750.3,75,0,162405
BANKNIFTY-III.NFO,27/11/2024,09:31:31,52750.35,52734.75,75,52750.35,120,0,162405
BANKNIFTY-III.NFO,27/11/2024,09:31:33,52750.35,52740.25,75,52750.35,75,45,162405
BANKNIFTY-III.NFO,27/11/2024,09:31:34,52750.35,52745.95,60,52763.95,75,90,162405
BANKNIFTY-III.NFO,27/11/2024,09:31:36,52750.35,52746.6,60,52763.35,45,0,162405
BANKNIFTY-III.NFO,27/11/2024,09:31:38,52750.35,52755,15,52769.3,90,0,162405
BANKNIFTY-III.NFO,27/11/2024,09:31:39,52750.35,52745.8,45,52761,75,0,162405
BANKNIFTY-III.NFO,27/11/2024,09:31:41,52750.35,52746.65,60,52764.85,75,0,162405
BANKNIFTY-III.NFO,27/11/2024,09:31:42,52750.35,52745.55,60,52763.8,105,0,162405
BANKNIFTY-III.NFO,27/11/2024,09:31:44,52750.35,52747.05,90,52762.9,30,0,162405
BANKNIFTY-III.NFO,27/11/2024,09:31:46,52750.35,52748.9,60,52764.05,30,0,162405
BANKNIFTY-III.NFO,27/11/2024,09:31:47,52750.35,52745.8,60,52763.9,105,0,162405
BANKNIFTY-III.NFO,27/11/2024,09:31:49,52750.35,52746.9,60,52763.7,75,0,162405
BANKNIFTY-III.NFO,27/11/2024,09:31:51,52750.35,52748.65,45,52768.65,75,0,162405
BANKNIFTY-III.NFO,27/11/2024,09:31:53,52750.35,52750.9,45,52769.35,60,0,162405
BANKNIFTY-III.NFO,27/11/2024,09:31:54,52766.8,52746,75,52765.75,90,15,162405
BANKNIFTY-III.NFO,27/11/2024,09:31:56,52765.7,52745.1,60,52763.75,90,15,162405
BANKNIFTY-III.NFO,27/11/2024,09:31:57,52763.75,52763.5,15,52767.3,30,15,162405
BANKNIFTY-III.NFO,27/11/2024,09:31:59,52766.1,52750.4,60,52765.45,30,45,162405
BANKNIFTY-III.NFO,27/11/2024,09:32:01,52766.1,52760,30,52769.9,120,0,162405
BANKNIFTY-III.NFO,27/11/2024,09:32:02,52766.1,52760,30,52766.25,30,0,162405
BANKNIFTY-III.NFO,27/11/2024,09:32:04,52766.1,52760,30,52763.75,150,0,162405
BANKNIFTY-III.NFO,27/11/2024,09:32:06,52766.1,52760,30,52764.85,60,0,162405
BANKNIFTY-III.NFO,27/11/2024,09:32:07,52766.1,52760,30,52761.9,150,0,162405
BANKNIFTY-III.NFO,27/11/2024,09:32:09,52760,52750.35,75,52759.7,60,45,162405
BANKNIFTY-III.NFO,27/11/2024,09:32:10,52760.25,52750.35,75,52760.75,120,15,162405
BANKNIFTY-III.NFO,27/11/2024,09:32:12,52760.8,52750.35,75,52757.8,45,30,162405
BANKNIFTY-III.NFO,27/11/2024,09:32:14,52760.8,52750.35,75,52757.9,45,0,162405
BANKNIFTY-III.NFO,27/11/2024,09:32:15,52760.8,52750.35,75,52756.4,120,0,162405
BANKNIFTY-III.NFO,27/11/2024,09:32:17,52760.8,52750.35,75,52756.65,15,0,162405
BANKNIFTY-III.NFO,27/11/2024,09:32:20,52760.8,52750.35,75,52754.45,120,0,162405
BANKNIFTY-III.NFO,27/11/2024,09:32:22,52760.8,52750.35,75,52752.75,120,0,162405
BANKNIFTY-III.NFO,27/11/2024,09:32:23,52751.65,52750.35,75,52751.65,30,15,162405
BANKNIFTY-III.NFO,27/11/2024,09:32:25,52751.65,52750.35,75,52752.85,120,0,162405
BANKNIFTY-III.NFO,27/11/2024,09:32:27,52759.9,52750.35,75,52757.15,15,15,162405
BANKNIFTY-III.NFO,27/11/2024,09:32:28,52759.9,52750.35,75,52758.4,15,0,162405
BANKNIFTY-III.NFO,27/11/2024,09:32:30,52759.9,52750.35,75,52756.95,75,0,162405
BANKNIFTY-III.NFO,27/11/2024,09:32:32,52759.9,52750.35,75,52756.25,135,0,162405
BANKNIFTY-III.NFO,27/11/2024,09:32:33,52759.9,52750.35,75,52755.15,120,0,162405
BANKNIFTY-III.NFO,27/11/2024,09:32:35,52759.9,52750.35,75,52755.6,120,0,162405
BANKNIFTY-III.NFO,27/11/2024,09:32:37,52759.9,52750.35,75,52755.1,30,0,162405
BANKNIFTY-III.NFO,27/11/2024,09:32:38,52759.9,52750.35,75,52754.1,15,0,162405
BANKNIFTY-III.NFO,27/11/2024,09:32:40,52753.7,52750.35,75,52751.7,105,15,162405
BANKNIFTY-III.NFO,27/11/2024,09:32:42,52750.35,52740,15,52748.7,15,75,162405
BANKNIFTY-III.NFO,27/11/2024,09:32:43,52751.7,52740,15,52751.5,90,15,162405
BANKNIFTY-III.NFO,27/11/2024,09:32:45,52751.7,52741.6,105,52755,15,0,162405
BANKNIFTY-III.NFO,27/11/2024,09:32:47,52751.7,52740.8,75,52755,15,0,162405
BANKNIFTY-III.NFO,27/11/2024,09:32:48,52751.7,52741.75,60,52755,15,0,162405
BANKNIFTY-III.NFO,27/11/2024,09:32:50,52751.7,52741,75,52755,15,0,162405
BANKNIFTY-III.NFO,27/11/2024,09:32:52,52751.7,52751.7,15,52755,15,0,162405
BANKNIFTY-III.NFO,27/11/2024,09:32:53,52755,52751.7,90,52764.45,15,15,162405
BANKNIFTY-III.NFO,27/11/2024,09:32:55,52755,52751.7,90,52763.8,90,0,162405
BANKNIFTY-III.NFO,27/11/2024,09:32:57,52755,52751.7,90,52763.5,45,0,162405
BANKNIFTY-III.NFO,27/11/2024,09:32:58,52764,52751.7,15,52760.55,60,75,162405
BANKNIFTY-III.NFO,27/11/2024,09:33:00,52764,52751.7,15,52756.15,60,0,162405
BANKNIFTY-III.NFO,27/11/2024,09:33:01,52764,52751.7,15,52758.7,60,0,162405
BANKNIFTY-III.NFO,27/11/2024,09:33:03,52759.55,52742.3,75,52760.35,60,15,162405
BANKNIFTY-III.NFO,27/11/2024,09:33:05,52759.55,52743.15,75,52760.25,60,0,162405
BANKNIFTY-III.NFO,27/11/2024,09:33:06,52759.55,52745.4,75,52760.75,45,0,162405
BANKNIFTY-III.NFO,27/11/2024,09:33:08,52743.3,52743.3,75,52760.8,30,15,162405
BANKNIFTY-III.NFO,27/11/2024,09:33:10,52743.3,52743.6,15,52760.25,30,0,162405
BANKNIFTY-III.NFO,27/11/2024,09:33:11,52743.3,52743,15,52759.55,30,0,162405
BANKNIFTY-III.NFO,27/11/2024,09:33:13,52743.3,52740,15,52754.8,15,0,162405
BANKNIFTY-III.NFO,27/11/2024,09:33:15,52743.3,52740,15,52750.65,15,0,162405
BANKNIFTY-III.NFO,27/11/2024,09:33:18,52743.3,52740,15,52751.55,15,0,162405
BANKNIFTY-III.NFO,27/11/2024,09:33:20,52743.3,52740,15,52751.4,15,0,162405
BANKNIFTY-III.NFO,27/11/2024,09:33:21,52743.3,52740,15,52743.3,30,0,162405
BANKNIFTY-III.NFO,27/11/2024,09:33:26,52743.3,52740,15,52745.15,15,30,162405
BANKNIFTY-III.NFO,27/11/2024,09:33:28,52743.3,52740,15,52743.25,105,0,162405
BANKNIFTY-III.NFO,27/11/2024,09:33:30,52743.3,52740,15,52742.05,105,0,162405
BANKNIFTY-III.NFO,27/11/2024,09:33:31,52743.3,52740,15,52741.05,105,0,162405
BANKNIFTY-III.NFO,27/11/2024,09:33:33,52740,52724.9,60,52738.1,90,15,162405
BANKNIFTY-III.NFO,27/11/2024,09:33:35,52740,52726.65,75,52742.1,15,0,162405
BANKNIFTY-III.NFO,27/11/2024,09:33:36,52740,52725.35,75,52741.45,30,0,162405
BANKNIFTY-III.NFO,27/11/2024,09:33:38,52740,52722.85,75,52740.3,15,0,162405
BANKNIFTY-III.NFO,27/11/2024,09:33:40,52740,52722.3,60,52737.85,30,0,162405
BANKNIFTY-III.NFO,27/11/2024,09:33:41,52740,52723.2,75,52739.5,30,0,162405
BANKNIFTY-III.NFO,27/11/2024,09:33:43,52740,52725.5,75,52744.35,15,0,162405
BANKNIFTY-III.NFO,27/11/2024,09:33:45,52740,52727.95,75,52745.3,30,0,162405
BANKNIFTY-III.NFO,27/11/2024,09:33:46,52740,52727.3,60,52741.8,15,0,162405
BANKNIFTY-III.NFO,27/11/2024,09:33:48,52740,52731.45,105,52748.05,60,0,162405
BANKNIFTY-III.NFO,27/11/2024,09:33:50,52740,52745.3,15,52750.05,15,0,162405
BANKNIFTY-III.NFO,27/11/2024,09:33:51,52751.55,52745.3,15,52749.5,45,45,162405
BANKNIFTY-III.NFO,27/11/2024,09:33:53,52751.55,52745.3,15,52750.75,45,0,162405
BANKNIFTY-III.NFO,27/11/2024,09:33:55,52751.55,52745.3,15,52747.9,45,0,162405
BANKNIFTY-III.NFO,27/11/2024,09:33:56,52745.3,52730.1,60,52744.65,90,15,162405
BANKNIFTY-III.NFO,27/11/2024,09:33:58,52745.3,52731.25,75,52747.55,105,0,162405
BANKNIFTY-III.NFO,27/11/2024,09:34:00,52748.7,52729.05,75,52746.7,30,15,162405
BANKNIFTY-III.NFO,27/11/2024,09:34:01,52747.9,52740,75,52744.5,60,120,162405
BANKNIFTY-III.NFO,27/11/2024,09:34:03,52747.9,52740,75,52745.35,60,0,162405
BANKNIFTY-III.NFO,27/11/2024,09:34:04,52747.9,52740,75,52740.75,60,0,162405
BANKNIFTY-III.NFO,27/11/2024,09:34:06,52747.9,52740,75,52749.5,60,0,162405
BANKNIFTY-III.NFO,27/11/2024,09:34:08,52740,52747.9,15,52755.05,60,15,162495
BANKNIFTY-III.NFO,27/11/2024,09:34:10,52740,52747.9,15,52751.8,60,0,162495
BANKNIFTY-III.NFO,27/11/2024,09:34:11,52740,52747.9,15,52753.35,120,0,162495
BANKNIFTY-III.NFO,27/11/2024,09:34:13,52747.9,52740,60,52746.65,90,15,162495
BANKNIFTY-III.NFO,27/11/2024,09:34:15,52747.9,52740,60,52749.2,45,0,162495
BANKNIFTY-III.NFO,27/11/2024,09:34:16,52747.9,52740,60,52741.1,90,0,162495
BANKNIFTY-III.NFO,27/11/2024,09:34:18,52740,52720.35,75,52734.55,30,60,162495
BANKNIFTY-III.NFO,27/11/2024,09:34:20,52738.95,52722.55,75,52739.45,90,150,162495
BANKNIFTY-III.NFO,27/11/2024,09:34:21,52738.95,52720.85,15,52736,15,0,162495
BANKNIFTY-III.NFO,27/11/2024,09:34:23,52734.3,52721,75,52736.05,15,30,162495
BANKNIFTY-III.NFO,27/11/2024,09:34:24,52734.3,52722.2,30,52736.95,120,0,162495
BANKNIFTY-III.NFO,27/11/2024,09:34:26,52734.3,52720,30,52732.8,150,0,162495
BANKNIFTY-III.NFO,27/11/2024,09:34:28,52720,52720,15,52726,75,30,162495
BANKNIFTY-III.NFO,27/11/2024,09:34:29,52721.1,52705.65,75,52722.05,60,30,162495
BANKNIFTY-III.NFO,27/11/2024,09:34:31,52721.6,52705.05,30,52721.6,75,150,162495
BANKNIFTY-III.NFO,27/11/2024,09:34:33,52721.6,52707.85,75,52724.7,15,0,162495
BANKNIFTY-III.NFO,27/11/2024,09:34:34,52721.6,52705.65,75,52723.15,15,0,162495
BANKNIFTY-III.NFO,27/11/2024,09:34:36,52721.6,52707.25,75,52722.65,30,0,162495
BANKNIFTY-III.NFO,27/11/2024,09:34:38,52721.6,52707.7,60,52724.25,15,0,162495
BANKNIFTY-III.NFO,27/11/2024,09:34:39,52721.6,52707,30,52722.85,45,0,162495
BANKNIFTY-III.NFO,27/11/2024,09:34:41,52721.6,52705.15,75,52720.05,15,0,162495
BANKNIFTY-III.NFO,27/11/2024,09:34:43,52721.6,52705.8,30,52720.05,15,0,162495
BANKNIFTY-III.NFO,27/11/2024,09:34:44,52721.6,52705.1,60,52720.5,75,0,162495
BANKNIFTY-III.NFO,27/11/2024,09:34:46,52705.05,52705,15,52717.6,15,15,162495
BANKNIFTY-III.NFO,27/11/2024,09:34:47,52705.05,52705,15,52717,15,0,162495
BANKNIFTY-III.NFO,27/11/2024,09:34:49,52705.05,52710,30,52719.45,15,0,162495
BANKNIFTY-III.NFO,27/11/2024,09:34:51,52705.05,52710,30,52717.65,15,0,162495
BANKNIFTY-III.NFO,27/11/2024,09:34:52,52705.05,52710,30,52716.1,15,0,162495
BANKNIFTY-III.NFO,27/11/2024,09:34:54,52715,52710,30,52713.6,15,15,162495
BANKNIFTY-III.NFO,27/11/2024,09:34:56,52715,52710,30,52714.65,15,0,162495
BANKNIFTY-III.NFO,27/11/2024,09:34:57,52715,52710,30,52711.55,15,0,162495
BANKNIFTY-III.NFO,27/11/2024,09:34:59,52712.45,52705,15,52711.1,30,105,162495
BANKNIFTY-III.NFO,27/11/2024,09:35:01,52712.45,52705.05,150,52711.35,15,0,162495
BANKNIFTY-III.NFO,27/11/2024,09:35:02,52712.45,52705.05,150,52714.1,15,0,162495
BANKNIFTY-III.NFO,27/11/2024,09:35:04,52712.45,52705.05,150,52714.1,30,0,162495
BANKNIFTY-III.NFO,27/11/2024,09:35:05,52712.45,52705.05,150,52714.2,30,0,162495
BANKNIFTY-III.NFO,27/11/2024,09:35:07,52713,52705.05,150,52714.3,15,15,162495
BANKNIFTY-III.NFO,27/11/2024,09:35:09,52713,52705.05,150,52712.45,15,0,162495
BANKNIFTY-III.NFO,27/11/2024,09:35:12,52713,52705.7,90,52712.45,15,0,162495
BANKNIFTY-III.NFO,27/11/2024,09:35:14,52713,52706.9,60,52712.45,15,0,162495
BANKNIFTY-III.NFO,27/11/2024,09:35:15,52713,52706,60,52712.45,15,0,162495
BANKNIFTY-III.NFO,27/11/2024,09:35:17,52713,52706.45,60,52712.45,15,0,162495
BANKNIFTY-III.NFO,27/11/2024,09:35:19,52713,52706.95,60,52712.45,15,0,162495
BANKNIFTY-III.NFO,27/11/2024,09:35:20,52713,52707.05,60,52712.45,15,0,162495
BANKNIFTY-III.NFO,27/11/2024,09:35:22,52713,52706.35,90,52712.45,15,0,162495
BANKNIFTY-III.NFO,27/11/2024,09:35:24,52712.45,52707.15,60,52715,15,15,162495
BANKNIFTY-III.NFO,27/11/2024,09:35:25,52712.45,52705.95,60,52715,15,0,162495
BANKNIFTY-III.NFO,27/11/2024,09:35:27,52712.45,52705.3,75,52715,15,0,162495
BANKNIFTY-III.NFO,27/11/2024,09:35:29,52715,52715.55,60,52731.6,15,15,162495
BANKNIFTY-III.NFO,27/11/2024,09:35:30,52715,52715.55,60,52730.3,75,0,162495
BANKNIFTY-III.NFO,27/11/2024,09:35:32,52715,52716.15,75,52732.95,45,0,162495
BANKNIFTY-III.NFO,27/11/2024,09:35:34,52715,52720.35,75,52738.15,30,0,162495
BANKNIFTY-III.NFO,27/11/2024,09:35:35,52715,52715.25,105,52732.95,75,0,162495
BANKNIFTY-III.NFO,27/11/2024,09:35:37,52715,52719.45,105,52734.35,30,0,162495
BANKNIFTY-III.NFO,27/11/2024,09:35:39,52715,52719.65,105,52734.95,15,0,162495
BANKNIFTY-III.NFO,27/11/2024,09:35:40,52715,52715.15,75,52730.2,60,0,162495
BANKNIFTY-III.NFO,27/11/2024,09:35:42,52715,52712.7,75,52729,15,0,162495
BANKNIFTY-III.NFO,27/11/2024,09:35:43,52715,52714.65,60,52728.5,60,0,162495
BANKNIFTY-III.NFO,27/11/2024,09:35:45,52715,52713.1,75,52727.7,30,0,162495
BANKNIFTY-III.NFO,27/11/2024,09:35:47,52713.1,52713.45,75,52729.2,60,15,162495
BANKNIFTY-III.NFO,27/11/2024,09:35:48,52713.1,52713.1,60,52723.55,30,0,162495
BANKNIFTY-III.NFO,27/11/2024,09:35:50,52713.1,52713.05,15,52722.65,60,30,162495
BANKNIFTY-III.NFO,27/11/2024,09:35:52,52713.1,52715.5,45,52723.2,45,0,162495
BANKNIFTY-III.NFO,27/11/2024,09:35:53,52715.5,52713.05,15,52716.05,45,45,162495
BANKNIFTY-III.NFO,27/11/2024,09:35:55,52713.05,52705.05,150,52711.45,45,15,162495
BANKNIFTY-III.NFO,27/11/2024,09:35:57,52713.05,52705.05,150,52706.95,150,0,162495
BANKNIFTY-III.NFO,27/11/2024,09:35:58,52700.7,52700.7,15,52704.1,45,180,162495
BANKNIFTY-III.NFO,27/11/2024,09:36:00,52700.7,52700.7,15,52709.15,45,0,162495
BANKNIFTY-III.NFO,27/11/2024,09:36:02,52700.7,52700.7,15,52708.9,120,0,162495
BANKNIFTY-III.NFO,27/11/2024,09:36:03,52700.7,52701.5,30,52706.05,75,0,162495
BANKNIFTY-III.NFO,27/11/2024,09:36:05,52700.7,52701.5,30,52707.25,15,0,162495
BANKNIFTY-III.NFO,27/11/2024,09:36:07,52700.7,52701.5,30,52705.2,45,0,162495
BANKNIFTY-III.NFO,27/11/2024,09:36:08,52700.7,52701.5,30,52701.75,15,0,162495
BANKNIFTY-III.NFO,27/11/2024,09:36:10,52700.7,52701.5,30,52703.75,30,0,162495
BANKNIFTY-III.NFO,27/11/2024,09:36:12,52700.7,52702.5,300,52707.35,45,0,162495
BANKNIFTY-III.NFO,27/11/2024,09:36:13,52700.7,52702.5,300,52705,45,0,162495
BANKNIFTY-III.NFO,27/11/2024,09:36:15,52702.5,52702.5,120,52705.65,75,180,162495
BANKNIFTY-III.NFO,27/11/2024,09:36:16,52702.5,52702.5,120,52703.7,120,0,162495
BANKNIFTY-III.NFO,27/11/2024,09:36:18,52702.5,52702.5,105,52704.2,120,15,162495
BANKNIFTY-III.NFO,27/11/2024,09:36:20,52702.5,52702.5,90,52702.85,75,15,162495
BANKNIFTY-III.NFO,27/11/2024,09:36:21,52666,52666,90,52683.65,60,735,162495
BANKNIFTY-III.NFO,27/11/2024,09:36:21,52666,52666,90,52683.65,60,0,162495
BANKNIFTY-III.NFO,27/11/2024,09:36:23,52683.65,52668.75,30,52681.7,60,30,162495
BANKNIFTY-III.NFO,27/11/2024,09:36:25,52682.05,52666.95,30,52682.75,45,45,162495
BANKNIFTY-III.NFO,27/11/2024,09:36:26,52682.05,52667.55,60,52686.55,45,0,162495
BANKNIFTY-III.NFO,27/11/2024,09:36:28,52682.05,52671.45,75,52685.3,15,0,162495
BANKNIFTY-III.NFO,27/11/2024,09:36:30,52682.05,52677.35,60,52693.4,45,0,162495
BANKNIFTY-III.NFO,27/11/2024,09:36:31,52682.05,52675.8,75,52690.85,30,0,162495
BANKNIFTY-III.NFO,27/11/2024,09:36:33,52682.05,52677.15,75,52693.3,75,0,162495
BANKNIFTY-III.NFO,27/11/2024,09:36:35,52682.05,52680.4,105,52695.95,30,0,162495
BANKNIFTY-III.NFO,27/11/2024,09:36:36,52682.05,52680.2,75,52700,45,0,162495
BANKNIFTY-III.NFO,27/11/2024,09:36:38,52682.05,52690.95,75,52700,30,0,162495
BANKNIFTY-III.NFO,27/11/2024,09:36:40,52682.05,52693.45,60,52700,30,0,162495
BANKNIFTY-III.NFO,27/11/2024,09:36:41,52694.95,52700.9,60,52720.85,45,45,162495
BANKNIFTY-III.NFO,27/11/2024,09:36:43,52694.95,52707.8,60,52725.45,90,0,162495
BANKNIFTY-III.NFO,27/11/2024,09:36:45,52694.95,52704.6,75,52722.55,45,0,162495
BANKNIFTY-III.NFO,27/11/2024,09:36:46,52694.95,52709.45,60,52727.95,45,0,162495
BANKNIFTY-III.NFO,27/11/2024,09:36:48,52709.25,52706.85,15,52726.1,75,60,162495
BANKNIFTY-III.NFO,27/11/2024,09:36:49,52709.25,52703.4,30,52722.25,15,0,162495
BANKNIFTY-III.NFO,27/11/2024,09:36:51,52709.25,52703.55,30,52726.75,15,0,162495
BANKNIFTY-III.NFO,27/11/2024,09:36:53,52709.25,52705.8,30,52731.9,90,0,162495
BANKNIFTY-III.NFO,27/11/2024,09:36:54,52709.25,52705.8,30,52725.3,75,0,162495
BANKNIFTY-III.NFO,27/11/2024,09:36:56,52709.25,52705.8,30,52727.75,90,0,162495
BANKNIFTY-III.NFO,27/11/2024,09:36:58,52709.25,52710.55,45,52728.25,60,0,162495
BANKNIFTY-III.NFO,27/11/2024,09:36:59,52709.25,52710.55,45,52728.25,75,0,162495
BANKNIFTY-III.NFO,27/11/2024,09:37:01,52709.25,52710.55,45,52720,60,0,162495
BANKNIFTY-III.NFO,27/11/2024,09:37:02,52709.25,52710.5,45,52720,60,0,162495
BANKNIFTY-III.NFO,27/11/2024,09:37:06,52709.25,52710.55,30,52720,60,0,162495
BANKNIFTY-III.NFO,27/11/2024,09:37:09,52709.25,52713.05,30,52720,60,0,162495
BANKNIFTY-III.NFO,27/11/2024,09:37:11,52709.25,52713,30,52720,60,0,162495
BANKNIFTY-III.NFO,27/11/2024,09:37:14,52709.25,52713.05,45,52720,60,0,162495
BANKNIFTY-III.NFO,27/11/2024,09:37:17,52720,52713.05,45,52720,45,15,162480
BANKNIFTY-III.NFO,27/11/2024,09:37:19,52713.05,52713.05,30,52720,45,15,162480
BANKNIFTY-III.NFO,27/11/2024,09:37:20,52713.05,52713,30,52720,45,0,162480
BANKNIFTY-III.NFO,27/11/2024,09:37:22,52713.05,52713.05,45,52720,45,0,162480
BANKNIFTY-III.NFO,27/11/2024,09:37:23,52713.05,52714.5,30,52720,45,0,162480
BANKNIFTY-III.NFO,27/11/2024,09:37:25,52720,52714.5,45,52736.4,75,45,162480
BANKNIFTY-III.NFO,27/11/2024,09:37:27,52720,52714.5,45,52735.45,75,0,162480
BANKNIFTY-III.NFO,27/11/2024,09:37:28,52720,52714.5,45,52734.35,75,0,162480
BANKNIFTY-III.NFO,27/11/2024,09:37:30,52720,52714.5,45,52735.35,75,0,162480
BANKNIFTY-III.NFO,27/11/2024,09:37:32,52720,52714.5,45,52736.55,75,0,162480
BANKNIFTY-III.NFO,27/11/2024,09:37:33,52720,52714.5,45,52737.75,60,0,162480
BANKNIFTY-III.NFO,27/11/2024,09:37:35,52720,52714.5,45,52734.1,75,0,162480
BANKNIFTY-III.NFO,27/11/2024,09:37:37,52720,52714.5,45,52733.45,75,0,162480
BANKNIFTY-III.NFO,27/11/2024,09:37:38,52720,52713.05,30,52730.95,75,0,162480
BANKNIFTY-III.NFO,27/11/2024,09:37:40,52713,52711,45,52728.85,75,75,162480
BANKNIFTY-III.NFO,27/11/2024,09:37:42,52713,52720,15,52725.75,60,0,162480
BANKNIFTY-III.NFO,27/11/2024,09:37:43,52720,52710.7,45,52724.95,60,15,162480
BANKNIFTY-III.NFO,27/11/2024,09:37:45,52720,52710.7,45,52724.95,60,0,162480
BANKNIFTY-III.NFO,27/11/2024,09:37:47,52720,52712.05,45,52725,30,0,162480
BANKNIFTY-III.NFO,27/11/2024,09:37:48,52720,52710.7,45,52724.95,60,0,162480
BANKNIFTY-III.NFO,27/11/2024,09:37:50,52720,52710.5,45,52724.95,60,0,162480
BANKNIFTY-III.NFO,27/11/2024,09:37:51,52720,52710.55,30,52724.95,60,0,162480
BANKNIFTY-III.NFO,27/11/2024,09:37:55,52720,52713.7,30,52724.95,60,0,162480
BANKNIFTY-III.NFO,27/11/2024,09:37:56,52720,52710.5,45,52724.95,60,0,162480
BANKNIFTY-III.NFO,27/11/2024,09:38:00,52710.55,52710.55,45,52724.95,60,15,162480
BANKNIFTY-III.NFO,27/11/2024,09:38:01,52710.55,52710.55,30,52724.95,60,0,162480
BANKNIFTY-III.NFO,27/11/2024,09:38:03,52710.55,52713.5,15,52724.95,60,0,162480
BANKNIFTY-III.NFO,27/11/2024,09:38:05,52710.55,52710.5,45,52724,60,0,162480
BANKNIFTY-III.NFO,27/11/2024,09:38:06,52710.55,52710.5,45,52721.95,60,0,162480
BANKNIFTY-III.NFO,27/11/2024,09:38:08,52710.55,52710.5,45,52721.4,60,0,162480
BANKNIFTY-III.NFO,27/11/2024,09:38:09,52710.55,52710.5,45,52721.85,60,0,162480
BANKNIFTY-III.NFO,27/11/2024,09:38:11,52710.55,52710.9,45,52724.95,60,0,162480
BANKNIFTY-III.NFO,27/11/2024,09:38:13,52710.55,52710.55,45,52724.95,60,0,162480
BANKNIFTY-III.NFO,27/11/2024,09:38:16,52710.55,52710.5,60,52713,450,0,162480
BANKNIFTY-III.NFO,27/11/2024,09:38:17,52710.55,52710.5,45,52713,450,0,162480
BANKNIFTY-III.NFO,27/11/2024,09:38:19,52710.5,52710.5,30,52713,450,15,162480
BANKNIFTY-III.NFO,27/11/2024,09:38:21,52713,52710.5,30,52713,420,30,162480
BANKNIFTY-III.NFO,27/11/2024,09:38:22,52713,52710.5,30,52713,405,15,162480
BANKNIFTY-III.NFO,27/11/2024,09:38:24,52710.5,52710.5,15,52713,405,15,162480
BANKNIFTY-III.NFO,27/11/2024,09:38:25,52710.5,52710.5,15,52713,405,0,162480
BANKNIFTY-III.NFO,27/11/2024,09:38:29,52710.5,52695.6,30,52712.95,75,30,162480
BANKNIFTY-III.NFO,27/11/2024,09:38:30,52710.5,52697.25,15,52712.95,75,0,162480
BANKNIFTY-III.NFO,27/11/2024,09:38:32,52713,52699,15,52712.95,60,450,162480
BANKNIFTY-III.NFO,27/11/2024,09:38:34,52713,52694.8,30,52712.95,60,0,162480
BANKNIFTY-III.NFO,27/11/2024,09:38:35,52713,52696.6,30,52712.95,60,0,162480
BANKNIFTY-III.NFO,27/11/2024,09:38:37,52713,52693.3,75,52712.5,45,0,162480
BANKNIFTY-III.NFO,27/11/2024,09:38:39,52713,52692,15,52706.1,45,0,162480
BANKNIFTY-III.NFO,27/11/2024,09:38:40,52713,52691.7,45,52709.05,60,0,162480
BANKNIFTY-III.NFO,27/11/2024,09:38:42,52713,52694.25,45,52711.75,60,0,162480
BANKNIFTY-III.NFO,27/11/2024,09:38:43,52713,52695.95,45,52712.85,60,0,162480
BANKNIFTY-III.NFO,27/11/2024,09:38:45,52713,52693.95,45,52711.95,60,0,162480
BANKNIFTY-III.NFO,27/11/2024,09:38:47,52713,52692.85,30,52711.2,45,0,162480
BANKNIFTY-III.NFO,27/11/2024,09:38:48,52711,52691.5,45,52710.5,45,15,162480
BANKNIFTY-III.NFO,27/11/2024,09:38:50,52711,52687,45,52704.3,45,0,162480
BANKNIFTY-III.NFO,27/11/2024,09:38:52,52711,52689.35,105,52700,30,0,162480
BANKNIFTY-III.NFO,27/11/2024,09:38:53,52711,52692,30,52700,30,0,162480
BANKNIFTY-III.NFO,27/11/2024,09:38:55,52711,52689,60,52700,90,0,162480
BANKNIFTY-III.NFO,27/11/2024,09:38:56,52711,52690.85,75,52700,90,0,162480
BANKNIFTY-III.NFO,27/11/2024,09:38:58,52711,52688.7,30,52700,90,0,162480
BANKNIFTY-III.NFO,27/11/2024,09:39:00,52711,52689.3,45,52700,90,0,162480
BANKNIFTY-III.NFO,27/11/2024,09:39:01,52711,52687.45,45,52699.95,30,0,162480
BANKNIFTY-III.NFO,27/11/2024,09:39:03,52711,52682.15,60,52699.95,30,0,162480
BANKNIFTY-III.NFO,27/11/2024,09:39:04,52711,52682.65,75,52699.95,30,0,162480
BANKNIFTY-III.NFO,27/11/2024,09:39:06,52711,52685.6,45,52699.95,30,0,162480
BANKNIFTY-III.NFO,27/11/2024,09:39:08,52711,52681.9,45,52699.95,45,0,162480
BANKNIFTY-III.NFO,27/11/2024,09:39:09,52711,52683,45,52699.95,45,0,162480
BANKNIFTY-III.NFO,27/11/2024,09:39:11,52711,52683.95,45,52699.95,30,0,162480
BANKNIFTY-III.NFO,27/11/2024,09:39:12,52711,52681.2,45,52699.55,30,0,162480
BANKNIFTY-III.NFO,27/11/2024,09:39:14,52711,52683.65,15,52699.95,30,0,162480
BANKNIFTY-III.NFO,27/11/2024,09:39:16,52711,52683.05,45,52699.95,45,0,162480
BANKNIFTY-III.NFO,27/11/2024,09:39:17,52680.9,52680.35,45,52698.4,45,60,162480
BANKNIFTY-III.NFO,27/11/2024,09:39:19,52680.9,52680,30,52696.9,45,0,162480
BANKNIFTY-III.NFO,27/11/2024,09:39:20,52680.9,52681.7,75,52699.95,45,0,162480
BANKNIFTY-III.NFO,27/11/2024,09:39:22,52680.9,52682.15,75,52699.95,45,0,162480
BANKNIFTY-III.NFO,27/11/2024,09:39:24,52680.9,52682,75,52699.05,45,0,162480
BANKNIFTY-III.NFO,27/11/2024,09:39:25,52680.9,52680.05,75,52697.3,45,0,162480
BANKNIFTY-III.NFO,27/11/2024,09:39:27,52680.9,52681.55,75,52699.55,45,0,162480
BANKNIFTY-III.NFO,27/11/2024,09:39:29,52680.9,52680,15,52695.45,45,0,162480
BANKNIFTY-III.NFO,27/11/2024,09:39:30,52680.9,52680,15,52694.85,30,0,162480
BANKNIFTY-III.NFO,27/11/2024,09:39:32,52680.9,52680,15,52693.65,30,0,162480
BANKNIFTY-III.NFO,27/11/2024,09:39:34,52680.9,52680,15,52693.8,30,0,162480
BANKNIFTY-III.NFO,27/11/2024,09:39:35,52680.9,52676.25,75,52693.8,45,0,162480
BANKNIFTY-III.NFO,27/11/2024,09:39:37,52680.9,52675.05,60,52693.5,30,0,162480
BANKNIFTY-III.NFO,27/11/2024,09:39:38,52680.9,52680,30,52690.85,45,0,162480
BANKNIFTY-III.NFO,27/11/2024,09:39:40,52691.4,52680,30,52691.4,30,15,162480
BANKNIFTY-III.NFO,27/11/2024,09:39:42,52691,52680,30,52693.1,30,15,162480
BANKNIFTY-III.NFO,27/11/2024,09:39:43,52691,52680,30,52681.5,15,0,162480
BANKNIFTY-III.NFO,27/11/2024,09:39:45,52681.5,52680,30,52685.6,45,15,162480
BANKNIFTY-III.NFO,27/11/2024,09:39:47,52688.25,52680,30,52687.7,75,30,162480
BANKNIFTY-III.NFO,27/11/2024,09:39:48,52687.55,52680,30,52686.8,75,15,162480
BANKNIFTY-III.NFO,27/11/2024,09:39:50,52687.6,52680,30,52687.95,75,15,162480
BANKNIFTY-III.NFO,27/11/2024,09:39:52,52680,52680,15,52690,30,15,162480
BANKNIFTY-III.NFO,27/11/2024,09:39:53,52690,52680,15,52687.8,75,15,162480
BANKNIFTY-III.NFO,27/11/2024,09:39:55,52690,52680,15,52687.55,75,0,162480
BANKNIFTY-III.NFO,27/11/2024,09:39:57,52680,52675,15,52686.15,15,15,162480
BANKNIFTY-III.NFO,27/11/2024,09:39:58,52687.65,52675,15,52687.95,15,15,162480
BANKNIFTY-III.NFO,27/11/2024,09:40:00,52687.65,52675,15,52682.6,75,0,162480
BANKNIFTY-III.NFO,27/11/2024,09:40:01,52687.65,52675,15,52681.25,75,0,162480
BANKNIFTY-III.NFO,27/11/2024,09:40:03,52675,52670,60,52681,15,30,162480
BANKNIFTY-III.NFO,27/11/2024,09:40:05,52670,52670,45,52679.65,60,15,162870
BANKNIFTY-III.NFO,27/11/2024,09:40:06,52670,52670,45,52676.05,75,0,162870
BANKNIFTY-III.NFO,27/11/2024,09:40:08,52670,52666,90,52678.4,15,45,162870
BANKNIFTY-III.NFO,27/11/2024,09:40:10,52670,52666.2,90,52681.45,15,0,162870
BANKNIFTY-III.NFO,27/11/2024,09:40:11,52670,52667.8,60,52682.55,75,0,162870
BANKNIFTY-III.NFO,27/11/2024,09:40:13,52668.3,52682.65,15,52685.25,30,30,162870
BANKNIFTY-III.NFO,27/11/2024,09:40:14,52687.25,52671.6,75,52687.45,60,30,162870
BANKNIFTY-III.NFO,27/11/2024,09:40:16,52687.25,52671.05,60,52688.6,30,0,162870
BANKNIFTY-III.NFO,27/11/2024,09:40:18,52687.25,52670.9,60,52686.65,90,0,162870
BANKNIFTY-III.NFO,27/11/2024,09:40:19,52687.25,52670.7,60,52686.4,30,0,162870
BANKNIFTY-III.NFO,27/11/2024,09:40:21,52687.25,52669.6,75,52688.2,75,0,162870
BANKNIFTY-III.NFO,27/11/2024,09:40:22,52687.25,52668.1,75,52684.7,15,0,162870
BANKNIFTY-III.NFO,27/11/2024,09:40:24,52687.25,52666.05,60,52681.25,15,0,162870
BANKNIFTY-III.NFO,27/11/2024,09:40:26,52687.25,52668.45,105,52683.55,60,0,162870
BANKNIFTY-III.NFO,27/11/2024,09:40:27,52687.25,52667.2,60,52682.35,75,0,162870
BANKNIFTY-III.NFO,27/11/2024,09:40:29,52687.25,52667.15,30,52681.65,75,0,162870
BANKNIFTY-III.NFO,27/11/2024,09:40:31,52676.55,52666,90,52675.25,15,15,162870
BANKNIFTY-III.NFO,27/11/2024,09:40:32,52676.55,52666,90,52677.55,15,0,162870
BANKNIFTY-III.NFO,27/11/2024,09:40:34,52676.55,52670,15,52673,75,0,162870
BANKNIFTY-III.NFO,27/11/2024,09:40:35,52670,52666,90,52672.1,75,30,162870
BANKNIFTY-III.NFO,27/11/2024,09:40:37,52670,52666,90,52669.05,75,0,162870
BANKNIFTY-III.NFO,27/11/2024,09:40:39,52666,52666,60,52666.45,60,30,162870
BANKNIFTY-III.NFO,27/11/2024,09:40:40,52666,52650.05,45,52659.15,75,165,162870
BANKNIFTY-III.NFO,27/11/2024,09:40:42,52666,52652,30,52665.65,75,0,162870
BANKNIFTY-III.NFO,27/11/2024,09:40:44,52666,52651.7,30,52665.75,90,0,162870
BANKNIFTY-III.NFO,27/11/2024,09:40:45,52661.5,52650.1,30,52663.8,75,15,162870
BANKNIFTY-III.NFO,27/11/2024,09:40:45,52661.5,52650.1,30,52663.8,75,0,162870
BANKNIFTY-III.NFO,27/11/2024,09:40:47,52661.5,52650.05,45,52662.05,30,0,162870
BANKNIFTY-III.NFO,27/11/2024,09:40:49,52661.5,52650.05,45,52659.3,75,0,162870
BANKNIFTY-III.NFO,27/11/2024,09:40:50,52661.5,52650.05,45,52660.45,75,0,162870
BANKNIFTY-III.NFO,27/11/2024,09:40:52,52661.5,52650.05,45,52660.55,30,0,162870
BANKNIFTY-III.NFO,27/11/2024,09:40:54,52661.5,52650.05,45,52661.7,75,0,162870
BANKNIFTY-III.NFO,27/11/2024,09:40:55,52659.7,52650.05,45,52658.55,75,15,162870
BANKNIFTY-III.NFO,27/11/2024,09:40:55,52659.7,52650.05,45,52658.55,75,0,162870
BANKNIFTY-III.NFO,27/11/2024,09:40:57,52650.05,52650.05,30,52658.9,30,15,162870
BANKNIFTY-III.NFO,27/11/2024,09:40:57,52650.05,52650.05,30,52658.9,30,0,162870
BANKNIFTY-III.NFO,27/11/2024,09:40:59,52650.05,52650.05,30,52658.25,30,0,162870
BANKNIFTY-III.NFO,27/11/2024,09:41:00,52650.05,52650.05,30,52658.15,15,0,162870
BANKNIFTY-III.NFO,27/11/2024,09:41:02,52650.05,52650.05,30,52657.9,15,0,162870
BANKNIFTY-III.NFO,27/11/2024,09:41:04,52650.05,52650.05,30,52658,75,0,162870
BANKNIFTY-III.NFO,27/11/2024,09:41:05,52650,52650,165,52650.05,120,45,162870
BANKNIFTY-III.NFO,27/11/2024,09:41:05,52650,52650,165,52650.05,120,0,162870
BANKNIFTY-III.NFO,27/11/2024,09:41:07,52650,52650,150,52650.05,90,45,162870
BANKNIFTY-III.NFO,27/11/2024,09:41:09,52650,52650,135,52650.05,90,15,162870
BANKNIFTY-III.NFO,27/11/2024,09:41:10,52650,52650,135,52650.05,90,0,162870
BANKNIFTY-III.NFO,27/11/2024,09:41:14,52650.05,52650.05,30,52664.35,75,90,162870
BANKNIFTY-III.NFO,27/11/2024,09:41:15,52650.05,52654.45,30,52666,15,0,162870
BANKNIFTY-III.NFO,27/11/2024,09:41:17,52650.05,52656.1,45,52666,15,0,162870
BANKNIFTY-III.NFO,27/11/2024,09:41:18,52650.05,52655.45,30,52666,15,0,162870
BANKNIFTY-III.NFO,27/11/2024,09:41:20,52655.7,52654.55,30,52666,15,15,162870
BANKNIFTY-III.NFO,27/11/2024,09:41:22,52655.7,52654.8,60,52666,15,0,162870
BANKNIFTY-III.NFO,27/11/2024,09:41:23,52655.7,52657.1,60,52666,15,0,162870
BANKNIFTY-III.NFO,27/11/2024,09:41:25,52655.7,52658.15,15,52666,15,0,162870
BANKNIFTY-III.NFO,27/11/2024,09:41:26,52655.7,52652.45,30,52666,15,0,162870
BANKNIFTY-III.NFO,27/11/2024,09:41:28,52655.7,52654.55,30,52666,15,0,162870
BANKNIFTY-III.NFO,27/11/2024,09:41:30,52666,52658.1,30,52676.15,105,15,162870
BANKNIFTY-III.NFO,27/11/2024,09:41:31,52679.95,52676.7,15,52679.75,60,15,162870
BANKNIFTY-III.NFO,27/11/2024,09:41:33,52679.75,52662.45,60,52680.2,75,15,162870
BANKNIFTY-III.NFO,27/11/2024,09:41:34,52680.2,52666,15,52678.85,90,15,162870
BANKNIFTY-III.NFO,27/11/2024,09:41:36,52679.5,52666,30,52682.4,60,15,162870
BANKNIFTY-III.NFO,27/11/2024,09:41:38,52681.05,52666,15,52679.2,30,15,162870
BANKNIFTY-III.NFO,27/11/2024,09:41:39,52679.2,52666,15,52678.85,15,15,162870
BANKNIFTY-III.NFO,27/11/2024,09:41:41,52678.75,52660,30,52674.2,90,15,162870
BANKNIFTY-III.NFO,27/11/2024,09:41:43,52674.2,52660,30,52671.55,75,15,162870
BANKNIFTY-III.NFO,27/11/2024,09:41:44,52671.55,52660.05,30,52674.45,75,15,162870
BANKNIFTY-III.NFO,27/11/2024,09:41:46,52674.45,52660,30,52673.7,75,15,162870
BANKNIFTY-III.NFO,27/11/2024,09:41:47,52673.05,52660,30,52670.7,75,15,162870
BANKNIFTY-III.NFO,27/11/2024,09:41:49,52670.7,52660,30,52668.55,75,15,162870
BANKNIFTY-III.NFO,27/11/2024,09:41:51,52670.7,52660,30,52667.9,75,0,162870
BANKNIFTY-III.NFO,27/11/2024,09:41:52,52670.7,52660,30,52668.45,75,0,162870
BANKNIFTY-III.NFO,27/11/2024,09:41:54,52670.7,52660,30,52670.5,75,0,162870
BANKNIFTY-III.NFO,27/11/2024,09:41:55,52670.7,52660,30,52669.05,75,0,162870
BANKNIFTY-III.NFO,27/11/2024,09:41:57,52670.7,52660,30,52667.15,75,0,162870
BANKNIFTY-III.NFO,27/11/2024,09:41:59,52670.7,52660,30,52671,75,0,162870
BANKNIFTY-III.NFO,27/11/2024,09:42:00,52670.7,52660,30,52667.95,15,0,162870
BANKNIFTY-III.NFO,27/11/2024,09:42:02,52670.7,52660,30,52673.45,75,0,162870
BANKNIFTY-III.NFO,27/11/2024,09:42:03,52670.7,52660.25,60,52676,75,0,162870
BANKNIFTY-III.NFO,27/11/2024,09:42:05,52670.7,52662.15,60,52674.75,15,0,162870
BANKNIFTY-III.NFO,27/11/2024,09:42:07,52670.7,52660.05,60,52677.45,75,0,162870
BANKNIFTY-III.NFO,27/11/2024,09:42:08,52677.45,52661.2,60,52679.4,75,15,162870
BANKNIFTY-III.NFO,27/11/2024,09:42:10,52677.45,52665,30,52679.85,75,0,162870
BANKNIFTY-III.NFO,27/11/2024,09:42:11,52677.45,52665,30,52680.15,75,0,162870
BANKNIFTY-III.NFO,27/11/2024,09:42:13,52677.45,52665,30,52678.95,15,0,162870
BANKNIFTY-III.NFO,27/11/2024,09:42:15,52677.45,52665,30,52679.45,75,0,162870
BANKNIFTY-III.NFO,27/11/2024,09:42:16,52677.45,52665,30,52676.05,150,0,162870
BANKNIFTY-III.NFO,27/11/2024,09:42:18,52677.45,52665,30,52672.65,75,0,162870
BANKNIFTY-III.NFO,27/11/2024,09:42:19,52677.45,52665,30,52672.4,15,0,162870
BANKNIFTY-III.NFO,27/11/2024,09:42:21,52677.45,52665,30,52668.1,75,0,162870
BANKNIFTY-III.NFO,27/11/2024,09:42:23,52665,52665,15,52667.95,75,15,162870
BANKNIFTY-III.NFO,27/11/2024,09:42:24,52665,52656,15,52664.2,75,15,162870
BANKNIFTY-III.NFO,27/11/2024,09:42:26,52665,52656,15,52662,75,0,162870
BANKNIFTY-III.NFO,27/11/2024,09:42:28,52665,52656,15,52662.6,30,0,162870
BANKNIFTY-III.NFO,27/11/2024,09:42:29,52665,52656,15,52663.6,75,0,162870
BANKNIFTY-III.NFO,27/11/2024,09:42:31,52665,52656,15,52665,30,0,162870
BANKNIFTY-III.NFO,27/11/2024,09:42:33,52665,52656,15,52663.7,75,0,162870
BANKNIFTY-III.NFO,27/11/2024,09:42:34,52665,52656,15,52663.85,15,0,162870
BANKNIFTY-III.NFO,27/11/2024,09:42:36,52665,52656,15,52665,45,0,162870
BANKNIFTY-III.NFO,27/11/2024,09:42:41,52665,52658.05,60,52665,45,0,162870
BANKNIFTY-III.NFO,27/11/2024,09:42:43,52665,52656.35,105,52665,45,0,162870
BANKNIFTY-III.NFO,27/11/2024,09:42:44,52665,52658.4,60,52665,60,0,162870
BANKNIFTY-III.NFO,27/11/2024,09:42:46,52665,52657.95,60,52665,75,0,162870
BANKNIFTY-III.NFO,27/11/2024,09:42:48,52665,52656.05,60,52665,75,0,162870
BANKNIFTY-III.NFO,27/11/2024,09:42:49,52665,52656,15,52665,75,0,162870
BANKNIFTY-III.NFO,27/11/2024,09:42:53,52665,52660,15,52665,60,15,162870
BANKNIFTY-III.NFO,27/11/2024,09:42:54,52665,52660,15,52665,60,0,162870
BANKNIFTY-III.NFO,27/11/2024,09:42:57,52665,52660,15,52662.9,75,0,162870
BANKNIFTY-III.NFO,27/11/2024,09:42:59,52665,52660,15,52665,45,15,162870
BANKNIFTY-III.NFO,27/11/2024,09:43:01,52665,52660,15,52665,15,30,162870
BANKNIFTY-III.NFO,27/11/2024,09:43:02,52665,52660,15,52665,15,0,162870
BANKNIFTY-III.NFO,27/11/2024,09:43:04,52660,52656,15,52662.15,75,30,162600
BANKNIFTY-III.NFO,27/11/2024,09:43:06,52650,52642.25,30,52658.3,15,210,162600
BANKNIFTY-III.NFO,27/11/2024,09:43:08,52650,52644.25,60,52656.45,15,0,162600
BANKNIFTY-III.NFO,27/11/2024,09:43:09,52650,52643.8,75,52657.35,15,0,162600
BANKNIFTY-III.NFO,27/11/2024,09:43:11,52650,52643.75,60,52659.75,75,0,162600
BANKNIFTY-III.NFO,27/11/2024,09:43:13,52650,52641,30,52657.15,90,0,162600
BANKNIFTY-III.NFO,27/11/2024,09:43:14,52650,52644.15,105,52662.7,30,0,162600
BANKNIFTY-III.NFO,27/11/2024,09:43:16,52650,52650.05,75,52665,15,0,162600
BANKNIFTY-III.NFO,27/11/2024,09:43:17,52650,52650.9,105,52665,15,0,162600
BANKNIFTY-III.NFO,27/11/2024,09:43:19,52654,52654.65,105,52665,15,15,162600
BANKNIFTY-III.NFO,27/11/2024,09:43:21,52654,52654.95,75,52665,15,0,162600
BANKNIFTY-III.NFO,27/11/2024,09:43:22,52654,52656.15,75,52665,15,0,162600
BANKNIFTY-III.NFO,27/11/2024,09:43:24,52656.15,52661.5,60,52665,15,15,162600
BANKNIFTY-III.NFO,27/11/2024,09:43:26,52665,52661.45,15,52676.6,15,15,162600
BANKNIFTY-III.NFO,27/11/2024,09:43:27,52665,52661,90,52679.6,30,0,162600
BANKNIFTY-III.NFO,27/11/2024,09:43:29,52665,52658.5,60,52677.1,15,0,162600
BANKNIFTY-III.NFO,27/11/2024,09:43:31,52665,52660.25,75,52678.2,15,0,162600
BANKNIFTY-III.NFO,27/11/2024,09:43:32,52665,52657.4,75,52674,30,0,162600
BANKNIFTY-III.NFO,27/11/2024,09:43:34,52665,52659.95,75,52678.05,30,0,162600
BANKNIFTY-III.NFO,27/11/2024,09:43:35,52665,52657.45,60,52674.15,15,0,162600
BANKNIFTY-III.NFO,27/11/2024,09:43:37,52665,52659.45,105,52677.75,30,0,162600
BANKNIFTY-III.NFO,27/11/2024,09:43:39,52665,52660.1,75,52674.95,15,0,162600
BANKNIFTY-III.NFO,27/11/2024,09:43:40,52665,52665,15,52674.95,30,0,162600
BANKNIFTY-III.NFO,27/11/2024,09:43:42,52665,52665,15,52672,15,0,162600
BANKNIFTY-III.NFO,27/11/2024,09:43:44,52665,52665,15,52668.15,15,0,162600
BANKNIFTY-III.NFO,27/11/2024,09:43:45,52665,52665,15,52670.7,15,0,162600
BANKNIFTY-III.NFO,27/11/2024,09:43:47,52665,52665,15,52668.1,15,0,162600
BANKNIFTY-III.NFO,27/11/2024,09:43:49,52665,52665,15,52668.35,15,0,162600
BANKNIFTY-III.NFO,27/11/2024,09:43:50,52665,52650.7,30,52667.5,15,15,162600
BANKNIFTY-III.NFO,27/11/2024,09:43:52,52665,52647.8,75,52667.15,15,0,162600
BANKNIFTY-III.NFO,27/11/2024,09:43:53,52669.35,52650.55,30,52666.65,75,60,162600
BANKNIFTY-III.NFO,27/11/2024,09:43:55,52669.35,52649.65,75,52668.45,60,0,162600
BANKNIFTY-III.NFO,27/11/2024,09:43:57,52669.35,52651.25,75,52668.05,15,0,162600
BANKNIFTY-III.NFO,27/11/2024,09:43:58,52669.35,52651.2,30,52667.4,75,0,162600
BANKNIFTY-III.NFO,27/11/2024,09:44:00,52669.35,52653.05,75,52672.75,15,0,162600
BANKNIFTY-III.NFO,27/11/2024,09:44:02,52669.35,52655.05,60,52672.25,90,0,162600
BANKNIFTY-III.NFO,27/11/2024,09:44:03,52669.35,52651.4,105,52668.2,90,0,162600
BANKNIFTY-III.NFO,27/11/2024,09:44:05,52669.35,52651.95,60,52665.45,15,0,162600
BANKNIFTY-III.NFO,27/11/2024,09:44:07,52669.35,52654,105,52670,30,0,162600
BANKNIFTY-III.NFO,27/11/2024,09:44:08,52669.35,52655.45,60,52670,30,0,162600
BANKNIFTY-III.NFO,27/11/2024,09:44:10,52669.35,52659.15,75,52670,30,0,162600
BANKNIFTY-III.NFO,27/11/2024,09:44:12,52669.35,52661.75,75,52670,30,0,162600
BANKNIFTY-III.NFO,27/11/2024,09:44:13,52670,52670,60,52673.95,105,60,162600
BANKNIFTY-III.NFO,27/11/2024,09:44:15,52670,52670,30,52673.95,105,30,162600
BANKNIFTY-III.NFO,27/11/2024,09:44:16,52670,52670,30,52673.95,105,0,162600
BANKNIFTY-III.NFO,27/11/2024,09:44:18,52670,52662.35,75,52673.95,105,30,162600
BANKNIFTY-III.NFO,27/11/2024,09:44:20,52670,52661.85,75,52673.95,105,0,162600
BANKNIFTY-III.NFO,27/11/2024,09:44:21,52670,52664.35,60,52673.95,105,0,162600
BANKNIFTY-III.NFO,27/11/2024,09:44:23,52664.3,52665,75,52673.95,105,15,162600
BANKNIFTY-III.NFO,27/11/2024,09:44:25,52664.3,52664.7,60,52673.95,105,0,162600
BANKNIFTY-III.NFO,27/11/2024,09:44:26,52674,52674,75,52680,240,165,162600
BANKNIFTY-III.NFO,27/11/2024,09:44:28,52674,52674.1,75,52680,240,0,162600
BANKNIFTY-III.NFO,27/11/2024,09:44:30,52680,52674.2,60,52680,225,15,162600
BANKNIFTY-III.NFO,27/11/2024,09:44:31,52674.3,52674.3,75,52680,225,15,162600
BANKNIFTY-III.NFO,27/11/2024,09:44:33,52674.3,52674.8,60,52680,225,0,162600
BANKNIFTY-III.NFO,27/11/2024,09:44:35,52680,52676.55,75,52680,210,15,162600
BANKNIFTY-III.NFO,27/11/2024,09:44:36,52680.05,52679.05,15,52683.95,90,225,162600
BANKNIFTY-III.NFO,27/11/2024,09:44:38,52679.1,52675.5,45,52683.95,90,30,162600
BANKNIFTY-III.NFO,27/11/2024,09:44:39,52679.1,52675.3,15,52683.95,90,0,162600
BANKNIFTY-III.NFO,27/11/2024,09:44:41,52679.1,52674,15,52683.95,90,0,162600
BANKNIFTY-III.NFO,27/11/2024,09:44:43,52679.1,52674.15,60,52683.95,90,0,162600
BANKNIFTY-III.NFO,27/11/2024,09:44:44,52671.55,52672.6,45,52683.95,90,30,162600
BANKNIFTY-III.NFO,27/11/2024,09:44:46,52671.55,52671.65,15,52683.95,90,0,162600
BANKNIFTY-III.NFO,27/11/2024,09:44:48,52672.45,52673.85,45,52683.95,90,15,162600
BANKNIFTY-III.NFO,27/11/2024,09:44:49,52672.45,52678.7,30,52683.95,90,0,162600
BANKNIFTY-III.NFO,27/11/2024,09:44:51,52677.4,52677,15,52683.95,90,15,162600
BANKNIFTY-III.NFO,27/11/2024,09:44:53,52677.4,52676.85,15,52683.95,90,0,162600
BANKNIFTY-III.NFO,27/11/2024,09:44:54,52675,52675.55,45,52683.95,90,45,162600
BANKNIFTY-III.NFO,27/11/2024,09:44:56,52683.95,52683.9,15,52683.95,30,60,162600
BANKNIFTY-III.NFO,27/11/2024,09:44:57,52698.85,52684,60,52699.95,60,60,162600
BANKNIFTY-III.NFO,27/11/2024,09:44:59,52698.85,52684.05,15,52698.7,60,0,162600
BANKNIFTY-III.NFO,27/11/2024,09:45:01,52684.05,52685.9,45,52699.95,60,30,162600
BANKNIFTY-III.NFO,27/11/2024,09:45:02,52684.95,52684.95,15,52699.95,60,30,162600
BANKNIFTY-III.NFO,27/11/2024,09:45:04,52683.95,52682.35,30,52698.95,75,60,162600
BANKNIFTY-III.NFO,27/11/2024,09:45:06,52683.95,52683.15,30,52699,15,0,162600
BANKNIFTY-III.NFO,27/11/2024,09:45:07,52690.1,52691,30,52699,15,15,162600
BANKNIFTY-III.NFO,27/11/2024,09:45:09,52700,52693.8,15,52708.9,60,90,162600
BANKNIFTY-III.NFO,27/11/2024,09:45:11,52700,52693.35,30,52708.9,60,0,162600
BANKNIFTY-III.NFO,27/11/2024,09:45:13,52693.65,52694.8,30,52708.95,15,15,162600
BANKNIFTY-III.NFO,27/11/2024,09:45:14,52693.65,52698.15,30,52708.95,15,0,162600
BANKNIFTY-III.NFO,27/11/2024,09:45:16,52713.1,52713.1,15,52725.6,75,30,162600
BANKNIFTY-III.NFO,27/11/2024,09:45:18,52725.2,52713.1,15,52724.65,75,15,162600
BANKNIFTY-III.NFO,27/11/2024,09:45:19,52725.2,52713.1,15,52720.6,60,0,162600
BANKNIFTY-III.NFO,27/11/2024,09:45:21,52720.1,52708.95,15,52721.9,60,15,162600
BANKNIFTY-III.NFO,27/11/2024,09:45:23,52708.95,52701.9,45,52721.1,60,15,162600
BANKNIFTY-III.NFO,27/11/2024,09:45:24,52701.85,52696.2,45,52716.05,105,30,162600
BANKNIFTY-III.NFO,27/11/2024,09:45:26,52701.85,52700.3,30,52717.05,75,0,162600
BANKNIFTY-III.NFO,27/11/2024,09:45:28,52697.8,52697.5,30,52715.55,75,60,162600
BANKNIFTY-III.NFO,27/11/2024,09:45:29,52700.65,52700.6,45,52719.05,60,30,162600
BANKNIFTY-III.NFO,27/11/2024,09:45:31,52700.65,52700.6,45,52719.05,60,0,162600
BANKNIFTY-III.NFO,27/11/2024,09:45:33,52700.6,52699.3,30,52719.05,60,30,162600
BANKNIFTY-III.NFO,27/11/2024,09:45:34,52699.3,52695.15,45,52716.05,60,30,162600
BANKNIFTY-III.NFO,27/11/2024,09:45:36,52699.3,52700.3,15,52714.15,75,15,162600
BANKNIFTY-III.NFO,27/11/2024,09:45:38,52699.25,52694.45,45,52715.8,75,15,162600
BANKNIFTY-III.NFO,27/11/2024,09:45:39,52699.25,52699.3,15,52715.4,60,0,162600
BANKNIFTY-III.NFO,27/11/2024,09:45:41,52699.25,52693.85,45,52715.9,60,15,162600
BANKNIFTY-III.NFO,27/11/2024,09:45:43,52699.25,52699.25,15,52716.05,105,0,162600
BANKNIFTY-III.NFO,27/11/2024,09:45:44,52699.25,52696.35,60,52714.45,75,0,162600
BANKNIFTY-III.NFO,27/11/2024,09:45:46,52699.25,52704.3,15,52714.55,150,0,162600
BANKNIFTY-III.NFO,27/11/2024,09:45:48,52699.25,52702.7,15,52720.2,60,0,162600
BANKNIFTY-III.NFO,27/11/2024,09:45:49,52699.25,52702.65,30,52721.6,60,0,162600
BANKNIFTY-III.NFO,27/11/2024,09:45:51,52699.25,52699.25,60,52718.65,60,0,162600
BANKNIFTY-III.NFO,27/11/2024,09:45:53,52700.65,52700,30,52718.2,60,15,162600
BANKNIFTY-III.NFO,27/11/2024,09:45:54,52699.25,52697.4,60,52717.2,60,30,162600
BANKNIFTY-III.NFO,27/11/2024,09:45:56,52699.25,52698.85,60,52719.4,60,0,162600
BANKNIFTY-III.NFO,27/11/2024,09:45:58,52699.25,52698.7,60,52719.4,60,0,162600
BANKNIFTY-III.NFO,27/11/2024,09:45:59,52719.4,52703.2,60,52722.25,60,15,162600
BANKNIFTY-III.NFO,27/11/2024,09:46:01,52719.4,52703.3,60,52722.5,60,0,162600
BANKNIFTY-III.NFO,27/11/2024,09:46:02,52719.4,52703.3,45,52720.75,60,0,162600
BANKNIFTY-III.NFO,27/11/2024,09:46:04,52719.4,52700.05,30,52717.25,60,0,162600
BANKNIFTY-III.NFO,27/11/2024,09:46:06,52719.4,52700.05,60,52718.85,75,0,162600
BANKNIFTY-III.NFO,27/11/2024,09:46:07,52719.4,52714.55,15,52724.65,75,0,162600
BANKNIFTY-III.NFO,27/11/2024,09:46:09,52719.4,52714.55,15,52720.7,75,0,162600
BANKNIFTY-III.NFO,27/11/2024,09:46:11,52719.4,52714.55,15,52722.55,75,0,162600
BANKNIFTY-III.NFO,27/11/2024,09:46:12,52719.4,52715,15,52719.4,15,0,162600
BANKNIFTY-III.NFO,27/11/2024,09:46:16,52719.4,52715.05,15,52719.4,15,0,162600
BANKNIFTY-III.NFO,27/11/2024,09:46:17,52719.4,52719.4,15,52730,15,15,163515
BANKNIFTY-III.NFO,27/11/2024,09:46:19,52719.4,52719.45,15,52730,15,0,163515
BANKNIFTY-III.NFO,27/11/2024,09:46:21,52719.4,52717.7,30,52730,15,0,163515
BANKNIFTY-III.NFO,27/11/2024,09:46:22,52719.4,52717.75,15,52729.15,60,0,163515
BANKNIFTY-III.NFO,27/11/2024,09:46:24,52719.4,52717.75,15,52729.1,75,0,163515
BANKNIFTY-III.NFO,27/11/2024,09:46:26,52719.4,52717.75,15,52728.45,60,0,163515
BANKNIFTY-III.NFO,27/11/2024,09:46:27,52719.4,52720,15,52729.95,75,0,163515
BANKNIFTY-III.NFO,27/11/2024,09:46:29,52729.95,52720.05,15,52730,15,15,163515
BANKNIFTY-III.NFO,27/11/2024,09:46:31,52729.95,52720.05,15,52730,15,0,163515
BANKNIFTY-III.NFO,27/11/2024,09:46:34,52729.95,52720.1,15,52730,15,0,163515
BANKNIFTY-III.NFO,27/11/2024,09:46:36,52729.95,52725,15,52730,15,0,163515
BANKNIFTY-III.NFO,27/11/2024,09:46:37,52725.05,52725,15,52726.15,60,15,163515
BANKNIFTY-III.NFO,27/11/2024,09:46:39,52725,52720,15,52726.35,60,15,163515
BANKNIFTY-III.NFO,27/11/2024,09:46:40,52725,52720,15,52723.6,60,0,163515
BANKNIFTY-III.NFO,27/11/2024,09:46:42,52725,52720,15,52723.95,60,0,163515
BANKNIFTY-III.NFO,27/11/2024,09:46:44,52719.4,52715,15,52720.5,60,45,163515
BANKNIFTY-III.NFO,27/11/2024,09:46:45,52719.4,52715,15,52724,60,0,163515
BANKNIFTY-III.NFO,27/11/2024,09:46:47,52719.4,52715,15,52725.95,60,0,163515
BANKNIFTY-III.NFO,27/11/2024,09:46:49,52719.4,52715.05,60,52730,15,0,163515
BANKNIFTY-III.NFO,27/11/2024,09:46:52,52719.4,52715.05,90,52730,15,0,163515
BANKNIFTY-III.NFO,27/11/2024,09:46:53,52719.4,52720,15,52730,15,0,163515
BANKNIFTY-III.NFO,27/11/2024,09:46:55,52719.4,52720.05,45,52730,15,0,163515
BANKNIFTY-III.NFO,27/11/2024,09:46:58,52719.4,52720,15,52726.7,60,0,163515
BANKNIFTY-III.NFO,27/11/2024,09:47:00,52720,52714.6,90,52730,15,15,163515
BANKNIFTY-III.NFO,27/11/2024,09:47:01,52720,52714.55,15,52726.85,60,0,163515
BANKNIFTY-III.NFO,27/11/2024,09:47:03,52720,52714.55,15,52726.45,135,0,163515
BANKNIFTY-III.NFO,27/11/2024,09:47:05,52720,52714.55,15,52727.4,150,0,163515
BANKNIFTY-III.NFO,27/11/2024,09:47:06,52720,52714.55,15,52721.5,60,0,163515
BANKNIFTY-III.NFO,27/11/2024,09:47:08,52720,52714.55,15,52718.55,60,0,163515
BANKNIFTY-III.NFO,27/11/2024,09:47:10,52720,52714.55,15,52719.1,60,0,163515
BANKNIFTY-III.NFO,27/11/2024,09:47:11,52714,52701.25,15,52714,45,30,163515
BANKNIFTY-III.NFO,27/11/2024,09:47:13,52714,52701.25,15,52716.05,75,0,163515
BANKNIFTY-III.NFO,27/11/2024,09:47:15,52714,52700,30,52711.45,60,0,163515
BANKNIFTY-III.NFO,27/11/2024,09:47:16,52714,52700.05,60,52715.9,60,0,163515
BANKNIFTY-III.NFO,27/11/2024,09:47:18,52714,52700.05,90,52717.5,75,0,163515
BANKNIFTY-III.NFO,27/11/2024,09:47:20,52714,52700.05,90,52716.45,75,0,163515
BANKNIFTY-III.NFO,27/11/2024,09:47:21,52714,52702.4,75,52722.9,75,0,163515
BANKNIFTY-III.NFO,27/11/2024,09:47:23,52714,52702.4,90,52721.4,60,0,163515
BANKNIFTY-III.NFO,27/11/2024,09:47:25,52714,52710.85,60,52726.45,75,0,163515
BANKNIFTY-III.NFO,27/11/2024,09:47:26,52714,52711.8,75,52730,15,0,163515
BANKNIFTY-III.NFO,27/11/2024,09:47:28,52714,52716.8,75,52730,15,0,163515
BANKNIFTY-III.NFO,27/11/2024,09:47:30,52714,52716.8,90,52730,15,0,163515
BANKNIFTY-III.NFO,27/11/2024,09:47:31,52714,52719.8,60,52730,15,0,163515
BANKNIFTY-III.NFO,27/11/2024,09:47:33,52714,52718.55,90,52730,15,0,163515
BANKNIFTY-III.NFO,27/11/2024,09:47:35,52714,52717.55,45,52726,15,0,163515
BANKNIFTY-III.NFO,27/11/2024,09:47:36,52714,52717.5,75,52726,15,0,163515
BANKNIFTY-III.NFO,27/11/2024,09:47:38,52720,52720,75,52732.45,150,60,163515
BANKNIFTY-III.NFO,27/11/2024,09:47:39,52720,52720,75,52732.45,150,0,163515
BANKNIFTY-III.NFO,27/11/2024,09:47:41,52720,52720,75,52731.65,60,0,163515
BANKNIFTY-III.NFO,27/11/2024,09:47:43,52720,52720,75,52732.35,60,0,163515
BANKNIFTY-III.NFO,27/11/2024,09:47:44,52720,52720.05,60,52735.95,15,0,163515
BANKNIFTY-III.NFO,27/11/2024,09:47:46,52720,52720.05,45,52732.65,15,0,163515
BANKNIFTY-III.NFO,27/11/2024,09:47:47,52735.35,52720.05,60,52737.7,30,45,163515
BANKNIFTY-III.NFO,27/11/2024,09:47:49,52735.35,52720.05,90,52738.55,75,0,163515
BANKNIFTY-III.NFO,27/11/2024,09:47:50,52735.35,52720.05,60,52734.2,150,0,163515
BANKNIFTY-III.NFO,27/11/2024,09:47:52,52735.35,52720,75,52734.15,75,0,163515
BANKNIFTY-III.NFO,27/11/2024,09:47:54,52735.35,52721.5,75,52733.65,60,0,163515
BANKNIFTY-III.NFO,27/11/2024,09:47:55,52735.35,52721.5,75,52731.35,150,0,163515
BANKNIFTY-III.NFO,27/11/2024,09:47:57,52717.9,52715,15,52728.7,60,90,163515
BANKNIFTY-III.NFO,27/11/2024,09:47:59,52717.9,52715.05,60,52731.65,60,0,163515
BANKNIFTY-III.NFO,27/11/2024,09:48:00,52717.9,52715,15,52727.45,60,0,163515
BANKNIFTY-III.NFO,27/11/2024,09:48:02,52717.9,52715,15,52727.95,60,0,163515
BANKNIFTY-III.NFO,27/11/2024,09:48:03,52717.9,52715,15,52720,15,0,163515
BANKNIFTY-III.NFO,27/11/2024,09:48:08,52720,52720,15,52728.4,60,15,163515
BANKNIFTY-III.NFO,27/11/2024,09:48:10,52720,52720,15,52723.65,60,0,163515
BANKNIFTY-III.NFO,27/11/2024,09:48:11,52720,52720,15,52724.55,60,0,163515
BANKNIFTY-III.NFO,27/11/2024,09:48:13,52721.6,52715,15,52721.75,75,90,163515
BANKNIFTY-III.NFO,27/11/2024,09:48:15,52721.6,52715,15,52722.4,75,0,163515
BANKNIFTY-III.NFO,27/11/2024,09:48:16,52721.6,52715,15,52721.1,75,0,163515
BANKNIFTY-III.NFO,27/11/2024,09:48:18,52721.6,52715,15,52718.85,75,0,163515
BANKNIFTY-III.NFO,27/11/2024,09:48:19,52721.6,52715,15,52718.8,75,0,163515
BANKNIFTY-III.NFO,27/11/2024,09:48:21,52721.6,52715,15,52720,75,0,163515
BANKNIFTY-III.NFO,27/11/2024,09:48:23,52721.6,52715,15,52718.65,75,0,163515
BANKNIFTY-III.NFO,27/11/2024,09:48:24,52721.6,52715,15,52717.4,75,0,163515
BANKNIFTY-III.NFO,27/11/2024,09:48:26,52721.6,52715,15,52719.65,75,0,163515
BANKNIFTY-III.NFO,27/11/2024,09:48:28,52721.6,52715,15,52720.1,30,0,163515
BANKNIFTY-III.NFO,27/11/2024,09:48:29,52721.6,52715,15,52722,30,0,163515
BANKNIFTY-III.NFO,27/11/2024,09:48:33,52721.6,52715,15,52722.5,30,0,163515
BANKNIFTY-III.NFO,27/11/2024,09:48:34,52721.6,52715,15,52722.9,45,0,163515
BANKNIFTY-III.NFO,27/11/2024,09:48:36,52721.6,52715,15,52722.25,30,0,163515
BANKNIFTY-III.NFO,27/11/2024,09:48:38,52721.6,52715,15,52722.45,30,0,163515
BANKNIFTY-III.NFO,27/11/2024,09:48:39,52721.6,52720,15,52723.1,30,0,163515
BANKNIFTY-III.NFO,27/11/2024,09:48:41,52721.6,52720,15,52722.2,30,0,163515
BANKNIFTY-III.NFO,27/11/2024,09:48:43,52720,52715,15,52720.45,30,15,163515
BANKNIFTY-III.NFO,27/11/2024,09:48:44,52720,52715,15,52718.8,30,0,163515
BANKNIFTY-III.NFO,27/11/2024,09:48:46,52720,52715,15,52715.85,30,0,163515
BANKNIFTY-III.NFO,27/11/2024,09:48:48,52715,52700.3,60,52716.75,15,15,163515
BANKNIFTY-III.NFO,27/11/2024,09:48:49,52715,52700.3,60,52715.25,30,0,163515
BANKNIFTY-III.NFO,27/11/2024,09:48:51,52714.85,52700.3,60,52715.15,15,30,163515
BANKNIFTY-III.NFO,27/11/2024,09:48:53,52714.85,52700.3,60,52715.8,15,0,163515
BANKNIFTY-III.NFO,27/11/2024,09:48:54,52714.85,52700.3,60,52715.15,15,0,163515
BANKNIFTY-III.NFO,27/11/2024,09:48:56,52714.85,52700.3,60,52715.15,30,0,163515
BANKNIFTY-III.NFO,27/11/2024,09:48:58,52714.85,52700.3,60,52714.75,15,0,163515
BANKNIFTY-III.NFO,27/11/2024,09:48:59,52714.85,52700.3,60,52714.9,30,0,163515
BANKNIFTY-III.NFO,27/11/2024,09:49:01,52714.85,52700.3,90,52716.35,15,0,163515
BANKNIFTY-III.NFO,27/11/2024,09:49:02,52714.85,52700.3,120,52720.45,45,0,163515
BANKNIFTY-III.NFO,27/11/2024,09:49:04,52714.85,52701.55,60,52717.7,120,0,163515
BANKNIFTY-III.NFO,27/11/2024,09:49:06,52714.85,52700.3,60,52715.5,15,0,163515
BANKNIFTY-III.NFO,27/11/2024,09:49:07,52714.85,52700.3,60,52714.8,15,0,163515
BANKNIFTY-III.NFO,27/11/2024,09:49:09,52712.85,52700.25,15,52712.85,75,75,163515
BANKNIFTY-III.NFO,27/11/2024,09:49:11,52712.85,52710,15,52715.75,15,0,163515
BANKNIFTY-III.NFO,27/11/2024,09:49:12,52716.1,52710,15,52718.4,75,15,163515
BANKNIFTY-III.NFO,27/11/2024,09:49:14,52716.1,52710,15,52715.8,30,0,163515
BANKNIFTY-III.NFO,27/11/2024,09:49:16,52716.1,52710,15,52716.35,75,0,163515
BANKNIFTY-III.NFO,27/11/2024,09:49:17,52715,52715,75,52717.15,75,45,163515
BANKNIFTY-III.NFO,27/11/2024,09:49:19,52715,52715,75,52715.7,45,0,163515
BANKNIFTY-III.NFO,27/11/2024,09:49:21,52715,52715,45,52716.1,15,30,163515
BANKNIFTY-III.NFO,27/11/2024,09:49:22,52715,52715.05,60,52716.1,15,0,163515
BANKNIFTY-III.NFO,27/11/2024,09:49:24,52716.1,52715,30,52724.85,75,15,163515
BANKNIFTY-III.NFO,27/11/2024,09:49:26,52716.1,52715,30,52723.75,75,0,163515
BANKNIFTY-III.NFO,27/11/2024,09:49:27,52716.1,52715,30,52719.05,75,0,163515
BANKNIFTY-III.NFO,27/11/2024,09:49:29,52716.1,52715,30,52720.8,15,0,163515
BANKNIFTY-III.NFO,27/11/2024,09:49:31,52716.1,52715,30,52721.3,75,0,163515
BANKNIFTY-III.NFO,27/11/2024,09:49:32,52716.1,52715,45,52717.6,75,0,163515
BANKNIFTY-III.NFO,27/11/2024,09:49:34,52715,52700.3,105,52718.1,90,45,163515
BANKNIFTY-III.NFO,27/11/2024,09:49:36,52715,52700.3,75,52716.1,75,0,163515
BANKNIFTY-III.NFO,27/11/2024,09:49:37,52715,52700.3,105,52716.55,15,0,163515
BANKNIFTY-III.NFO,27/11/2024,09:49:39,52715,52700.3,75,52716.3,75,0,163515
BANKNIFTY-III.NFO,27/11/2024,09:49:41,52715,52700.25,15,52712.5,75,0,163515
BANKNIFTY-III.NFO,27/11/2024,09:49:43,52715,52700.25,15,52711.8,90,0,163515
BANKNIFTY-III.NFO,27/11/2024,09:49:44,52715,52700.25,15,52712.1,90,0,163515
BANKNIFTY-III.NFO,27/11/2024,09:49:46,52715,52700,15,52705.4,75,0,163515
BANKNIFTY-III.NFO,27/11/2024,09:49:48,52700,52694.65,15,52700.3,30,15,163515
BANKNIFTY-III.NFO,27/11/2024,09:49:49,52700,52693.25,15,52700.3,30,0,163515
BANKNIFTY-III.NFO,27/11/2024,09:49:53,52700,52693.3,60,52700.3,30,0,163515
BANKNIFTY-III.NFO,27/11/2024,09:49:54,52700,52693.2,60,52700.3,30,0,163515
BANKNIFTY-III.NFO,27/11/2024,09:49:56,52693.2,52693.2,75,52709.2,45,30,163515
BANKNIFTY-III.NFO,27/11/2024,09:49:57,52693.2,52693.25,90,52713.6,30,0,163515
BANKNIFTY-III.NFO,27/11/2024,09:49:59,52693.2,52695,15,52709.1,30,0,163515
BANKNIFTY-III.NFO,27/11/2024,09:50:01,52693.2,52695,15,52700,60,0,163515
BANKNIFTY-III.NFO,27/11/2024,09:50:07,52700,52695.05,60,52700,45,15,163515
BANKNIFTY-III.NFO,27/11/2024,09:50:09,52700,52695,15,52700,30,15,163515
BANKNIFTY-III.NFO,27/11/2024,09:50:11,52700,52695,15,52700,15,15,163515
BANKNIFTY-III.NFO,27/11/2024,09:50:12,52700,52698.05,60,52700,15,0,163515
BANKNIFTY-III.NFO,27/11/2024,09:50:16,52700,52698,15,52700,15,0,163515
BANKNIFTY-III.NFO,27/11/2024,09:50:20,52700,52698.05,60,52700,15,0,163515
BANKNIFTY-III.NFO,27/11/2024,09:50:22,52700,52700.05,75,52716.95,45,15,163515
BANKNIFTY-III.NFO,27/11/2024,09:50:24,52700,52700.15,75,52716.7,75,0,163515
