Ticker,Date,Time,LTP,BuyPrice,BuyQty,SellPrice,SellQty,LTQ,OpenInterest
BANKNIFTY-I.NFO,13/11/2024,09:15:00,51199.9,51200.05,60,51280.8,30,270,2970390
BANKNIFTY-I.NFO,13/11/2024,09:15:00,51199.9,51200.05,60,51280.8,30,0,2970390
BANKNIFTY-I.NFO,13/11/2024,09:15:00,51280.8,51200.05,60,51280.8,30,0,2970390
BANKNIFTY-I.NFO,13/11/2024,09:15:00,51199.85,51200.05,60,51280.8,30,0,2970390
BANKNIFTY-I.NFO,13/11/2024,09:15:00,51212.5,51212.5,30,51255.15,60,240,2970390
BANKNIFTY-I.NFO,13/11/2024,09:15:02,51214.9,51214.9,15,51248.8,60,1575,2970390
BANKNIFTY-I.NFO,13/11/2024,09:15:03,51243.9,51225.05,45,51243.9,60,195,2970390
BANKNIFTY-I.NFO,13/11/2024,09:15:04,51240,51219.65,60,51240,15,315,2970390
BANKNIFTY-I.NFO,13/11/2024,09:15:06,51213.05,51225.2,15,51237.8,60,555,2970390
BANKNIFTY-I.NFO,13/11/2024,09:15:07,51238.75,51226.15,1020,51234.85,150,375,2970390
BANKNIFTY-I.NFO,13/11/2024,09:15:08,51201.9,51201.8,15,51213,15,3015,2970390
BANKNIFTY-I.NFO,13/11/2024,09:15:08,51191,51201.8,15,51213,15,0,2970390
BANKNIFTY-I.NFO,13/11/2024,09:15:10,51205.2,51207.2,30,51225,15,735,2970390
BANKNIFTY-I.NFO,13/11/2024,09:15:11,51206.4,51211.05,45,51219.65,135,585,2970390
BANKNIFTY-I.NFO,13/11/2024,09:15:13,51237.7,51222.2,30,51239.25,60,570,2970390
BANKNIFTY-I.NFO,13/11/2024,09:15:14,51218.95,51227.15,30,51240,30,1020,2970390
BANKNIFTY-I.NFO,13/11/2024,09:15:16,51258.5,51245.35,30,51258.5,45,495,2970390
BANKNIFTY-I.NFO,13/11/2024,09:15:17,51250.1,51250.05,60,51268.9,60,510,2970390
BANKNIFTY-I.NFO,13/11/2024,09:15:19,51267.9,51245.65,15,51250,45,285,2970390
BANKNIFTY-I.NFO,13/11/2024,09:15:21,51254.35,51240,30,51253.25,60,405,2970390
BANKNIFTY-I.NFO,13/11/2024,09:15:22,51244.4,51234.85,45,51244.55,15,330,2970390
BANKNIFTY-I.NFO,13/11/2024,09:15:24,51249.7,51230.55,60,51249.75,30,360,2970390
BANKNIFTY-I.NFO,13/11/2024,09:15:25,51240,51238.45,60,51255.25,15,1305,2970390
BANKNIFTY-I.NFO,13/11/2024,09:15:27,51250.35,51250.55,60,51262.95,45,75,2970390
BANKNIFTY-I.NFO,13/11/2024,09:15:28,51260.95,51245.6,30,51260.95,45,495,2970390
BANKNIFTY-I.NFO,13/11/2024,09:15:30,51254.3,51254.25,30,51260,15,315,2970390
BANKNIFTY-I.NFO,13/11/2024,09:15:31,51263.55,51269.5,30,51282.75,30,255,2970390
BANKNIFTY-I.NFO,13/11/2024,09:15:33,51264.95,51264.4,30,51282.85,60,390,2970390
BANKNIFTY-I.NFO,13/11/2024,09:15:33,51284.7,51264.4,30,51282.85,60,0,2970390
BANKNIFTY-I.NFO,13/11/2024,09:15:34,51271.35,51271.3,30,51284.8,45,240,2970390
BANKNIFTY-I.NFO,13/11/2024,09:15:34,51284.75,51271.3,30,51284.8,45,0,2970390
BANKNIFTY-I.NFO,13/11/2024,09:15:36,51263.05,51263.05,15,51278.6,60,135,2970390
BANKNIFTY-I.NFO,13/11/2024,09:15:37,51260.95,51261.6,15,51265.4,15,390,2970390
BANKNIFTY-I.NFO,13/11/2024,09:15:39,51258.55,51255.8,150,51271.75,15,330,2970390
BANKNIFTY-I.NFO,13/11/2024,09:15:40,51261.6,51257.5,60,51271.7,15,1140,2970390
BANKNIFTY-I.NFO,13/11/2024,09:15:42,51257.2,51257.2,135,51274.45,120,165,2970390
BANKNIFTY-I.NFO,13/11/2024,09:15:43,51251.4,51251.7,30,51269.95,120,435,2971035
BANKNIFTY-I.NFO,13/11/2024,09:15:45,51260.3,51250,90,51259.7,150,435,2971035
BANKNIFTY-I.NFO,13/11/2024,09:15:46,51240,51231,120,51246.25,120,330,2971035
BANKNIFTY-I.NFO,13/11/2024,09:15:48,51248.3,51229.75,120,51248.3,45,1740,2971035
BANKNIFTY-I.NFO,13/11/2024,09:15:49,51257.75,51248.2,30,51260.55,45,405,2971035
BANKNIFTY-I.NFO,13/11/2024,09:15:51,51262.05,51249.15,120,51268.1,60,1410,2971035
BANKNIFTY-I.NFO,13/11/2024,09:15:52,51259.7,51257.75,15,51262.05,30,180,2971035
BANKNIFTY-I.NFO,13/11/2024,09:15:54,51270,51253.55,120,51274.15,15,195,2971035
BANKNIFTY-I.NFO,13/11/2024,09:15:55,51274.15,51256.9,45,51275.8,60,30,2971035
BANKNIFTY-I.NFO,13/11/2024,09:15:57,51278.5,51263.2,120,51281.8,30,465,2971035
BANKNIFTY-I.NFO,13/11/2024,09:15:58,51266.5,51265.35,15,51269.95,30,240,2971035
BANKNIFTY-I.NFO,13/11/2024,09:15:58,51285,51265.35,15,51269.95,30,0,2971035
BANKNIFTY-I.NFO,13/11/2024,09:16:00,51268.85,51269.95,15,51278,15,1005,2971035
BANKNIFTY-I.NFO,13/11/2024,09:16:00,51286.7,51269.95,15,51278,15,0,2971035
BANKNIFTY-I.NFO,13/11/2024,09:16:01,51285.45,51267.35,30,51285.45,60,990,2971035
BANKNIFTY-I.NFO,13/11/2024,09:16:03,51271.7,51249.9,15,51273.85,120,2340,2971035
BANKNIFTY-I.NFO,13/11/2024,09:16:04,51278.7,51258.7,120,51277.95,105,1215,2971035
BANKNIFTY-I.NFO,13/11/2024,09:16:06,51256.85,51261.45,150,51277.95,15,1005,2971035
BANKNIFTY-I.NFO,13/11/2024,09:16:08,51256.5,51262.15,30,51277.95,15,2355,2971035
BANKNIFTY-I.NFO,13/11/2024,09:16:09,51257.35,51257.35,15,51279.65,135,2970,2971035
BANKNIFTY-I.NFO,13/11/2024,09:16:11,51263.35,51264.6,270,51277.9,30,690,2971035
BANKNIFTY-I.NFO,13/11/2024,09:16:12,51266.35,51260.85,150,51279.2,120,720,2971035
BANKNIFTY-I.NFO,13/11/2024,09:16:14,51281.8,51263.25,150,51279.8,120,900,2971035
BANKNIFTY-I.NFO,13/11/2024,09:16:15,51277.25,51277.2,510,51285,30,225,2971035
BANKNIFTY-I.NFO,13/11/2024,09:16:17,51277.2,51277.2,255,51281.8,15,330,2971035
BANKNIFTY-I.NFO,13/11/2024,09:16:18,51281.6,51277.2,285,51289.4,30,120,2971035
BANKNIFTY-I.NFO,13/11/2024,09:16:20,51277.2,51278.25,150,51290,15,75,2971035
BANKNIFTY-I.NFO,13/11/2024,09:16:21,51281.6,51278.3,15,51281.6,15,420,2971035
BANKNIFTY-I.NFO,13/11/2024,09:16:21,51288.75,51278.3,15,51281.6,15,0,2971035
BANKNIFTY-I.NFO,13/11/2024,09:16:23,51266.45,51266.45,90,51281.55,120,210,2971035
BANKNIFTY-I.NFO,13/11/2024,09:16:24,51281.2,51265,15,51277.15,45,105,2971035
BANKNIFTY-I.NFO,13/11/2024,09:16:26,51277.2,51265,30,51277.2,45,180,2971035
BANKNIFTY-I.NFO,13/11/2024,09:16:27,51279.9,51265,90,51280,90,255,2971035
BANKNIFTY-I.NFO,13/11/2024,09:16:29,51277.2,51266.6,120,51280,45,120,2971035
BANKNIFTY-I.NFO,13/11/2024,09:16:30,51280,51271.75,120,51280,30,15,2971035
BANKNIFTY-I.NFO,13/11/2024,09:16:32,51290,51279.55,135,51290,210,150,2971035
BANKNIFTY-I.NFO,13/11/2024,09:16:32,51290,51279.55,135,51290,210,0,2971035
BANKNIFTY-I.NFO,13/11/2024,09:16:33,51290,51280,30,51290,75,315,2971035
BANKNIFTY-I.NFO,13/11/2024,09:16:35,51282.5,51281.45,120,51289.8,15,180,2971035
BANKNIFTY-I.NFO,13/11/2024,09:16:36,51300,51294.05,150,51300,420,180,2971035
BANKNIFTY-I.NFO,13/11/2024,09:16:36,51300,51294.05,150,51300,420,0,2971035
BANKNIFTY-I.NFO,13/11/2024,09:16:38,51300,51296.4,30,51300,255,165,2971035
BANKNIFTY-I.NFO,13/11/2024,09:16:39,51325,51315,75,51328.9,45,990,2971035
BANKNIFTY-I.NFO,13/11/2024,09:16:39,51328.95,51315,75,51328.9,45,0,2971035
BANKNIFTY-I.NFO,13/11/2024,09:16:41,51315.05,51300.4,120,51320.4,165,1485,2971035
BANKNIFTY-I.NFO,13/11/2024,09:16:41,51332.3,51300.4,120,51320.4,165,0,2971035
BANKNIFTY-I.NFO,13/11/2024,09:16:42,51314.95,51305.5,90,51315,15,225,2971035
BANKNIFTY-I.NFO,13/11/2024,09:16:44,51319.5,51305.5,45,51318.05,150,195,2971035
BANKNIFTY-I.NFO,13/11/2024,09:16:46,51317.95,51301,15,51317.9,75,315,2971035
BANKNIFTY-I.NFO,13/11/2024,09:16:47,51314.95,51301,15,51313.15,15,45,2971035
BANKNIFTY-I.NFO,13/11/2024,09:16:49,51300,51293.85,15,51310.1,15,585,2971035
BANKNIFTY-I.NFO,13/11/2024,09:16:50,51305.75,51293.85,30,51306.05,75,30,2971035
BANKNIFTY-I.NFO,13/11/2024,09:16:52,51301.1,51288,15,51301,15,1185,2971035
BANKNIFTY-I.NFO,13/11/2024,09:16:53,51299.75,51288,15,51300.6,15,75,2971035
BANKNIFTY-I.NFO,13/11/2024,09:16:55,51299.75,51288.25,150,51300,15,165,2971035
BANKNIFTY-I.NFO,13/11/2024,09:16:56,51296.45,51298.2,90,51300,15,300,2971035
BANKNIFTY-I.NFO,13/11/2024,09:16:58,51314.95,51310.7,15,51314.95,150,210,2971035
BANKNIFTY-I.NFO,13/11/2024,09:16:59,51314.95,51310.7,30,51314.95,15,240,2971035
BANKNIFTY-I.NFO,13/11/2024,09:17:01,51332.9,51338.15,60,51349.9,30,765,2971035
BANKNIFTY-I.NFO,13/11/2024,09:17:01,51349.9,51338.15,60,51349.9,30,0,2971035
BANKNIFTY-I.NFO,13/11/2024,09:17:02,51315.75,51311.25,15,51332.4,135,2205,2971035
BANKNIFTY-I.NFO,13/11/2024,09:17:02,51356.6,51311.25,15,51332.4,135,0,2971035
BANKNIFTY-I.NFO,13/11/2024,09:17:04,51330.25,51317.75,45,51338.3,120,330,2971035
BANKNIFTY-I.NFO,13/11/2024,09:17:05,51326.75,51324.8,30,51336.55,30,1095,2971035
BANKNIFTY-I.NFO,13/11/2024,09:17:07,51348.2,51335.35,120,51352.75,30,750,2971035
BANKNIFTY-I.NFO,13/11/2024,09:17:09,51352.3,51337.55,120,51350,15,30,2971035
BANKNIFTY-I.NFO,13/11/2024,09:17:10,51345,51342.35,120,51350,15,30,2971035
BANKNIFTY-I.NFO,13/11/2024,09:17:11,51342.4,51331.95,15,51349.65,180,120,2971035
BANKNIFTY-I.NFO,13/11/2024,09:17:13,51331.8,51331.4,120,51347.9,60,60,2971035
BANKNIFTY-I.NFO,13/11/2024,09:17:15,51338.75,51331.4,30,51337,210,45,2971035
BANKNIFTY-I.NFO,13/11/2024,09:17:16,51337,51329.3,120,51337,105,360,2971035
BANKNIFTY-I.NFO,13/11/2024,09:17:18,51335.4,51320.45,15,51335.4,105,1320,2971035
BANKNIFTY-I.NFO,13/11/2024,09:17:19,51331.15,51320.45,30,51331.15,120,450,2971035
BANKNIFTY-I.NFO,13/11/2024,09:17:21,51319,51319,15,51320.45,15,165,2971035
BANKNIFTY-I.NFO,13/11/2024,09:17:22,51320.45,51319,15,51330.45,120,195,2971035
BANKNIFTY-I.NFO,13/11/2024,09:17:24,51337,51332.45,120,51337,75,75,2971035
BANKNIFTY-I.NFO,13/11/2024,09:17:25,51329.7,51332.45,30,51343.4,120,330,2971035
BANKNIFTY-I.NFO,13/11/2024,09:17:27,51337,51338.8,75,51344,15,345,2971035
BANKNIFTY-I.NFO,13/11/2024,09:17:28,51350,51345.4,15,51352.3,15,255,2971035
BANKNIFTY-I.NFO,13/11/2024,09:17:30,51337.15,51338.65,30,51345.25,15,480,2971035
BANKNIFTY-I.NFO,13/11/2024,09:17:31,51346.3,51350,30,51360,60,1215,2971035
BANKNIFTY-I.NFO,13/11/2024,09:17:31,51360,51350,30,51360,60,0,2971035
BANKNIFTY-I.NFO,13/11/2024,09:17:33,51366,51352.35,30,51366,15,390,2971035
BANKNIFTY-I.NFO,13/11/2024,09:17:33,51366,51352.35,30,51366,15,0,2971035
BANKNIFTY-I.NFO,13/11/2024,09:17:34,51370.4,51354.55,45,51369.2,120,690,2971035
BANKNIFTY-I.NFO,13/11/2024,09:17:34,51373.85,51354.55,45,51369.2,120,0,2971035
BANKNIFTY-I.NFO,13/11/2024,09:17:36,51373.85,51364.45,105,51373.85,45,180,2971035
BANKNIFTY-I.NFO,13/11/2024,09:17:37,51384.95,51373.15,30,51380,15,495,2971035
BANKNIFTY-I.NFO,13/11/2024,09:17:37,51387,51373.15,30,51380,15,0,2971035
BANKNIFTY-I.NFO,13/11/2024,09:17:39,51370.4,51370.05,15,51373.85,15,900,2971035
BANKNIFTY-I.NFO,13/11/2024,09:17:39,51388.2,51370.05,15,51373.85,15,0,2971035
BANKNIFTY-I.NFO,13/11/2024,09:17:41,51367.85,51353.85,30,51368.65,75,975,2971035
BANKNIFTY-I.NFO,13/11/2024,09:17:42,51364.45,51360,45,51364.45,45,135,2971035
BANKNIFTY-I.NFO,13/11/2024,09:17:44,51360,51360.15,30,51370.4,15,240,2971035
BANKNIFTY-I.NFO,13/11/2024,09:17:45,51363.75,51360.15,30,51373.8,15,285,2971035
BANKNIFTY-I.NFO,13/11/2024,09:17:47,51368.2,51354.35,30,51369.95,15,210,2971035
BANKNIFTY-I.NFO,13/11/2024,09:17:48,51362.4,51353.25,15,51365,570,285,2971035
BANKNIFTY-I.NFO,13/11/2024,09:17:50,51360,51360.2,150,51365,555,75,2971035
BANKNIFTY-I.NFO,13/11/2024,09:17:51,51352.55,51352.75,30,51364.95,120,765,2971035
BANKNIFTY-I.NFO,13/11/2024,09:17:53,51352.5,51341.15,30,51357.7,60,1050,2971035
BANKNIFTY-I.NFO,13/11/2024,09:17:54,51337.55,51332.15,15,51342.85,75,255,2971035
BANKNIFTY-I.NFO,13/11/2024,09:17:56,51338.9,51325.7,15,51336.35,15,450,2971035
BANKNIFTY-I.NFO,13/11/2024,09:17:57,51341,51327.4,120,51343.5,45,1050,2971035
BANKNIFTY-I.NFO,13/11/2024,09:17:59,51352.5,51333.8,135,51352.5,30,390,2971035
BANKNIFTY-I.NFO,13/11/2024,09:18:00,51321.4,51322.95,120,51338.3,15,720,2971035
BANKNIFTY-I.NFO,13/11/2024,09:18:02,51326.85,51321.35,15,51337.3,90,105,2971035
BANKNIFTY-I.NFO,13/11/2024,09:18:04,51322.4,51328.45,15,51340.7,15,300,2971035
BANKNIFTY-I.NFO,13/11/2024,09:18:05,51328.45,51330,15,51338.1,105,285,2971035
BANKNIFTY-I.NFO,13/11/2024,09:18:07,51321.35,51321.15,15,51333.55,60,135,2971035
BANKNIFTY-I.NFO,13/11/2024,09:18:08,51317.8,51311.4,30,51324.2,45,420,2971035
BANKNIFTY-I.NFO,13/11/2024,09:18:10,51315,51311.55,150,51320.55,15,615,2971035
BANKNIFTY-I.NFO,13/11/2024,09:18:11,51315.25,51315.1,120,51334.25,75,1410,2971035
BANKNIFTY-I.NFO,13/11/2024,09:18:13,51312.6,51319.95,45,51334.25,15,585,2971035
BANKNIFTY-I.NFO,13/11/2024,09:18:14,51329.85,51329.85,90,51334.25,15,180,2971035
BANKNIFTY-I.NFO,13/11/2024,09:18:16,51321.9,51320.65,120,51334.25,15,540,2971035
BANKNIFTY-I.NFO,13/11/2024,09:18:17,51339.9,51322.05,30,51336.9,120,405,2971035
BANKNIFTY-I.NFO,13/11/2024,09:18:19,51331.9,51331.9,90,51339.95,15,1110,2971035
BANKNIFTY-I.NFO,13/11/2024,09:18:20,51339.45,51339.5,15,51350,45,555,2971035
BANKNIFTY-I.NFO,13/11/2024,09:18:22,51342,51342,120,51351.9,105,450,2971035
BANKNIFTY-I.NFO,13/11/2024,09:18:24,51347.2,51347.1,285,51351.85,75,210,2971035
BANKNIFTY-I.NFO,13/11/2024,09:18:25,51347.15,51347.15,15,51350,15,75,2971035
BANKNIFTY-I.NFO,13/11/2024,09:18:27,51357.05,51347.15,30,51357.05,75,435,2971035
BANKNIFTY-I.NFO,13/11/2024,09:18:29,51347.65,51347.65,15,51359,30,495,2971035
BANKNIFTY-I.NFO,13/11/2024,09:18:30,51355.4,51360.3,150,51365,525,555,2971035
BANKNIFTY-I.NFO,13/11/2024,09:18:32,51370,51355.25,150,51366.45,45,780,2971035
BANKNIFTY-I.NFO,13/11/2024,09:18:34,51357.65,51355.65,15,51369.9,15,345,2971035
BANKNIFTY-I.NFO,13/11/2024,09:18:36,51372.4,51361.3,45,51373.85,30,1125,2971035
BANKNIFTY-I.NFO,13/11/2024,09:18:37,51361.3,51355,15,51366.6,90,210,2971035
BANKNIFTY-I.NFO,13/11/2024,09:18:39,51356.2,51355,15,51364.5,150,30,2971035
BANKNIFTY-I.NFO,13/11/2024,09:18:41,51366.2,51358.7,45,51371.45,15,90,2971035
BANKNIFTY-I.NFO,13/11/2024,09:18:42,51372.65,51361.3,15,51369.45,150,105,2971035
BANKNIFTY-I.NFO,13/11/2024,09:18:44,51355,51354.25,45,51361.25,15,405,2982300
BANKNIFTY-I.NFO,13/11/2024,09:18:46,51354.8,51357.45,15,51365,15,60,2982300
BANKNIFTY-I.NFO,13/11/2024,09:18:47,51365,51365,900,51370,30,15,2982300
BANKNIFTY-I.NFO,13/11/2024,09:18:49,51374.75,51374.9,30,51378,15,345,2982300
BANKNIFTY-I.NFO,13/11/2024,09:18:51,51365,51368.8,15,51382.5,30,1710,2982300
BANKNIFTY-I.NFO,13/11/2024,09:18:51,51388.95,51368.8,15,51382.5,30,0,2982300
BANKNIFTY-I.NFO,13/11/2024,09:18:52,51368.7,51366.65,30,51372.7,45,15,2982300
BANKNIFTY-I.NFO,13/11/2024,09:18:54,51373.85,51365,615,51374.7,30,180,2982300
BANKNIFTY-I.NFO,13/11/2024,09:18:56,51365.05,51365,645,51377.45,120,165,2982300
BANKNIFTY-I.NFO,13/11/2024,09:18:57,51372.15,51360.65,30,51372.15,120,705,2982300
BANKNIFTY-I.NFO,13/11/2024,09:18:59,51357.6,51360.65,30,51370.3,75,1020,2982300
BANKNIFTY-I.NFO,13/11/2024,09:19:01,51370,51360.65,60,51372.15,45,135,2982300
BANKNIFTY-I.NFO,13/11/2024,09:19:02,51381,51376.8,30,51384,15,630,2982300
BANKNIFTY-I.NFO,13/11/2024,09:19:04,51389,51377.05,30,51385,15,150,2982300
BANKNIFTY-I.NFO,13/11/2024,09:19:04,51389,51377.05,30,51385,15,0,2982300
BANKNIFTY-I.NFO,13/11/2024,09:19:05,51373.1,51365.55,15,51374.85,120,795,2982300
BANKNIFTY-I.NFO,13/11/2024,09:19:07,51373.3,51367.65,30,51379.75,135,210,2982300
BANKNIFTY-I.NFO,13/11/2024,09:19:09,51381,51368.6,150,51376.8,15,30,2982300
BANKNIFTY-I.NFO,13/11/2024,09:19:10,51373.3,51367.85,150,51375.4,105,450,2982300
BANKNIFTY-I.NFO,13/11/2024,09:19:12,51373.3,51367.85,15,51376.15,105,0,2982300
BANKNIFTY-I.NFO,13/11/2024,09:19:14,51378.3,51369.85,15,51380.35,75,360,2982300
BANKNIFTY-I.NFO,13/11/2024,09:19:15,51371.35,51371.35,60,51383.8,15,225,2982300
BANKNIFTY-I.NFO,13/11/2024,09:19:17,51378.3,51375.6,15,51385,15,75,2982300
BANKNIFTY-I.NFO,13/11/2024,09:19:19,51375.65,51375.6,195,51383,15,75,2982300
BANKNIFTY-I.NFO,13/11/2024,09:19:20,51380,51371.9,45,51381.5,15,270,2982300
BANKNIFTY-I.NFO,13/11/2024,09:19:22,51375.6,51380,15,51382.55,150,615,2982300
BANKNIFTY-I.NFO,13/11/2024,09:19:24,51383,51381,15,51386.3,15,165,2982300
BANKNIFTY-I.NFO,13/11/2024,09:19:25,51376.75,51385,75,51386.3,15,105,2982300
BANKNIFTY-I.NFO,13/11/2024,09:19:27,51385,51385,30,51386,30,90,2982300
BANKNIFTY-I.NFO,13/11/2024,09:19:29,51401,51392.7,120,51402,75,975,2982300
BANKNIFTY-I.NFO,13/11/2024,09:19:29,51401,51392.7,120,51402,75,0,2982300
BANKNIFTY-I.NFO,13/11/2024,09:19:30,51396.85,51386,15,51396.95,15,660,2982300
BANKNIFTY-I.NFO,13/11/2024,09:19:32,51402,51397.55,150,51402,60,405,2982300
BANKNIFTY-I.NFO,13/11/2024,09:19:32,51402,51397.55,150,51402,60,0,2982300
BANKNIFTY-I.NFO,13/11/2024,09:19:33,51395.65,51388.3,150,51397.55,45,315,2982300
BANKNIFTY-I.NFO,13/11/2024,09:19:35,51388.35,51375.05,120,51388.55,45,345,2982300
BANKNIFTY-I.NFO,13/11/2024,09:19:37,51382.2,51382.2,75,51388.55,75,135,2982300
BANKNIFTY-I.NFO,13/11/2024,09:19:38,51383.5,51375,15,51382,120,405,2982300
BANKNIFTY-I.NFO,13/11/2024,09:19:40,51366.65,51365,30,51372.45,45,345,2982300
BANKNIFTY-I.NFO,13/11/2024,09:19:42,51375,51366.6,120,51375,45,60,2982300
BANKNIFTY-I.NFO,13/11/2024,09:19:43,51371.1,51371.1,120,51382.2,15,75,2982300
BANKNIFTY-I.NFO,13/11/2024,09:19:45,51371.3,51371.3,30,51381.85,150,105,2982300
BANKNIFTY-I.NFO,13/11/2024,09:19:47,51371.3,51371.3,15,51380.5,90,285,2982300
BANKNIFTY-I.NFO,13/11/2024,09:19:48,51371.3,51366.65,75,51371.95,150,60,2982300
BANKNIFTY-I.NFO,13/11/2024,09:19:50,51369.05,51360.65,15,51368.8,90,195,2982300
BANKNIFTY-I.NFO,13/11/2024,09:19:52,51350,51351.25,120,51360.65,30,270,2982300
BANKNIFTY-I.NFO,13/11/2024,09:19:53,51351.45,51350.05,120,51360.65,30,15,2982300
BANKNIFTY-I.NFO,13/11/2024,09:19:55,51350,51350,120,51351.55,30,135,2982300
BANKNIFTY-I.NFO,13/11/2024,09:19:57,51363.85,51350.05,120,51364.95,15,1155,2982300
BANKNIFTY-I.NFO,13/11/2024,09:19:58,51350.55,51350.1,15,51357.5,360,105,2982300
BANKNIFTY-I.NFO,13/11/2024,09:20:00,51350.05,51350.05,120,51357.5,405,1080,2982300
BANKNIFTY-I.NFO,13/11/2024,09:20:02,51357.05,51351.6,30,51359,75,645,2982300
BANKNIFTY-I.NFO,13/11/2024,09:20:03,51359.95,51351.8,150,51357.75,75,585,2982300
BANKNIFTY-I.NFO,13/11/2024,09:20:05,51356.55,51357.9,30,51365,15,225,2982300
BANKNIFTY-I.NFO,13/11/2024,09:20:07,51362.85,51364.05,30,51375,45,570,2982300
BANKNIFTY-I.NFO,13/11/2024,09:20:08,51372.95,51378.65,30,51382.7,30,180,2982300
BANKNIFTY-I.NFO,13/11/2024,09:20:10,51370.35,51366.3,150,51380,15,540,2982300
BANKNIFTY-I.NFO,13/11/2024,09:20:12,51376.9,51366.35,15,51380.25,30,165,2982300
BANKNIFTY-I.NFO,13/11/2024,09:20:13,51370,51368.65,15,51370,750,255,2982300
BANKNIFTY-I.NFO,13/11/2024,09:20:15,51369.05,51369.05,105,51370,450,390,2982300
BANKNIFTY-I.NFO,13/11/2024,09:20:16,51370,51369.05,30,51374.05,15,480,2982300
BANKNIFTY-I.NFO,13/11/2024,09:20:18,51347.7,51347.65,30,51360.95,120,420,2982300
BANKNIFTY-I.NFO,13/11/2024,09:20:20,51364.3,51349.95,120,51364.85,30,210,2982300
BANKNIFTY-I.NFO,13/11/2024,09:20:21,51364.85,51360.35,120,51366.65,30,150,2982300
BANKNIFTY-I.NFO,13/11/2024,09:20:23,51364.25,51350,15,51363.75,30,120,2982300
BANKNIFTY-I.NFO,13/11/2024,09:20:25,51362.25,51350.05,120,51362.1,15,15,2982300
BANKNIFTY-I.NFO,13/11/2024,09:20:26,51346.7,51346.7,90,51359.6,120,270,2982300
BANKNIFTY-I.NFO,13/11/2024,09:20:28,51346.7,51351.75,90,51360,15,0,2982300
BANKNIFTY-I.NFO,13/11/2024,09:20:30,51364.25,51362.85,150,51370,60,135,2982300
BANKNIFTY-I.NFO,13/11/2024,09:20:31,51362.85,51362.85,90,51370,60,75,2982300
BANKNIFTY-I.NFO,13/11/2024,09:20:33,51360.45,51362.85,15,51370,15,600,2982300
BANKNIFTY-I.NFO,13/11/2024,09:20:35,51370,51363.8,285,51369.95,60,15,2982300
BANKNIFTY-I.NFO,13/11/2024,09:20:36,51365.05,51360.85,105,51369.95,60,210,2982300
BANKNIFTY-I.NFO,13/11/2024,09:20:38,51367.3,51367.65,375,51375,60,660,2982300
BANKNIFTY-I.NFO,13/11/2024,09:20:40,51390.15,51389.4,30,51396.95,15,360,2982300
BANKNIFTY-I.NFO,13/11/2024,09:20:41,51395.45,51382.45,30,51395.5,120,105,2982300
BANKNIFTY-I.NFO,13/11/2024,09:20:43,51385.45,51385.45,120,51392.5,135,120,2982300
BANKNIFTY-I.NFO,13/11/2024,09:20:45,51394.95,51386.2,45,51394.25,120,15,2982300
BANKNIFTY-I.NFO,13/11/2024,09:20:46,51395.2,51389.85,45,51396.95,120,60,2982300
BANKNIFTY-I.NFO,13/11/2024,09:20:48,51387.45,51378.4,30,51387.65,15,630,2982300
BANKNIFTY-I.NFO,13/11/2024,09:20:50,51370.7,51370.05,15,51374.8,15,285,2982300
BANKNIFTY-I.NFO,13/11/2024,09:20:51,51360.45,51360.45,30,51367.8,15,285,2982300
BANKNIFTY-I.NFO,13/11/2024,09:20:53,51360.45,51360.45,15,51365.05,30,315,2982300
BANKNIFTY-I.NFO,13/11/2024,09:20:55,51358.15,51360.5,60,51370.35,105,105,2982300
BANKNIFTY-I.NFO,13/11/2024,09:20:56,51369.4,51360.5,120,51370.25,45,90,2982300
BANKNIFTY-I.NFO,13/11/2024,09:20:58,51360.55,51363.5,30,51375.75,45,150,2982300
BANKNIFTY-I.NFO,13/11/2024,09:21:00,51363.5,51360.5,30,51366.55,45,165,2982300
BANKNIFTY-I.NFO,13/11/2024,09:21:01,51374,51360.55,30,51373.6,45,240,2982300
BANKNIFTY-I.NFO,13/11/2024,09:21:03,51372.75,51365,135,51373.75,45,90,2982300
BANKNIFTY-I.NFO,13/11/2024,09:21:05,51370,51368,150,51378.4,120,60,2982300
BANKNIFTY-I.NFO,13/11/2024,09:21:06,51368,51366.6,30,51375,15,585,2982300
BANKNIFTY-I.NFO,13/11/2024,09:21:08,51368,51366.6,15,51368,165,495,2982300
BANKNIFTY-I.NFO,13/11/2024,09:21:10,51371.55,51366.65,15,51369.4,165,705,2982300
BANKNIFTY-I.NFO,13/11/2024,09:21:11,51360,51358.45,150,51360,195,750,2982300
BANKNIFTY-I.NFO,13/11/2024,09:21:13,51360,51356.65,60,51360,195,0,2982300
BANKNIFTY-I.NFO,13/11/2024,09:21:15,51360,51358.5,15,51359,45,195,2982300
BANKNIFTY-I.NFO,13/11/2024,09:21:16,51358.5,51356.65,60,51359,30,45,2982300
BANKNIFTY-I.NFO,13/11/2024,09:21:18,51354.35,51350.7,15,51356.45,120,120,2982300
BANKNIFTY-I.NFO,13/11/2024,09:21:20,51350,51346.65,45,51352.7,15,180,2982300
BANKNIFTY-I.NFO,13/11/2024,09:21:21,51346.7,51346.7,15,51352.5,15,75,2982300
BANKNIFTY-I.NFO,13/11/2024,09:21:23,51346.7,51346.75,120,51354.35,195,15,2982300
BANKNIFTY-I.NFO,13/11/2024,09:21:25,51353.95,51347.25,150,51354.35,195,150,2982300
BANKNIFTY-I.NFO,13/11/2024,09:21:26,51354.35,51350,75,51354.35,180,15,2982300
BANKNIFTY-I.NFO,13/11/2024,09:21:28,51353.85,51351.25,150,51354.85,30,255,2982300
BANKNIFTY-I.NFO,13/11/2024,09:21:30,51356.65,51354.35,105,51356.65,15,120,2982300
BANKNIFTY-I.NFO,13/11/2024,09:21:31,51354.35,51350,45,51357,120,420,2982300
BANKNIFTY-I.NFO,13/11/2024,09:21:33,51360.6,51350,30,51360.2,135,75,2982300
BANKNIFTY-I.NFO,13/11/2024,09:21:35,51360.6,51350,30,51359.15,15,0,2982300
BANKNIFTY-I.NFO,13/11/2024,09:21:36,51352.45,51346.7,15,51352.25,75,135,2982300
BANKNIFTY-I.NFO,13/11/2024,09:21:38,51341,51340,45,51348.8,75,135,2982300
BANKNIFTY-I.NFO,13/11/2024,09:21:40,51340,51332,105,51340,105,150,2982300
BANKNIFTY-I.NFO,13/11/2024,09:21:41,51330.55,51330.55,105,51340,105,315,2982300
BANKNIFTY-I.NFO,13/11/2024,09:21:43,51340,51333.95,15,51340,90,75,2982300
BANKNIFTY-I.NFO,13/11/2024,09:21:45,51350,51344.95,15,51350,105,300,2987910
BANKNIFTY-I.NFO,13/11/2024,09:21:46,51349.95,51345,585,51350,90,45,2987910
BANKNIFTY-I.NFO,13/11/2024,09:21:48,51346.15,51345.15,15,51350,180,105,2987910
BANKNIFTY-I.NFO,13/11/2024,09:21:50,51350,51345.15,60,51350,180,225,2987910
BANKNIFTY-I.NFO,13/11/2024,09:21:51,51359.8,51355.05,30,51360,30,360,2987910
BANKNIFTY-I.NFO,13/11/2024,09:21:53,51375,51372.5,75,51380,915,195,2987910
BANKNIFTY-I.NFO,13/11/2024,09:21:55,51380,51373.55,45,51380,780,210,2987910
BANKNIFTY-I.NFO,13/11/2024,09:21:56,51373.55,51373.55,135,51377.6,135,15,2987910
BANKNIFTY-I.NFO,13/11/2024,09:21:58,51380,51379.1,15,51380,765,45,2987910
BANKNIFTY-I.NFO,13/11/2024,09:22:00,51379.1,51376.85,150,51379.95,120,315,2987910
BANKNIFTY-I.NFO,13/11/2024,09:22:01,51360.2,51355.5,120,51370.35,60,510,2987910
BANKNIFTY-I.NFO,13/11/2024,09:22:03,51369.8,51352.7,120,51365.3,15,60,2987910
BANKNIFTY-I.NFO,13/11/2024,09:22:05,51352.05,51354.5,120,51370,30,75,2987910
BANKNIFTY-I.NFO,13/11/2024,09:22:06,51371.15,51368,15,51374.9,15,15,2987910
BANKNIFTY-I.NFO,13/11/2024,09:22:08,51370,51370,15,51374.4,15,75,2987910
BANKNIFTY-I.NFO,13/11/2024,09:22:10,51370,51370,30,51374.9,15,270,2987910
BANKNIFTY-I.NFO,13/11/2024,09:22:11,51370,51370.35,60,51375,15,0,2987910
BANKNIFTY-I.NFO,13/11/2024,09:22:13,51376.85,51375,45,51376.85,15,90,2987910
BANKNIFTY-I.NFO,13/11/2024,09:22:15,51375.05,51375.05,30,51377.4,45,105,2987910
BANKNIFTY-I.NFO,13/11/2024,09:22:16,51375.05,51371,120,51375.05,285,150,2987910
BANKNIFTY-I.NFO,13/11/2024,09:22:18,51375.05,51371,30,51375.05,255,45,2987910
BANKNIFTY-I.NFO,13/11/2024,09:22:19,51371.55,51373.05,120,51377.4,45,270,2987910
BANKNIFTY-I.NFO,13/11/2024,09:22:21,51385,51375,120,51385,135,720,2987910
BANKNIFTY-I.NFO,13/11/2024,09:22:23,51387.15,51385,780,51388.15,150,165,2987910
BANKNIFTY-I.NFO,13/11/2024,09:22:24,51389.95,51385,690,51390,30,225,2987910
BANKNIFTY-I.NFO,13/11/2024,09:22:26,51385,51375.4,120,51388.4,15,885,2987910
BANKNIFTY-I.NFO,13/11/2024,09:22:28,51389.3,51375.35,45,51385.15,135,15,2987910
BANKNIFTY-I.NFO,13/11/2024,09:22:29,51384.75,51380,300,51387.3,120,75,2987910
BANKNIFTY-I.NFO,13/11/2024,09:22:31,51388,51380.15,30,51387.7,15,225,2987910
BANKNIFTY-I.NFO,13/11/2024,09:22:33,51382.3,51375.05,30,51383.25,30,525,2987910
BANKNIFTY-I.NFO,13/11/2024,09:22:34,51375.3,51371,135,51374.7,15,105,2987910
BANKNIFTY-I.NFO,13/11/2024,09:22:36,51366.05,51365,15,51366.05,15,345,2987910
BANKNIFTY-I.NFO,13/11/2024,09:22:38,51354.95,51354.95,90,51360.55,15,30,2987910
BANKNIFTY-I.NFO,13/11/2024,09:22:39,51354.95,51355,60,51359.2,15,0,2987910
BANKNIFTY-I.NFO,13/11/2024,09:22:41,51369.75,51355.15,30,51368.9,15,90,2987910
BANKNIFTY-I.NFO,13/11/2024,09:22:43,51355.2,51355.15,30,51365.25,15,15,2987910
BANKNIFTY-I.NFO,13/11/2024,09:22:44,51364.3,51355.15,75,51363.95,30,30,2987910
BANKNIFTY-I.NFO,13/11/2024,09:22:46,51350.55,51350.5,15,51354.15,30,360,2987910
BANKNIFTY-I.NFO,13/11/2024,09:22:48,51359.9,51350.55,90,51359.1,30,180,2987910
BANKNIFTY-I.NFO,13/11/2024,09:22:50,51359.75,51350.55,150,51359,30,120,2987910
BANKNIFTY-I.NFO,13/11/2024,09:22:51,51342.35,51335,15,51342.4,75,540,2987910
BANKNIFTY-I.NFO,13/11/2024,09:22:53,51347,51335.4,120,51349.9,30,45,2987910
BANKNIFTY-I.NFO,13/11/2024,09:22:55,51360.65,51349.9,15,51357.95,75,900,2987910
BANKNIFTY-I.NFO,13/11/2024,09:22:56,51355,51349.9,60,51360.4,15,30,2987910
BANKNIFTY-I.NFO,13/11/2024,09:22:58,51365,51357.95,15,51367.45,15,90,2987910
BANKNIFTY-I.NFO,13/11/2024,09:23:00,51353.5,51354.75,90,51369.5,15,315,2987910
BANKNIFTY-I.NFO,13/11/2024,09:23:01,51361.75,51355,15,51361.15,120,75,2987910
BANKNIFTY-I.NFO,13/11/2024,09:23:03,51355,51355,30,51360.1,120,60,2987910
BANKNIFTY-I.NFO,13/11/2024,09:23:05,51354,51352,15,51362.25,120,105,2987910
BANKNIFTY-I.NFO,13/11/2024,09:23:06,51367.05,51355,15,51366.9,15,990,2987910
BANKNIFTY-I.NFO,13/11/2024,09:23:08,51355.05,51355.05,120,51367.8,15,90,2987910
BANKNIFTY-I.NFO,13/11/2024,09:23:10,51368.25,51362.25,75,51366.1,75,30,2987910
BANKNIFTY-I.NFO,13/11/2024,09:23:11,51360.4,51355.2,105,51360.4,75,120,2987910
BANKNIFTY-I.NFO,13/11/2024,09:23:13,51356.5,51355.2,105,51366.55,15,15,2987910
BANKNIFTY-I.NFO,13/11/2024,09:23:15,51355.25,51355.2,105,51368.2,15,15,2987910
BANKNIFTY-I.NFO,13/11/2024,09:23:16,51355.25,51356.5,15,51363.75,30,15,2987910
BANKNIFTY-I.NFO,13/11/2024,09:23:18,51366.35,51356.5,15,51365.9,75,900,2987910
BANKNIFTY-I.NFO,13/11/2024,09:23:20,51366.35,51356.55,120,51368.25,15,0,2987910
BANKNIFTY-I.NFO,13/11/2024,09:23:21,51356.55,51360.85,105,51368,15,15,2987910
BANKNIFTY-I.NFO,13/11/2024,09:23:23,51368.25,51368.15,15,51380,30,45,2987910
BANKNIFTY-I.NFO,13/11/2024,09:23:25,51375.2,51375.2,120,51385,30,105,2987910
BANKNIFTY-I.NFO,13/11/2024,09:23:26,51385,51375.2,120,51385,15,15,2987910
BANKNIFTY-I.NFO,13/11/2024,09:23:28,51373.8,51365.3,135,51373.95,240,105,2987910
BANKNIFTY-I.NFO,13/11/2024,09:23:30,51372.1,51373.1,120,51387.95,15,915,2987910
BANKNIFTY-I.NFO,13/11/2024,09:23:31,51384.45,51373.15,15,51384.85,45,90,2987910
BANKNIFTY-I.NFO,13/11/2024,09:23:33,51377.65,51364.3,15,51377.6,15,210,2987910
BANKNIFTY-I.NFO,13/11/2024,09:23:35,51364.3,51366.5,150,51380,105,15,2987910
BANKNIFTY-I.NFO,13/11/2024,09:23:36,51380,51376.85,15,51380,60,60,2987910
BANKNIFTY-I.NFO,13/11/2024,09:23:38,51385,51376.85,60,51388,195,495,2987910
BANKNIFTY-I.NFO,13/11/2024,09:23:40,51388,51376.85,75,51388,150,75,2987910
BANKNIFTY-I.NFO,13/11/2024,09:23:41,51387.9,51376.85,105,51387.55,30,15,2987910
BANKNIFTY-I.NFO,13/11/2024,09:23:43,51385.9,51376.9,120,51385.6,45,915,2987910
BANKNIFTY-I.NFO,13/11/2024,09:23:45,51376.9,51364.35,120,51377.6,45,390,2987910
BANKNIFTY-I.NFO,13/11/2024,09:23:46,51364.35,51362.15,15,51367.05,45,120,2987910
BANKNIFTY-I.NFO,13/11/2024,09:23:48,51368.65,51355.15,15,51367.4,15,90,2987910
BANKNIFTY-I.NFO,13/11/2024,09:23:50,51355.15,51355.05,45,51360.2,150,45,2987910
BANKNIFTY-I.NFO,13/11/2024,09:23:51,51350.5,51342.4,105,51348.95,75,210,2987910
BANKNIFTY-I.NFO,13/11/2024,09:23:53,51350.25,51342.4,105,51350.65,135,270,2987910
BANKNIFTY-I.NFO,13/11/2024,09:23:55,51350,51342.5,105,51350,465,45,2987910
BANKNIFTY-I.NFO,13/11/2024,09:23:56,51349.2,51342.5,30,51346.85,15,180,2987910
BANKNIFTY-I.NFO,13/11/2024,09:23:58,51342.5,51333.85,15,51345.25,15,555,2987910
BANKNIFTY-I.NFO,13/11/2024,09:24:00,51346.05,51340.15,15,51346.4,15,90,2987910
BANKNIFTY-I.NFO,13/11/2024,09:24:01,51333.85,51340.5,150,51350,285,735,2987910
BANKNIFTY-I.NFO,13/11/2024,09:24:03,51345.9,51347.95,105,51361.65,300,300,2987910
BANKNIFTY-I.NFO,13/11/2024,09:24:05,51348.25,51351.9,15,51366.7,15,285,2987910
BANKNIFTY-I.NFO,13/11/2024,09:24:06,51348.25,51351.9,30,51360.75,120,0,2987910
BANKNIFTY-I.NFO,13/11/2024,09:24:08,51351.2,51346.05,15,51351.7,120,285,2987910
BANKNIFTY-I.NFO,13/11/2024,09:24:09,51346.05,51346.1,30,51359.75,15,30,2987910
BANKNIFTY-I.NFO,13/11/2024,09:24:11,51350.55,51350.55,15,51365,15,30,2987910
BANKNIFTY-I.NFO,13/11/2024,09:24:13,51367.8,51355.75,30,51370.95,120,120,2987910
BANKNIFTY-I.NFO,13/11/2024,09:24:14,51371.3,51357.5,30,51372,15,30,2987910
BANKNIFTY-I.NFO,13/11/2024,09:24:16,51371.55,51357.55,135,51364.4,120,30,2987910
BANKNIFTY-I.NFO,13/11/2024,09:24:18,51362.3,51355.65,30,51362.55,120,270,2987910
BANKNIFTY-I.NFO,13/11/2024,09:24:19,51355.65,51355.65,15,51362.75,120,30,2987910
BANKNIFTY-I.NFO,13/11/2024,09:24:21,51355.65,51355.7,75,51368.35,15,0,2987910
BANKNIFTY-I.NFO,13/11/2024,09:24:23,51364.5,51355.65,15,51362.65,120,15,2987910
BANKNIFTY-I.NFO,13/11/2024,09:24:24,51355.65,51352,45,51357.35,75,120,2987910
BANKNIFTY-I.NFO,13/11/2024,09:24:26,51354.5,51352.05,15,51354.15,75,135,2987910
BANKNIFTY-I.NFO,13/11/2024,09:24:28,51351.95,51346.05,15,51351.95,60,420,2987910
BANKNIFTY-I.NFO,13/11/2024,09:24:29,51346.05,51341.55,15,51348.6,105,30,2987910
BANKNIFTY-I.NFO,13/11/2024,09:24:31,51340,51338.85,15,51340,30,60,2987910
BANKNIFTY-I.NFO,13/11/2024,09:24:33,51336.5,51342.9,105,51352,15,210,2987910
BANKNIFTY-I.NFO,13/11/2024,09:24:34,51343.05,51346.1,90,51352,15,15,2987910
BANKNIFTY-I.NFO,13/11/2024,09:24:36,51346.1,51346.05,15,51352,15,15,2987910
BANKNIFTY-I.NFO,13/11/2024,09:24:38,51346.05,51340.05,105,51347.4,120,120,2987910
BANKNIFTY-I.NFO,13/11/2024,09:24:39,51348,51340.05,105,51349.2,30,150,2987910
BANKNIFTY-I.NFO,13/11/2024,09:24:41,51340,51335.15,15,51341.15,75,30,2987910
BANKNIFTY-I.NFO,13/11/2024,09:24:43,51328.15,51316.1,15,51327.7,15,1590,2987910
BANKNIFTY-I.NFO,13/11/2024,09:24:44,51318,51317.15,30,51333.8,15,120,2987910
BANKNIFTY-I.NFO,13/11/2024,09:24:46,51333.8,51327.7,15,51332.45,120,90,2986290
BANKNIFTY-I.NFO,13/11/2024,09:24:48,51327.7,51325,45,51328.15,120,105,2986290
BANKNIFTY-I.NFO,13/11/2024,09:24:49,51325.05,51325.05,90,51328.15,15,120,2986290
BANKNIFTY-I.NFO,13/11/2024,09:24:51,51325.15,51325.05,120,51333,15,45,2986290
BANKNIFTY-I.NFO,13/11/2024,09:24:53,51325,51318,15,51324.6,120,270,2986290
BANKNIFTY-I.NFO,13/11/2024,09:24:54,51329.4,51315.65,90,51329.65,15,60,2986290
BANKNIFTY-I.NFO,13/11/2024,09:24:56,51325,51319.1,30,51325.1,15,60,2986290
BANKNIFTY-I.NFO,13/11/2024,09:24:58,51328.15,51325,30,51339.6,120,75,2986290
BANKNIFTY-I.NFO,13/11/2024,09:24:59,51324.3,51328.85,30,51340,30,345,2986290
BANKNIFTY-I.NFO,13/11/2024,09:25:01,51345.9,51329.6,45,51342.75,15,90,2986290
BANKNIFTY-I.NFO,13/11/2024,09:25:03,51328.75,51330,15,51342.2,30,120,2986290
BANKNIFTY-I.NFO,13/11/2024,09:25:04,51341.1,51328.8,120,51341.85,15,225,2986290
BANKNIFTY-I.NFO,13/11/2024,09:25:06,51336.55,51336.05,30,51347.1,75,75,2986290
BANKNIFTY-I.NFO,13/11/2024,09:25:08,51347.85,51339.25,150,51350,30,30,2986290
BANKNIFTY-I.NFO,13/11/2024,09:25:10,51347.85,51340,15,51348.45,150,0,2986290
BANKNIFTY-I.NFO,13/11/2024,09:25:11,51340.05,51340.45,150,51350,30,15,2986290
BANKNIFTY-I.NFO,13/11/2024,09:25:13,51340.05,51340.95,15,51347.85,15,0,2986290
BANKNIFTY-I.NFO,13/11/2024,09:25:15,51340.95,51342.1,30,51347.85,15,15,2986290
BANKNIFTY-I.NFO,13/11/2024,09:25:16,51351.05,51341.35,585,51353.9,15,330,2986290
BANKNIFTY-I.NFO,13/11/2024,09:25:18,51348,51348,45,51356.8,75,390,2986290
BANKNIFTY-I.NFO,13/11/2024,09:25:20,51356.2,51348,60,51357.05,15,90,2986290
BANKNIFTY-I.NFO,13/11/2024,09:25:21,51355,51351.15,15,51355,165,30,2986290
BANKNIFTY-I.NFO,13/11/2024,09:25:23,51365.45,51352.1,135,51359.9,165,210,2986290
BANKNIFTY-I.NFO,13/11/2024,09:25:25,51365.45,51356.9,30,51365.65,15,0,2986290
BANKNIFTY-I.NFO,13/11/2024,09:25:26,51369.65,51360.15,15,51370,15,30,2986290
BANKNIFTY-I.NFO,13/11/2024,09:25:28,51370,51365.45,15,51376.9,30,15,2986290
BANKNIFTY-I.NFO,13/11/2024,09:25:30,51365,51365,60,51369.65,75,315,2986290
BANKNIFTY-I.NFO,13/11/2024,09:25:31,51380,51377.2,120,51385,30,165,2986290
BANKNIFTY-I.NFO,13/11/2024,09:25:33,51416,51414.55,180,51416,60,2550,2986290
BANKNIFTY-I.NFO,13/11/2024,09:25:33,51416,51414.55,180,51416,60,0,2986290
BANKNIFTY-I.NFO,13/11/2024,09:25:35,51418.8,51409.9,15,51420,480,1680,2986290
BANKNIFTY-I.NFO,13/11/2024,09:25:35,51420,51409.9,15,51420,480,0,2986290
BANKNIFTY-I.NFO,13/11/2024,09:25:36,51416.45,51409.9,15,51417.65,15,585,2986290
BANKNIFTY-I.NFO,13/11/2024,09:25:38,51405.85,51392.1,15,51405.8,60,315,2986290
BANKNIFTY-I.NFO,13/11/2024,09:25:40,51402.3,51392.1,30,51402.45,60,135,2986290
BANKNIFTY-I.NFO,13/11/2024,09:25:41,51398.75,51392.1,15,51400.05,60,135,2986290
BANKNIFTY-I.NFO,13/11/2024,09:25:43,51407.9,51398.4,120,51412.75,15,720,2986290
BANKNIFTY-I.NFO,13/11/2024,09:25:45,51419.55,51416.65,75,51420,420,45,2986290
BANKNIFTY-I.NFO,13/11/2024,09:25:46,51421,51420,105,51421,15,615,2986290
BANKNIFTY-I.NFO,13/11/2024,09:25:46,51421,51420,105,51421,15,0,2986290
BANKNIFTY-I.NFO,13/11/2024,09:25:48,51416.65,51416.65,135,51420.45,15,435,2986290
BANKNIFTY-I.NFO,13/11/2024,09:25:48,51423.15,51416.65,135,51420.45,15,0,2986290
BANKNIFTY-I.NFO,13/11/2024,09:25:50,51402.15,51400,90,51409.5,75,1140,2986290
BANKNIFTY-I.NFO,13/11/2024,09:25:51,51381.1,51386.4,150,51396.4,15,840,2986290
BANKNIFTY-I.NFO,13/11/2024,09:25:53,51390.4,51389.85,30,51393.55,15,465,2986290
BANKNIFTY-I.NFO,13/11/2024,09:25:55,51382,51370.1,15,51383.3,75,270,2986290
BANKNIFTY-I.NFO,13/11/2024,09:25:56,51370,51369.65,45,51372.95,30,570,2986290
BANKNIFTY-I.NFO,13/11/2024,09:25:58,51368.3,51366.35,15,51368.9,15,240,2986290
BANKNIFTY-I.NFO,13/11/2024,09:26:00,51372.1,51366.4,15,51372.35,90,300,2986290
BANKNIFTY-I.NFO,13/11/2024,09:26:01,51368.7,51365,15,51369.4,15,720,2986290
BANKNIFTY-I.NFO,13/11/2024,09:26:03,51341.35,51341.45,390,51348.45,15,780,2986290
BANKNIFTY-I.NFO,13/11/2024,09:26:05,51347.95,51341.5,15,51349.2,45,180,2986290
BANKNIFTY-I.NFO,13/11/2024,09:26:06,51348.6,51341.55,15,51349.3,15,45,2986290
BANKNIFTY-I.NFO,13/11/2024,09:26:08,51341.55,51341,15,51341.55,45,135,2986290
BANKNIFTY-I.NFO,13/11/2024,09:26:10,51348.35,51340.05,30,51349.35,75,150,2986290
BANKNIFTY-I.NFO,13/11/2024,09:26:11,51341.5,51340.05,45,51341.65,75,45,2986290
BANKNIFTY-I.NFO,13/11/2024,09:26:13,51343.6,51340.25,45,51348.6,15,60,2986290
BANKNIFTY-I.NFO,13/11/2024,09:26:15,51342.35,51349.2,90,51351.9,75,150,2986290
BANKNIFTY-I.NFO,13/11/2024,09:26:16,51342.35,51349.2,150,51358.35,15,0,2986290
BANKNIFTY-I.NFO,13/11/2024,09:26:18,51349.2,51349.2,60,51350.5,75,360,2986290
BANKNIFTY-I.NFO,13/11/2024,09:26:19,51340.3,51340,30,51348.6,15,105,2986290
BANKNIFTY-I.NFO,13/11/2024,09:26:21,51345.85,51340,60,51346.3,30,60,2986290
BANKNIFTY-I.NFO,13/11/2024,09:26:23,51346.3,51338.8,15,51340,15,255,2986290
BANKNIFTY-I.NFO,13/11/2024,09:26:24,51350,51340.8,135,51351.2,15,60,2986290
BANKNIFTY-I.NFO,13/11/2024,09:26:26,51352.7,51340.4,15,51352.75,30,75,2986290
BANKNIFTY-I.NFO,13/11/2024,09:26:28,51340.4,51340.4,15,51344.75,30,210,2986290
BANKNIFTY-I.NFO,13/11/2024,09:26:29,51340.4,51331.7,15,51340.4,15,105,2986290
BANKNIFTY-I.NFO,13/11/2024,09:26:31,51345.65,51334.5,90,51347.1,15,120,2986290
BANKNIFTY-I.NFO,13/11/2024,09:26:33,51340.95,51334.35,15,51341.2,30,30,2986290
BANKNIFTY-I.NFO,13/11/2024,09:26:34,51339.7,51328.85,15,51338.65,15,165,2986290
BANKNIFTY-I.NFO,13/11/2024,09:26:36,51346.4,51334.1,60,51347,15,135,2986290
BANKNIFTY-I.NFO,13/11/2024,09:26:38,51342.35,51342.35,15,51351.85,120,90,2986290
BANKNIFTY-I.NFO,13/11/2024,09:26:39,51354,51339.7,90,51348.75,15,210,2986290
BANKNIFTY-I.NFO,13/11/2024,09:26:41,51339.7,51339.75,210,51347.2,15,15,2986290
BANKNIFTY-I.NFO,13/11/2024,09:26:43,51340.25,51340,15,51352.15,120,60,2986290
BANKNIFTY-I.NFO,13/11/2024,09:26:44,51346.4,51346.1,30,51346.4,30,60,2986290
BANKNIFTY-I.NFO,13/11/2024,09:26:46,51339.7,51339.7,45,51351.75,60,345,2986290
BANKNIFTY-I.NFO,13/11/2024,09:26:48,51351.95,51339.7,45,51353.4,120,15,2986290
BANKNIFTY-I.NFO,13/11/2024,09:26:49,51347.9,51338.8,15,51347.95,15,105,2986290
BANKNIFTY-I.NFO,13/11/2024,09:26:51,51345.25,51340,15,51345.35,75,30,2986290
BANKNIFTY-I.NFO,13/11/2024,09:26:53,51348.8,51340,150,51348.9,120,75,2986290
BANKNIFTY-I.NFO,13/11/2024,09:26:54,51339.95,51335,15,51340.25,15,240,2986290
BANKNIFTY-I.NFO,13/11/2024,09:26:56,51339.45,51335,15,51339.2,15,150,2986290
BANKNIFTY-I.NFO,13/11/2024,09:26:58,51340,51335,75,51343.1,120,15,2986290
BANKNIFTY-I.NFO,13/11/2024,09:26:59,51339.1,51339.1,60,51341.95,15,165,2986290
BANKNIFTY-I.NFO,13/11/2024,09:27:01,51341.6,51339.15,45,51342.75,15,150,2986290
BANKNIFTY-I.NFO,13/11/2024,09:27:03,51349.5,51339.75,15,51350,15,30,2986290
BANKNIFTY-I.NFO,13/11/2024,09:27:04,51341.95,51341.95,45,51348.25,120,45,2986290
BANKNIFTY-I.NFO,13/11/2024,09:27:06,51344.05,51341.95,105,51344.05,45,195,2986290
BANKNIFTY-I.NFO,13/11/2024,09:27:08,51347.3,51341.95,90,51349.5,15,105,2986290
BANKNIFTY-I.NFO,13/11/2024,09:27:09,51347.3,51342.85,150,51349.5,15,0,2986290
BANKNIFTY-I.NFO,13/11/2024,09:27:11,51350,51346.05,180,51350,165,30,2986290
BANKNIFTY-I.NFO,13/11/2024,09:27:13,51350,51348.6,45,51350,45,135,2986290
BANKNIFTY-I.NFO,13/11/2024,09:27:14,51360,51359.8,15,51369.6,15,210,2986290
BANKNIFTY-I.NFO,13/11/2024,09:27:16,51365.45,51359.8,120,51368.8,30,195,2986290
BANKNIFTY-I.NFO,13/11/2024,09:27:18,51363.85,51361,105,51370,60,75,2986290
BANKNIFTY-I.NFO,13/11/2024,09:27:19,51370,51365.55,60,51369.45,75,30,2986290
BANKNIFTY-I.NFO,13/11/2024,09:27:21,51369.9,51365.6,15,51370,30,90,2986290
BANKNIFTY-I.NFO,13/11/2024,09:27:23,51374.1,51369.6,510,51374.1,30,405,2986290
BANKNIFTY-I.NFO,13/11/2024,09:27:24,51382.5,51380,30,51382.4,15,165,2986290
BANKNIFTY-I.NFO,13/11/2024,09:27:26,51386.55,51380.05,30,51387.6,45,75,2986290
BANKNIFTY-I.NFO,13/11/2024,09:27:28,51380,51373.65,45,51382.5,15,225,2986290
BANKNIFTY-I.NFO,13/11/2024,09:27:29,51383.75,51379.25,60,51383.85,45,405,2986290
BANKNIFTY-I.NFO,13/11/2024,09:27:31,51381.6,51379.25,30,51379.75,75,180,2986290
BANKNIFTY-I.NFO,13/11/2024,09:27:33,51386,51372.3,120,51386,15,285,2986290
BANKNIFTY-I.NFO,13/11/2024,09:27:34,51382.65,51379.2,90,51382.9,30,105,2986290
BANKNIFTY-I.NFO,13/11/2024,09:27:36,51389.75,51380.1,270,51389.85,15,45,2986290
BANKNIFTY-I.NFO,13/11/2024,09:27:38,51385,51380.2,30,51387.55,15,45,2986290
BANKNIFTY-I.NFO,13/11/2024,09:27:39,51380.2,51380.25,15,51387.1,15,15,2986290
BANKNIFTY-I.NFO,13/11/2024,09:27:41,51380.15,51380.05,15,51387,15,630,2986290
BANKNIFTY-I.NFO,13/11/2024,09:27:43,51380.15,51380.05,60,51380.15,60,165,2986290
BANKNIFTY-I.NFO,13/11/2024,09:27:44,51380,51379,30,51380.15,60,90,2986290
BANKNIFTY-I.NFO,13/11/2024,09:27:46,51382,51379.05,75,51386.4,15,195,2986275
BANKNIFTY-I.NFO,13/11/2024,09:27:48,51387,51383.75,15,51387.45,75,120,2986275
BANKNIFTY-I.NFO,13/11/2024,09:27:49,51383.75,51382.75,75,51383.75,825,135,2986275
BANKNIFTY-I.NFO,13/11/2024,09:27:51,51383.75,51387.75,135,51395,120,1050,2986275
BANKNIFTY-I.NFO,13/11/2024,09:27:53,51382.45,51383.35,45,51394.3,45,1230,2986275
BANKNIFTY-I.NFO,13/11/2024,09:27:54,51391.15,51387.4,90,51391,15,300,2986275
BANKNIFTY-I.NFO,13/11/2024,09:27:56,51380.05,51370,15,51381.1,15,1140,2986275
BANKNIFTY-I.NFO,13/11/2024,09:27:58,51378,51370,30,51375.95,15,15,2986275
BANKNIFTY-I.NFO,13/11/2024,09:27:59,51375.45,51375,15,51376.1,45,45,2986275
BANKNIFTY-I.NFO,13/11/2024,09:28:01,51382.45,51384.1,15,51389,15,75,2986275
BANKNIFTY-I.NFO,13/11/2024,09:28:03,51384.1,51384.1,15,51387.95,15,90,2986275
BANKNIFTY-I.NFO,13/11/2024,09:28:04,51390,51384.1,15,51386,15,30,2986275
BANKNIFTY-I.NFO,13/11/2024,09:28:06,51378.9,51376.1,30,51384.25,15,135,2986275
BANKNIFTY-I.NFO,13/11/2024,09:28:08,51363.55,51363.5,150,51371.2,15,120,2986275
BANKNIFTY-I.NFO,13/11/2024,09:28:09,51377.35,51367.4,60,51375.65,15,210,2986275
BANKNIFTY-I.NFO,13/11/2024,09:28:11,51377.3,51367.45,15,51376.8,30,120,2986275
BANKNIFTY-I.NFO,13/11/2024,09:28:13,51384,51381,15,51384.1,105,90,2986275
BANKNIFTY-I.NFO,13/11/2024,09:28:14,51366.1,51367.1,15,51376.1,15,30,2986275
BANKNIFTY-I.NFO,13/11/2024,09:28:16,51381,51376.9,135,51381,420,45,2986275
BANKNIFTY-I.NFO,13/11/2024,09:28:18,51381,51376.9,45,51381,390,45,2986275
BANKNIFTY-I.NFO,13/11/2024,09:28:19,51381,51378.95,120,51381,255,135,2986275
BANKNIFTY-I.NFO,13/11/2024,09:28:21,51389.35,51384.1,15,51389.35,75,375,2986275
BANKNIFTY-I.NFO,13/11/2024,09:28:23,51389.35,51388.65,15,51389.35,60,15,2986275
BANKNIFTY-I.NFO,13/11/2024,09:28:24,51396.65,51390.8,30,51397,15,1110,2986275
BANKNIFTY-I.NFO,13/11/2024,09:28:26,51393.4,51395.75,30,51399,180,270,2986275
BANKNIFTY-I.NFO,13/11/2024,09:28:28,51400,51399.55,45,51406,45,795,2986275
BANKNIFTY-I.NFO,13/11/2024,09:28:29,51402.15,51389.35,45,51401.15,120,405,2986275
BANKNIFTY-I.NFO,13/11/2024,09:28:31,51393.4,51402.85,15,51402.9,15,75,2986275
BANKNIFTY-I.NFO,13/11/2024,09:28:33,51407.2,51402.95,45,51409.15,15,165,2986275
BANKNIFTY-I.NFO,13/11/2024,09:28:34,51405.7,51402.95,15,51403.55,75,135,2986275
BANKNIFTY-I.NFO,13/11/2024,09:28:36,51405.7,51405.7,15,51408.05,150,195,2986275
BANKNIFTY-I.NFO,13/11/2024,09:28:38,51405.7,51405.7,15,51408.4,30,30,2986275
BANKNIFTY-I.NFO,13/11/2024,09:28:39,51403.6,51403.3,15,51405.7,15,75,2986275
BANKNIFTY-I.NFO,13/11/2024,09:28:41,51401.2,51398.1,120,51408,285,405,2986275
BANKNIFTY-I.NFO,13/11/2024,09:28:43,51407.15,51403.3,15,51408,195,135,2986275
BANKNIFTY-I.NFO,13/11/2024,09:28:44,51403.3,51403.3,15,51408,195,165,2986275
BANKNIFTY-I.NFO,13/11/2024,09:28:46,51405,51403.3,45,51404.2,15,150,2986275
BANKNIFTY-I.NFO,13/11/2024,09:28:48,51403.6,51398.15,45,51403.9,15,300,2986275
BANKNIFTY-I.NFO,13/11/2024,09:28:49,51390,51382.35,15,51395.1,150,195,2986275
BANKNIFTY-I.NFO,13/11/2024,09:28:51,51394.7,51382.3,15,51396.65,45,90,2986275
BANKNIFTY-I.NFO,13/11/2024,09:28:53,51382,51382,30,51390,45,30,2986275
BANKNIFTY-I.NFO,13/11/2024,09:28:54,51382,51381.95,15,51395.85,120,75,2986275
BANKNIFTY-I.NFO,13/11/2024,09:28:56,51398.4,51388.2,15,51400.35,15,105,2986275
BANKNIFTY-I.NFO,13/11/2024,09:28:57,51400.3,51391,15,51401.75,15,60,2986275
BANKNIFTY-I.NFO,13/11/2024,09:28:59,51382,51380.3,15,51394.65,30,90,2986275
BANKNIFTY-I.NFO,13/11/2024,09:29:01,51380,51378.2,45,51391.95,75,90,2986275
BANKNIFTY-I.NFO,13/11/2024,09:29:02,51381.25,51388.3,15,51391.15,15,15,2986275
BANKNIFTY-I.NFO,13/11/2024,09:29:04,51391.05,51375.55,195,51389.4,120,60,2986275
BANKNIFTY-I.NFO,13/11/2024,09:29:06,51375,51375.1,15,51389,15,60,2986275
BANKNIFTY-I.NFO,13/11/2024,09:29:07,51382.5,51382.5,45,51387.7,120,45,2986275
BANKNIFTY-I.NFO,13/11/2024,09:29:09,51374.6,51374.6,60,51375,15,105,2986275
BANKNIFTY-I.NFO,13/11/2024,09:29:11,51374.6,51374.65,30,51384.4,15,30,2986275
BANKNIFTY-I.NFO,13/11/2024,09:29:12,51386.8,51379.55,60,51380,15,45,2986275
BANKNIFTY-I.NFO,13/11/2024,09:29:14,51379.55,51375.55,45,51379.55,45,165,2986275
BANKNIFTY-I.NFO,13/11/2024,09:29:16,51387.45,51378.05,45,51388.2,15,10080,2986275
BANKNIFTY-I.NFO,13/11/2024,09:29:17,51373,51368.8,150,51375.1,30,30,2986275
BANKNIFTY-I.NFO,13/11/2024,09:29:19,51367.4,51372,90,51375,150,60,2986275
BANKNIFTY-I.NFO,13/11/2024,09:29:21,51372,51372,120,51375,105,60,2986275
BANKNIFTY-I.NFO,13/11/2024,09:29:22,51372,51372,60,51375,90,165,2986275
BANKNIFTY-I.NFO,13/11/2024,09:29:24,51372,51372,105,51375,90,30,2986275
BANKNIFTY-I.NFO,13/11/2024,09:29:26,51372,51372,75,51375,75,75,2986275
BANKNIFTY-I.NFO,13/11/2024,09:29:27,51372,51366,30,51373.55,135,135,2986275
BANKNIFTY-I.NFO,13/11/2024,09:29:29,51366,51366,45,51371.6,15,75,2986275
BANKNIFTY-I.NFO,13/11/2024,09:29:31,51370.85,51366,45,51371.8,15,45,2986275
BANKNIFTY-I.NFO,13/11/2024,09:29:32,51368.05,51360.05,15,51366.8,120,90,2986275
BANKNIFTY-I.NFO,13/11/2024,09:29:34,51352.65,51350.05,45,51364,120,105,2986275
BANKNIFTY-I.NFO,13/11/2024,09:29:36,51350.1,51350.05,75,51361.8,120,15,2986275
BANKNIFTY-I.NFO,13/11/2024,09:29:37,51352.65,51350.6,45,51352.65,15,60,2986275
BANKNIFTY-I.NFO,13/11/2024,09:29:39,51352.65,51352.75,15,51362.35,15,15,2986275
BANKNIFTY-I.NFO,13/11/2024,09:29:41,51354.25,51355.65,30,51357.35,15,195,2986275
BANKNIFTY-I.NFO,13/11/2024,09:29:42,51350,51350,30,51357.35,15,60,2986275
BANKNIFTY-I.NFO,13/11/2024,09:29:44,51350,51350,30,51355.55,15,30,2986275
BANKNIFTY-I.NFO,13/11/2024,09:29:46,51349.5,51349.6,15,51357.55,105,45,2986275
BANKNIFTY-I.NFO,13/11/2024,09:29:47,51359.3,51349.6,60,51350,45,60,2986275
BANKNIFTY-I.NFO,13/11/2024,09:29:49,51350,51349.65,15,51351.7,15,120,2986275
BANKNIFTY-I.NFO,13/11/2024,09:29:51,51349.75,51341,30,51349.65,45,120,2986275
BANKNIFTY-I.NFO,13/11/2024,09:29:52,51344.5,51341.05,15,51347,30,135,2986275
BANKNIFTY-I.NFO,13/11/2024,09:29:54,51341,51340,915,51341,3045,60,2986275
BANKNIFTY-I.NFO,13/11/2024,09:29:56,51341,51340,15,51341,2865,1185,2986275
BANKNIFTY-I.NFO,13/11/2024,09:29:57,51340,51335,30,51340.25,30,45,2986275
BANKNIFTY-I.NFO,13/11/2024,09:29:59,51339.8,51340,30,51341,2850,105,2986275
BANKNIFTY-I.NFO,13/11/2024,09:30:01,51338,51333.55,90,51338,75,150,2986275
BANKNIFTY-I.NFO,13/11/2024,09:30:02,51350,51350,495,51359.3,15,3195,2986275
BANKNIFTY-I.NFO,13/11/2024,09:30:04,51360,51359.3,405,51360,150,120,2986275
BANKNIFTY-I.NFO,13/11/2024,09:30:06,51351.4,51340.55,30,51351.8,120,465,2986275
BANKNIFTY-I.NFO,13/11/2024,09:30:07,51350.65,51340.55,15,51349.9,15,60,2986275
BANKNIFTY-I.NFO,13/11/2024,09:30:09,51349.9,51338,15,51350.6,15,105,2986275
BANKNIFTY-I.NFO,13/11/2024,09:30:11,51338,51336,15,51345.25,15,75,2986275
BANKNIFTY-I.NFO,13/11/2024,09:30:12,51338,51335,15,51346.75,15,30,2986275
BANKNIFTY-I.NFO,13/11/2024,09:30:14,51350.5,51336.75,30,51349.15,120,330,2986275
BANKNIFTY-I.NFO,13/11/2024,09:30:16,51338,51336.75,15,51345.4,120,15,2986275
BANKNIFTY-I.NFO,13/11/2024,09:30:17,51338,51336.75,15,51339.2,15,0,2986275
BANKNIFTY-I.NFO,13/11/2024,09:30:19,51339.1,51327.75,30,51339.15,15,150,2986275
BANKNIFTY-I.NFO,13/11/2024,09:30:20,51339.1,51333.5,30,51336.75,150,0,2986275
BANKNIFTY-I.NFO,13/11/2024,09:30:22,51333.5,51333.5,60,51336.75,810,15,2986275
BANKNIFTY-I.NFO,13/11/2024,09:30:24,51333.5,51335.15,45,51336.75,870,30,2986275
BANKNIFTY-I.NFO,13/11/2024,09:30:25,51340.9,51338.3,45,51346.65,15,960,2986275
BANKNIFTY-I.NFO,13/11/2024,09:30:27,51360,51360,90,51366,60,930,2986275
BANKNIFTY-I.NFO,13/11/2024,09:30:29,51360,51345.4,15,51359.5,15,375,2986275
BANKNIFTY-I.NFO,13/11/2024,09:30:30,51356.85,51347.35,120,51360.65,15,180,2986275
BANKNIFTY-I.NFO,13/11/2024,09:30:32,51355.25,51354.55,120,51366.75,15,315,2986275
BANKNIFTY-I.NFO,13/11/2024,09:30:34,51369,51367.95,120,51372,180,435,2986275
BANKNIFTY-I.NFO,13/11/2024,09:30:35,51382,51371.9,15,51382,45,525,2986275
BANKNIFTY-I.NFO,13/11/2024,09:30:37,51382,51371.9,15,51384.2,15,390,2986275
BANKNIFTY-I.NFO,13/11/2024,09:30:39,51371.9,51372.2,45,51386.15,15,30,2986275
BANKNIFTY-I.NFO,13/11/2024,09:30:40,51386.15,51386.95,15,51389.35,15,645,2986275
BANKNIFTY-I.NFO,13/11/2024,09:30:42,51394.95,51386.95,75,51394.8,150,150,2986275
BANKNIFTY-I.NFO,13/11/2024,09:30:44,51391,51390.4,225,51395,135,1275,2986275
BANKNIFTY-I.NFO,13/11/2024,09:30:45,51398,51390.4,135,51397.7,105,240,2986275
BANKNIFTY-I.NFO,13/11/2024,09:30:47,51390.4,51390.4,105,51398,30,30,2996085
BANKNIFTY-I.NFO,13/11/2024,09:30:49,51410.7,51410.7,225,51422.45,15,4215,2996085
BANKNIFTY-I.NFO,13/11/2024,09:30:49,51430.45,51410.7,225,51422.45,15,0,2996085
BANKNIFTY-I.NFO,13/11/2024,09:30:50,51407.15,51408.3,45,51421.85,120,1095,2996085
BANKNIFTY-I.NFO,13/11/2024,09:30:52,51410.75,51410.75,45,51422.4,120,60,2996085
BANKNIFTY-I.NFO,13/11/2024,09:30:54,51428.25,51413.95,15,51428.25,120,525,2996085
BANKNIFTY-I.NFO,13/11/2024,09:30:55,51413.95,51413.95,30,51417.7,60,285,2996085
BANKNIFTY-I.NFO,13/11/2024,09:30:57,51407.8,51400,60,51405.8,120,450,2996085
BANKNIFTY-I.NFO,13/11/2024,09:30:59,51400,51395.6,15,51400,165,225,2996085
BANKNIFTY-I.NFO,13/11/2024,09:31:00,51400,51403.95,15,51412,60,165,2996085
BANKNIFTY-I.NFO,13/11/2024,09:31:02,51408.75,51403.95,15,51413.4,45,240,2996085
BANKNIFTY-I.NFO,13/11/2024,09:31:04,51419.85,51412.9,15,51420,30,150,2996085
BANKNIFTY-I.NFO,13/11/2024,09:31:05,51424,51419.85,15,51424,240,165,2996085
BANKNIFTY-I.NFO,13/11/2024,09:31:07,51428.05,51432.8,150,51443,30,4035,2996085
BANKNIFTY-I.NFO,13/11/2024,09:31:07,51443,51432.8,150,51443,30,0,2996085
BANKNIFTY-I.NFO,13/11/2024,09:31:09,51444.05,51437,30,51444.1,15,885,2996085
BANKNIFTY-I.NFO,13/11/2024,09:31:09,51444.05,51437,30,51444.1,15,0,2996085
BANKNIFTY-I.NFO,13/11/2024,09:31:10,51443.95,51434.85,15,51443.6,120,420,2996085
BANKNIFTY-I.NFO,13/11/2024,09:31:10,51445,51434.85,15,51443.6,120,0,2996085
BANKNIFTY-I.NFO,13/11/2024,09:31:12,51441.55,51428.25,120,51441.55,120,240,2996085
BANKNIFTY-I.NFO,13/11/2024,09:31:14,51439.15,51438.1,30,51445,990,300,2996085
BANKNIFTY-I.NFO,13/11/2024,09:31:15,51438.25,51439.3,15,51445,690,540,2996085
BANKNIFTY-I.NFO,13/11/2024,09:31:17,51450,51448,60,51450,1200,1725,2996085
BANKNIFTY-I.NFO,13/11/2024,09:31:17,51450,51448,60,51450,1200,0,2996085
BANKNIFTY-I.NFO,13/11/2024,09:31:18,51448,51448,15,51449.1,60,1890,2996085
BANKNIFTY-I.NFO,13/11/2024,09:31:18,51454,51448,15,51449.1,60,0,2996085
BANKNIFTY-I.NFO,13/11/2024,09:31:20,51446.15,51440,15,51443,45,330,2996085
BANKNIFTY-I.NFO,13/11/2024,09:31:22,51430,51430,15,51443.3,120,165,2996085
BANKNIFTY-I.NFO,13/11/2024,09:31:23,51452.85,51436.75,105,51451.55,135,165,2996085
BANKNIFTY-I.NFO,13/11/2024,09:31:25,51450,51443.2,105,51450,45,660,2996085
BANKNIFTY-I.NFO,13/11/2024,09:31:27,51456,51455,105,51456,60,555,2996085
BANKNIFTY-I.NFO,13/11/2024,09:31:27,51456,51455,105,51456,60,0,2996085
BANKNIFTY-I.NFO,13/11/2024,09:31:28,51455,51455,45,51457,105,1050,2996085
BANKNIFTY-I.NFO,13/11/2024,09:31:28,51457,51455,45,51457,105,0,2996085
BANKNIFTY-I.NFO,13/11/2024,09:31:30,51456.1,51461.55,15,51463,45,2445,2996085
BANKNIFTY-I.NFO,13/11/2024,09:31:30,51463,51461.55,15,51463,45,0,2996085
BANKNIFTY-I.NFO,13/11/2024,09:31:32,51461.4,51453.2,45,51461.65,120,255,2996085
BANKNIFTY-I.NFO,13/11/2024,09:31:33,51450,51448.15,15,51451.6,105,165,2996085
BANKNIFTY-I.NFO,13/11/2024,09:31:35,51436.9,51436.4,150,51436.9,15,135,2996085
BANKNIFTY-I.NFO,13/11/2024,09:31:37,51441.05,51443.55,120,51448.15,30,645,2996085
BANKNIFTY-I.NFO,13/11/2024,09:31:38,51440,51437,90,51447.95,105,285,2996085
BANKNIFTY-I.NFO,13/11/2024,09:31:40,51436.9,51436.95,75,51449.75,30,495,2996085
BANKNIFTY-I.NFO,13/11/2024,09:31:42,51443.4,51437.05,75,51443.55,45,135,2996085
BANKNIFTY-I.NFO,13/11/2024,09:31:43,51448,51443.35,15,51450,810,90,2996085
BANKNIFTY-I.NFO,13/11/2024,09:31:45,51445.65,51444.95,60,51450,810,90,2996085
BANKNIFTY-I.NFO,13/11/2024,09:31:47,51463,51451.9,45,51463,15,1380,2996085
BANKNIFTY-I.NFO,13/11/2024,09:31:48,51451.9,51447.6,45,51451.9,15,390,2996085
BANKNIFTY-I.NFO,13/11/2024,09:31:48,51464,51447.6,45,51451.9,15,0,2996085
BANKNIFTY-I.NFO,13/11/2024,09:31:50,51447.5,51447.5,45,51450,15,120,2996085
BANKNIFTY-I.NFO,13/11/2024,09:31:51,51451.9,51451.9,105,51454.7,90,105,2996085
BANKNIFTY-I.NFO,13/11/2024,09:31:53,51451.9,51451.9,105,51455,15,105,2996085
BANKNIFTY-I.NFO,13/11/2024,09:31:55,51455,51453.55,45,51455,60,45,2996085
BANKNIFTY-I.NFO,13/11/2024,09:31:56,51457,51457.1,195,51460,75,330,2996085
BANKNIFTY-I.NFO,13/11/2024,09:31:58,51457.5,51455,150,51456.2,30,45,2996085
BANKNIFTY-I.NFO,13/11/2024,09:32:00,51454,51443.4,15,51453.95,15,570,2996085
BANKNIFTY-I.NFO,13/11/2024,09:32:01,51455.15,51443.4,15,51455.2,30,60,2996085
BANKNIFTY-I.NFO,13/11/2024,09:32:03,51453.2,51449.35,15,51455.9,105,240,2996085
BANKNIFTY-I.NFO,13/11/2024,09:32:05,51449.35,51442.3,135,51455.65,15,360,2996085
BANKNIFTY-I.NFO,13/11/2024,09:32:06,51454,51454,15,51455.2,15,90,2996085
BANKNIFTY-I.NFO,13/11/2024,09:32:08,51441.45,51441.45,15,51447.65,90,90,2996085
BANKNIFTY-I.NFO,13/11/2024,09:32:10,51448.25,51444.6,60,51447.65,15,90,2996085
BANKNIFTY-I.NFO,13/11/2024,09:32:11,51430,51425,360,51434.7,15,600,2996085
BANKNIFTY-I.NFO,13/11/2024,09:32:13,51435.3,51425.1,120,51435.3,240,315,2996085
BANKNIFTY-I.NFO,13/11/2024,09:32:15,51426.55,51428,120,51435.3,210,45,2996085
BANKNIFTY-I.NFO,13/11/2024,09:32:16,51428,51425,360,51430.4,120,180,2996085
BANKNIFTY-I.NFO,13/11/2024,09:32:18,51430,51427.75,90,51434,120,390,2996085
BANKNIFTY-I.NFO,13/11/2024,09:32:19,51430,51427.75,120,51438.85,15,30,2996085
BANKNIFTY-I.NFO,13/11/2024,09:32:21,51427.75,51438.05,30,51438.8,120,30,2996085
BANKNIFTY-I.NFO,13/11/2024,09:32:23,51435,51425,45,51435,90,300,2996085
BANKNIFTY-I.NFO,13/11/2024,09:32:24,51424,51420.3,15,51426.55,75,150,2996085
BANKNIFTY-I.NFO,13/11/2024,09:32:26,51400,51394.75,15,51402.65,105,690,2996085
BANKNIFTY-I.NFO,13/11/2024,09:32:28,51409.95,51402.5,120,51410,30,195,2996085
BANKNIFTY-I.NFO,13/11/2024,09:32:29,51415,51402.6,30,51410.25,105,105,2996085
BANKNIFTY-I.NFO,13/11/2024,09:32:31,51410.7,51406.45,30,51410.5,60,90,2996085
BANKNIFTY-I.NFO,13/11/2024,09:32:33,51408.4,51401.65,60,51409.15,150,105,2996085
BANKNIFTY-I.NFO,13/11/2024,09:32:34,51415.4,51404.35,120,51419.05,60,105,2996085
BANKNIFTY-I.NFO,13/11/2024,09:32:36,51406.5,51405.75,75,51413.15,15,135,2996085
BANKNIFTY-I.NFO,13/11/2024,09:32:38,51409.5,51405.8,30,51410,15,105,2996085
BANKNIFTY-I.NFO,13/11/2024,09:32:39,51416.95,51405.8,45,51417,30,180,2996085
BANKNIFTY-I.NFO,13/11/2024,09:32:41,51420.3,51415.4,15,51420.3,15,150,2996085
BANKNIFTY-I.NFO,13/11/2024,09:32:43,51425,51415.65,45,51429.25,150,75,2996085
BANKNIFTY-I.NFO,13/11/2024,09:32:44,51425,51415.65,30,51428.2,120,0,2996085
BANKNIFTY-I.NFO,13/11/2024,09:32:46,51422.75,51415.65,45,51423.9,30,165,2996085
BANKNIFTY-I.NFO,13/11/2024,09:32:48,51430.15,51420.2,15,51420.5,15,900,2996085
BANKNIFTY-I.NFO,13/11/2024,09:32:49,51420.5,51421.3,60,51425,15,15,2996085
BANKNIFTY-I.NFO,13/11/2024,09:32:51,51430.2,51427,30,51430,15,90,2996085
BANKNIFTY-I.NFO,13/11/2024,09:32:53,51430.05,51430.05,30,51439.45,30,75,2996085
BANKNIFTY-I.NFO,13/11/2024,09:32:54,51410.15,51409.5,15,51423.65,15,210,2996085
BANKNIFTY-I.NFO,13/11/2024,09:32:56,51425.4,51415.6,15,51425.6,15,915,2996085
BANKNIFTY-I.NFO,13/11/2024,09:32:57,51410.15,51410.15,135,51416.6,15,30,2996085
BANKNIFTY-I.NFO,13/11/2024,09:32:59,51411.2,51403.05,120,51410.25,60,300,2996085
BANKNIFTY-I.NFO,13/11/2024,09:33:01,51401.85,51391,30,51399.7,120,450,2996085
BANKNIFTY-I.NFO,13/11/2024,09:33:02,51394.15,51400.35,30,51404.8,60,45,2996085
BANKNIFTY-I.NFO,13/11/2024,09:33:04,51404.45,51400.35,75,51400.95,255,15,2996085
BANKNIFTY-I.NFO,13/11/2024,09:33:06,51399.3,51399.3,15,51409.95,15,165,2996085
BANKNIFTY-I.NFO,13/11/2024,09:33:07,51404.65,51392,120,51407.4,15,945,2996085
BANKNIFTY-I.NFO,13/11/2024,09:33:09,51407.5,51391.8,120,51405.25,15,75,2996085
BANKNIFTY-I.NFO,13/11/2024,09:33:11,51399.7,51391.8,15,51400.35,30,135,2996085
BANKNIFTY-I.NFO,13/11/2024,09:33:12,51409.2,51395.25,120,51409,15,105,2996085
BANKNIFTY-I.NFO,13/11/2024,09:33:14,51406.35,51395.3,105,51407.65,45,45,2996085
BANKNIFTY-I.NFO,13/11/2024,09:33:16,51401.5,51396.05,30,51405.15,15,45,2996085
BANKNIFTY-I.NFO,13/11/2024,09:33:17,51399.65,51395,15,51399.2,15,150,2996085
BANKNIFTY-I.NFO,13/11/2024,09:33:19,51400.3,51395,105,51405.55,15,30,2996085
BANKNIFTY-I.NFO,13/11/2024,09:33:20,51403.45,51395.05,30,51404.35,90,15,2996085
BANKNIFTY-I.NFO,13/11/2024,09:33:22,51400,51395.05,30,51400,15,195,2996085
BANKNIFTY-I.NFO,13/11/2024,09:33:24,51400,51399.2,15,51403,30,165,2996085
BANKNIFTY-I.NFO,13/11/2024,09:33:25,51403.45,51399.2,15,51408,15,45,2996085
BANKNIFTY-I.NFO,13/11/2024,09:33:27,51395.05,51395.1,120,51400,15,45,2996085
BANKNIFTY-I.NFO,13/11/2024,09:33:29,51400,51395.1,120,51402.8,15,15,2996085
BANKNIFTY-I.NFO,13/11/2024,09:33:30,51395.1,51395.1,105,51403,15,15,2996085
BANKNIFTY-I.NFO,13/11/2024,09:33:32,51395.1,51391,30,51399.7,150,180,2996085
BANKNIFTY-I.NFO,13/11/2024,09:33:34,51399.9,51391,90,51400,105,90,2996085
BANKNIFTY-I.NFO,13/11/2024,09:33:35,51399.9,51391,90,51395.6,15,0,2996085
BANKNIFTY-I.NFO,13/11/2024,09:33:37,51390.5,51384,15,51393.55,45,1110,2996085
BANKNIFTY-I.NFO,13/11/2024,09:33:38,51392.35,51392.95,120,51400,45,75,2996085
BANKNIFTY-I.NFO,13/11/2024,09:33:40,51406.35,51410.3,45,51413.6,15,975,2996085
BANKNIFTY-I.NFO,13/11/2024,09:33:42,51403.7,51403.7,75,51409.3,75,105,2996085
BANKNIFTY-I.NFO,13/11/2024,09:33:43,51400.1,51405.25,45,51411.15,15,120,2996085
BANKNIFTY-I.NFO,13/11/2024,09:33:45,51399.9,51393.75,30,51402.45,45,150,2996085
BANKNIFTY-I.NFO,13/11/2024,09:33:47,51385.25,51385.2,60,51395,15,45,2996085
BANKNIFTY-I.NFO,13/11/2024,09:33:48,51385.2,51385.25,15,51395,15,75,2992500
BANKNIFTY-I.NFO,13/11/2024,09:33:50,51393.4,51385.3,15,51395,15,15,2992500
BANKNIFTY-I.NFO,13/11/2024,09:33:52,51385.3,51385.3,75,51391.95,75,15,2992500
BANKNIFTY-I.NFO,13/11/2024,09:33:53,51399.65,51386.65,120,51399.9,75,60,2992500
BANKNIFTY-I.NFO,13/11/2024,09:33:55,51391.65,51393.9,165,51399.9,75,75,2992500
BANKNIFTY-I.NFO,13/11/2024,09:33:56,51394,51393.9,75,51399.9,75,45,2992500
BANKNIFTY-I.NFO,13/11/2024,09:33:58,51395,51385.25,15,51393.45,75,360,2992500
BANKNIFTY-I.NFO,13/11/2024,09:34:00,51396.7,51387.2,15,51397.75,75,15,2992500
BANKNIFTY-I.NFO,13/11/2024,09:34:01,51399.65,51389.2,30,51398.9,75,30,2992500
BANKNIFTY-I.NFO,13/11/2024,09:34:03,51396.25,51389.2,45,51396.45,15,60,2992500
BANKNIFTY-I.NFO,13/11/2024,09:34:05,51396.5,51385.5,15,51396.95,15,345,2992500
BANKNIFTY-I.NFO,13/11/2024,09:34:06,51385.5,51387.85,150,51394.2,120,30,2992500
BANKNIFTY-I.NFO,13/11/2024,09:34:08,51387.85,51387.85,150,51389.2,30,90,2992500
BANKNIFTY-I.NFO,13/11/2024,09:34:10,51385.3,51380.05,120,51385.75,30,360,2992500
BANKNIFTY-I.NFO,13/11/2024,09:34:11,51382.55,51380.3,120,51385.75,30,30,2992500
BANKNIFTY-I.NFO,13/11/2024,09:34:13,51385.75,51380.05,120,51385.75,15,75,2992500
BANKNIFTY-I.NFO,13/11/2024,09:34:15,51380.05,51380.05,105,51385.75,15,15,2992500
BANKNIFTY-I.NFO,13/11/2024,09:34:16,51375,51375,135,51379.9,30,255,2992500
BANKNIFTY-I.NFO,13/11/2024,09:34:18,51375,51375,135,51379.9,30,0,2992500
BANKNIFTY-I.NFO,13/11/2024,09:34:20,51370,51365.75,30,51372.35,15,240,2992500
BANKNIFTY-I.NFO,13/11/2024,09:34:21,51372.8,51369.55,120,51380,15,45,2992500
BANKNIFTY-I.NFO,13/11/2024,09:34:23,51379.9,51372.4,120,51373.85,15,30,2992500
BANKNIFTY-I.NFO,13/11/2024,09:34:24,51369.55,51364.1,30,51371.1,15,195,2992500
BANKNIFTY-I.NFO,13/11/2024,09:34:26,51365.55,51365.25,15,51374.65,15,120,2992500
BANKNIFTY-I.NFO,13/11/2024,09:34:28,51365.3,51365.3,90,51370,15,105,2992500
BANKNIFTY-I.NFO,13/11/2024,09:34:29,51365.25,51365.05,15,51370,15,120,2992500
BANKNIFTY-I.NFO,13/11/2024,09:34:31,51365.25,51367,15,51377,30,180,2992500
BANKNIFTY-I.NFO,13/11/2024,09:34:33,51370,51366.95,15,51379.9,15,45,2992500
BANKNIFTY-I.NFO,13/11/2024,09:34:34,51370,51365.4,45,51379.85,15,0,2992500
BANKNIFTY-I.NFO,13/11/2024,09:34:36,51372.65,51365.25,360,51375.7,75,45,2992500
BANKNIFTY-I.NFO,13/11/2024,09:34:38,51365,51360,60,51368.7,150,495,2992500
BANKNIFTY-I.NFO,13/11/2024,09:34:39,51351,51350.5,15,51358.2,15,90,2992500
BANKNIFTY-I.NFO,13/11/2024,09:34:41,51315,51319.2,15,51326.9,75,1605,2992500
BANKNIFTY-I.NFO,13/11/2024,09:34:43,51320.25,51319.7,30,51332.85,15,405,2992500
BANKNIFTY-I.NFO,13/11/2024,09:34:44,51306.95,51305,15,51308.35,75,330,2992500
BANKNIFTY-I.NFO,13/11/2024,09:34:46,51300,51300,420,51307.95,15,1725,2992500
BANKNIFTY-I.NFO,13/11/2024,09:34:48,51303.05,51307.95,15,51310.8,15,120,2992500
BANKNIFTY-I.NFO,13/11/2024,09:34:49,51319.2,51301.95,15,51319.2,15,315,2992500
BANKNIFTY-I.NFO,13/11/2024,09:34:51,51300.05,51300.35,45,51313.8,15,2040,2992500
BANKNIFTY-I.NFO,13/11/2024,09:34:53,51302.7,51301.45,15,51317.1,30,360,2992500
BANKNIFTY-I.NFO,13/11/2024,09:34:54,51304.4,51309,45,51318.6,45,420,2992500
BANKNIFTY-I.NFO,13/11/2024,09:34:56,51328.25,51306.8,120,51323.1,30,3135,2992500
BANKNIFTY-I.NFO,13/11/2024,09:34:57,51321.45,51303.25,120,51320.7,15,105,2992500
BANKNIFTY-I.NFO,13/11/2024,09:34:59,51320.5,51302.3,15,51319,15,345,2992500
BANKNIFTY-I.NFO,13/11/2024,09:35:01,51310,51310,30,51320.8,45,90,2992500
BANKNIFTY-I.NFO,13/11/2024,09:35:02,51310,51310,15,51323.45,120,105,2992500
BANKNIFTY-I.NFO,13/11/2024,09:35:04,51320.75,51304.4,15,51318.15,15,90,2992500
BANKNIFTY-I.NFO,13/11/2024,09:35:06,51309.7,51309.7,105,51318.5,120,90,2992500
BANKNIFTY-I.NFO,13/11/2024,09:35:07,51319.8,51309.7,60,51317.9,15,75,2992500
BANKNIFTY-I.NFO,13/11/2024,09:35:09,51313.65,51306.5,15,51315.9,120,120,2992500
BANKNIFTY-I.NFO,13/11/2024,09:35:11,51304.95,51306.55,15,51320,90,540,2992500
BANKNIFTY-I.NFO,13/11/2024,09:35:12,51311.55,51311.95,15,51320,90,45,2992500
BANKNIFTY-I.NFO,13/11/2024,09:35:14,51352.5,51352.5,30,51360,105,270,2992500
BANKNIFTY-I.NFO,13/11/2024,09:35:16,51352.05,51336.05,15,51352.05,120,195,2992500
BANKNIFTY-I.NFO,13/11/2024,09:35:17,51326.6,51330.15,30,51345.35,15,1335,2992500
BANKNIFTY-I.NFO,13/11/2024,09:35:19,51340,51339.7,30,51352.05,15,165,2992500
BANKNIFTY-I.NFO,13/11/2024,09:35:20,51349.8,51342,15,51352.05,15,165,2992500
BANKNIFTY-I.NFO,13/11/2024,09:35:22,51352.05,51335.15,30,51350.2,15,105,2992500
BANKNIFTY-I.NFO,13/11/2024,09:35:24,51331.3,51329.65,15,51342.85,15,390,2992500
BANKNIFTY-I.NFO,13/11/2024,09:35:25,51351.3,51341.4,15,51351.35,45,480,2992500
BANKNIFTY-I.NFO,13/11/2024,09:35:27,51342.85,51341.7,30,51349.45,45,45,2992500
BANKNIFTY-I.NFO,13/11/2024,09:35:29,51340.2,51334.9,75,51350.55,15,120,2992500
BANKNIFTY-I.NFO,13/11/2024,09:35:30,51350,51350,15,51357.3,120,90,2992500
BANKNIFTY-I.NFO,13/11/2024,09:35:32,51343.95,51350,15,51354.15,45,60,2992500
BANKNIFTY-I.NFO,13/11/2024,09:35:33,51354.2,51350.05,120,51354.2,15,30,2992500
BANKNIFTY-I.NFO,13/11/2024,09:35:35,51340.05,51350.1,30,51359.7,15,960,2992500
BANKNIFTY-I.NFO,13/11/2024,09:35:37,51356.15,51350.1,45,51356.15,15,60,2992500
BANKNIFTY-I.NFO,13/11/2024,09:35:38,51360,51351.3,30,51360,15,180,2992500
BANKNIFTY-I.NFO,13/11/2024,09:35:40,51342.05,51342,15,51356.95,45,60,2992500
BANKNIFTY-I.NFO,13/11/2024,09:35:42,51342.95,51342.95,105,51356.3,45,270,2992500
BANKNIFTY-I.NFO,13/11/2024,09:35:43,51340,51336.65,135,51351.85,15,15,2992500
BANKNIFTY-I.NFO,13/11/2024,09:35:45,51349.9,51330.35,120,51346.05,15,495,2992500
BANKNIFTY-I.NFO,13/11/2024,09:35:47,51332.05,51340,30,51347.15,30,15,2992500
BANKNIFTY-I.NFO,13/11/2024,09:35:48,51350,51343.6,120,51350,15,15,2992500
BANKNIFTY-I.NFO,13/11/2024,09:35:50,51356.45,51341.85,30,51354.45,105,105,2992500
BANKNIFTY-I.NFO,13/11/2024,09:35:52,51341.95,51345.85,75,51361.5,15,60,2992500
BANKNIFTY-I.NFO,13/11/2024,09:35:53,51341.95,51353.35,30,51360.65,120,0,2992500
BANKNIFTY-I.NFO,13/11/2024,09:35:55,51332.8,51333.65,75,51349.55,15,345,2992500
BANKNIFTY-I.NFO,13/11/2024,09:35:57,51356,51331.4,120,51345.6,120,495,2992500
BANKNIFTY-I.NFO,13/11/2024,09:35:58,51337.95,51336.6,45,51349.5,15,90,2992500
BANKNIFTY-I.NFO,13/11/2024,09:36:00,51355.4,51342,75,51356.65,120,120,2992500
BANKNIFTY-I.NFO,13/11/2024,09:36:02,51336.75,51336.75,45,51351.25,120,45,2992500
BANKNIFTY-I.NFO,13/11/2024,09:36:03,51338.3,51343.55,30,51357,45,15,2992500
BANKNIFTY-I.NFO,13/11/2024,09:36:05,51338.3,51343.85,30,51350,15,0,2992500
BANKNIFTY-I.NFO,13/11/2024,09:36:06,51350,51344.25,30,51352.85,120,15,2992500
BANKNIFTY-I.NFO,13/11/2024,09:36:08,51356.8,51344.65,30,51354.55,45,495,2992500
BANKNIFTY-I.NFO,13/11/2024,09:36:10,51344.65,51344.65,15,51353.5,75,15,2992500
BANKNIFTY-I.NFO,13/11/2024,09:36:11,51344.65,51349.25,15,51355.1,30,30,2992500
BANKNIFTY-I.NFO,13/11/2024,09:36:13,51355.1,51351.6,15,51354.75,30,45,2992500
BANKNIFTY-I.NFO,13/11/2024,09:36:15,51355.1,51351.6,15,51355.15,30,0,2992500
BANKNIFTY-I.NFO,13/11/2024,09:36:16,51351.65,51352.85,30,51355.15,135,60,2992500
BANKNIFTY-I.NFO,13/11/2024,09:36:18,51355.15,51352.9,135,51356.8,60,135,2992500
BANKNIFTY-I.NFO,13/11/2024,09:36:20,51358,51352.9,60,51358,30,135,2992500
BANKNIFTY-I.NFO,13/11/2024,09:36:21,51360.45,51352.9,75,51354.6,15,1365,2992500
BANKNIFTY-I.NFO,13/11/2024,09:36:23,51340,51340,30,51347.45,15,270,2992500
BANKNIFTY-I.NFO,13/11/2024,09:36:24,51340,51340,45,51341.6,15,30,2992500
BANKNIFTY-I.NFO,13/11/2024,09:36:26,51313.6,51315.85,30,51330.2,15,2490,2992500
BANKNIFTY-I.NFO,13/11/2024,09:36:28,51313.6,51324.45,30,51339.5,15,0,2992500
BANKNIFTY-I.NFO,13/11/2024,09:36:29,51335.75,51324.45,15,51334.4,120,210,2992500
BANKNIFTY-I.NFO,13/11/2024,09:36:31,51324.45,51313,15,51323.25,15,75,2992500
BANKNIFTY-I.NFO,13/11/2024,09:36:33,51316.6,51313,15,51324.45,15,60,2992500
BANKNIFTY-I.NFO,13/11/2024,09:36:34,51313,51313,15,51322.9,30,30,2992500
BANKNIFTY-I.NFO,13/11/2024,09:36:36,51320.35,51313,30,51320.3,15,15,2992500
BANKNIFTY-I.NFO,13/11/2024,09:36:38,51313,51304.15,30,51320.5,30,315,2992500
BANKNIFTY-I.NFO,13/11/2024,09:36:39,51305.45,51306.75,45,51321.7,15,90,2992500
BANKNIFTY-I.NFO,13/11/2024,09:36:41,51306.8,51306.75,75,51322.6,15,30,2992500
BANKNIFTY-I.NFO,13/11/2024,09:36:43,51324.6,51308.9,120,51324.6,105,915,2992500
BANKNIFTY-I.NFO,13/11/2024,09:36:44,51327.95,51313.6,105,51328.6,120,75,2992500
BANKNIFTY-I.NFO,13/11/2024,09:36:46,51327.95,51310.1,105,51324.45,120,0,2992500
BANKNIFTY-I.NFO,13/11/2024,09:36:48,51313,51309.2,120,51319.5,135,15,2988765
BANKNIFTY-I.NFO,13/11/2024,09:36:49,51309.2,51309.45,105,51323.95,15,15,2988765
BANKNIFTY-I.NFO,13/11/2024,09:36:51,51320.3,51309.5,15,51322.25,120,45,2988765
BANKNIFTY-I.NFO,13/11/2024,09:36:52,51309.2,51306.55,15,51309.75,15,45,2988765
BANKNIFTY-I.NFO,13/11/2024,09:36:54,51290,51278.55,105,51290,345,3825,2988765
BANKNIFTY-I.NFO,13/11/2024,09:36:56,51307.3,51304.9,30,51320.35,15,960,2988765
BANKNIFTY-I.NFO,13/11/2024,09:36:57,51309,51302.15,120,51311.05,120,120,2988765
BANKNIFTY-I.NFO,13/11/2024,09:36:59,51300,51292.9,30,51303.25,105,195,2988765
BANKNIFTY-I.NFO,13/11/2024,09:37:01,51281.35,51287.2,30,51303.25,60,315,2988765
BANKNIFTY-I.NFO,13/11/2024,09:37:02,51303.25,51295.25,30,51303.25,30,45,2988765
BANKNIFTY-I.NFO,13/11/2024,09:37:04,51300.75,51303,15,51315,15,165,2988765
BANKNIFTY-I.NFO,13/11/2024,09:37:06,51300,51299,15,51313.35,15,495,2988765
BANKNIFTY-I.NFO,13/11/2024,09:37:07,51298.95,51305,15,51315,15,105,2988765
BANKNIFTY-I.NFO,13/11/2024,09:37:09,51310.6,51301.35,15,51315,15,420,2988765
BANKNIFTY-I.NFO,13/11/2024,09:37:11,51315,51309.05,15,51316.65,60,150,2988765
BANKNIFTY-I.NFO,13/11/2024,09:37:12,51323.85,51309.8,75,51323.1,45,210,2988765
BANKNIFTY-I.NFO,13/11/2024,09:37:14,51327.3,51312.3,30,51327.3,30,45,2988765
BANKNIFTY-I.NFO,13/11/2024,09:37:16,51325,51325,195,51326.65,45,60,2988765
BANKNIFTY-I.NFO,13/11/2024,09:37:17,51320.3,51317.05,15,51327.3,45,1275,2988765
BANKNIFTY-I.NFO,13/11/2024,09:37:19,51325.6,51310.3,120,51325.6,45,60,2988765
BANKNIFTY-I.NFO,13/11/2024,09:37:21,51320.35,51309.2,120,51323.1,30,30,2988765
BANKNIFTY-I.NFO,13/11/2024,09:37:22,51314.75,51313.45,120,51327.25,15,15,2988765
BANKNIFTY-I.NFO,13/11/2024,09:37:24,51325.8,51313.2,15,51320.55,30,15,2988765
BANKNIFTY-I.NFO,13/11/2024,09:37:25,51320.5,51308.1,120,51323.05,15,255,2988765
BANKNIFTY-I.NFO,13/11/2024,09:37:27,51307.9,51307.9,60,51321.4,30,30,2988765
BANKNIFTY-I.NFO,13/11/2024,09:37:29,51320.95,51316.25,120,51325,600,15,2988765
BANKNIFTY-I.NFO,13/11/2024,09:37:30,51316.2,51316.2,120,51325,570,60,2988765
BANKNIFTY-I.NFO,13/11/2024,09:37:32,51325,51317.05,120,51327.3,15,570,2988765
BANKNIFTY-I.NFO,13/11/2024,09:37:34,51330,51328.25,15,51340,15,285,2988765
BANKNIFTY-I.NFO,13/11/2024,09:37:35,51340,51328.65,15,51345.95,120,255,2988765
BANKNIFTY-I.NFO,13/11/2024,09:37:37,51340.7,51328,45,51339.3,120,30,2988765
BANKNIFTY-I.NFO,13/11/2024,09:37:38,51337.45,51328.05,60,51338.45,120,60,2988765
BANKNIFTY-I.NFO,13/11/2024,09:37:40,51328.25,51328.15,60,51337.05,135,120,2988765
BANKNIFTY-I.NFO,13/11/2024,09:37:42,51328.15,51320.5,15,51326.95,30,360,2988765
BANKNIFTY-I.NFO,13/11/2024,09:37:43,51307.9,51305.55,45,51319.2,30,60,2988765
BANKNIFTY-I.NFO,13/11/2024,09:37:45,51305.3,51305.3,105,51314.75,30,45,2988765
BANKNIFTY-I.NFO,13/11/2024,09:37:47,51305.3,51305.3,120,51314.9,30,0,2988765
BANKNIFTY-I.NFO,13/11/2024,09:37:48,51315.5,51305.3,120,51315.65,45,30,2988765
BANKNIFTY-I.NFO,13/11/2024,09:37:50,51307.9,51305.3,105,51307.9,60,30,2988765
BANKNIFTY-I.NFO,13/11/2024,09:37:52,51292,51290,990,51302.75,30,525,2988765
BANKNIFTY-I.NFO,13/11/2024,09:37:53,51305.3,51300,15,51305.3,15,15,2988765
BANKNIFTY-I.NFO,13/11/2024,09:37:55,51304.65,51304.65,30,51316.95,15,855,2988765
BANKNIFTY-I.NFO,13/11/2024,09:37:57,51299.75,51296.4,45,51310.8,15,90,2988765
BANKNIFTY-I.NFO,13/11/2024,09:37:58,51314.4,51305.1,15,51313.35,15,15,2988765
BANKNIFTY-I.NFO,13/11/2024,09:38:00,51306.05,51309.25,15,51315.05,15,75,2988765
BANKNIFTY-I.NFO,13/11/2024,09:38:02,51325.55,51311.35,30,51323.15,45,45,2988765
BANKNIFTY-I.NFO,13/11/2024,09:38:03,51325.55,51318.5,45,51330,15,0,2988765
BANKNIFTY-I.NFO,13/11/2024,09:38:05,51328.65,51326.2,45,51339.25,15,45,2988765
BANKNIFTY-I.NFO,13/11/2024,09:38:07,51339.05,51330,75,51337.15,15,930,2988765
BANKNIFTY-I.NFO,13/11/2024,09:38:08,51324.5,51318.45,45,51332.3,30,165,2988765
BANKNIFTY-I.NFO,13/11/2024,09:38:10,51330.1,51315.4,120,51328.65,45,90,2988765
BANKNIFTY-I.NFO,13/11/2024,09:38:12,51328.65,51315,30,51328.2,45,15,2988765
BANKNIFTY-I.NFO,13/11/2024,09:38:13,51313,51313,60,51315,15,45,2988765
BANKNIFTY-I.NFO,13/11/2024,09:38:15,51328.4,51314.15,120,51328.5,45,60,2988765
BANKNIFTY-I.NFO,13/11/2024,09:38:17,51313.5,51313,60,51325.95,45,45,2988765
BANKNIFTY-I.NFO,13/11/2024,09:38:18,51320.95,51311.7,120,51326.35,30,120,2988765
BANKNIFTY-I.NFO,13/11/2024,09:38:20,51308,51307.9,15,51308,30,15,2988765
BANKNIFTY-I.NFO,13/11/2024,09:38:22,51307.95,51308.5,120,51321.95,15,45,2988765
BANKNIFTY-I.NFO,13/11/2024,09:38:23,51310.85,51315,420,51323.95,15,45,2988765
BANKNIFTY-I.NFO,13/11/2024,09:38:25,51315,51318,120,51328,15,15,2988765
BANKNIFTY-I.NFO,13/11/2024,09:38:27,51329.95,51321.8,120,51330,135,105,2988765
BANKNIFTY-I.NFO,13/11/2024,09:38:28,51330,51326.05,15,51339.05,15,375,2988765
BANKNIFTY-I.NFO,13/11/2024,09:38:30,51330,51327.6,45,51333.05,30,0,2988765
BANKNIFTY-I.NFO,13/11/2024,09:38:32,51327.6,51327.6,15,51333.05,30,60,2988765
BANKNIFTY-I.NFO,13/11/2024,09:38:33,51333.05,51327.7,30,51339.05,15,150,2988765
BANKNIFTY-I.NFO,13/11/2024,09:38:35,51339.5,51327.05,15,51333.9,30,30,2988765
BANKNIFTY-I.NFO,13/11/2024,09:38:37,51339.5,51329.5,15,51333.9,30,0,2988765
BANKNIFTY-I.NFO,13/11/2024,09:38:38,51333.9,51330.05,60,51340,45,30,2988765
BANKNIFTY-I.NFO,13/11/2024,09:38:40,51345,51336.6,45,51347,225,60,2988765
BANKNIFTY-I.NFO,13/11/2024,09:38:41,51336.6,51336.6,30,51346.75,15,15,2988765
BANKNIFTY-I.NFO,13/11/2024,09:38:43,51336.6,51325.05,15,51336.2,45,105,2988765
BANKNIFTY-I.NFO,13/11/2024,09:38:45,51346.45,51341.35,30,51346.95,45,45,2988765
BANKNIFTY-I.NFO,13/11/2024,09:38:46,51341.35,51341.35,45,51346.95,45,45,2988765
BANKNIFTY-I.NFO,13/11/2024,09:38:48,51350,51341.35,60,51350,165,390,2988765
BANKNIFTY-I.NFO,13/11/2024,09:38:50,51349.05,51341.35,75,51344,45,15,2988765
BANKNIFTY-I.NFO,13/11/2024,09:38:51,51341.4,51341.35,60,51345,15,30,2988765
BANKNIFTY-I.NFO,13/11/2024,09:38:53,51344.95,51342.7,15,51344.95,120,75,2988765
BANKNIFTY-I.NFO,13/11/2024,09:38:55,51345,51342.7,30,51347.85,75,135,2988765
BANKNIFTY-I.NFO,13/11/2024,09:38:57,51342.7,51342.7,45,51347.9,45,15,2988765
BANKNIFTY-I.NFO,13/11/2024,09:38:58,51350.5,51348.5,15,51355,60,390,2988765
BANKNIFTY-I.NFO,13/11/2024,09:39:00,51348.5,51348.5,30,51355,30,15,2988765
BANKNIFTY-I.NFO,13/11/2024,09:39:02,51341.35,51336.15,15,51347.45,75,405,2988765
BANKNIFTY-I.NFO,13/11/2024,09:39:03,51336.1,51334.1,45,51342.9,30,75,2988765
BANKNIFTY-I.NFO,13/11/2024,09:39:05,51342.65,51336.2,15,51343.35,15,300,2988765
BANKNIFTY-I.NFO,13/11/2024,09:39:07,51337.5,51330.1,15,51336.6,15,540,2988765
BANKNIFTY-I.NFO,13/11/2024,09:39:08,51344.15,51343.1,15,51344.15,15,45,2988765
BANKNIFTY-I.NFO,13/11/2024,09:39:10,51342.35,51330.1,15,51340.75,30,195,2988765
BANKNIFTY-I.NFO,13/11/2024,09:39:12,51338.9,51330.1,45,51336.85,45,45,2988765
BANKNIFTY-I.NFO,13/11/2024,09:39:13,51328.1,51326.1,150,51332.95,15,75,2988765
BANKNIFTY-I.NFO,13/11/2024,09:39:15,51329,51331.4,45,51344.15,30,15,2988765
BANKNIFTY-I.NFO,13/11/2024,09:39:16,51333.05,51337.8,15,51344.15,30,75,2988765
BANKNIFTY-I.NFO,13/11/2024,09:39:18,51333.05,51341.4,45,51344.15,30,0,2988765
BANKNIFTY-I.NFO,13/11/2024,09:39:20,51341.4,51337.8,45,51346.1,30,150,2988765
BANKNIFTY-I.NFO,13/11/2024,09:39:21,51341.95,51337.8,45,51345,15,15,2988765
BANKNIFTY-I.NFO,13/11/2024,09:39:23,51341.95,51341.45,60,51345,15,0,2988765
BANKNIFTY-I.NFO,13/11/2024,09:39:25,51347,51343.55,120,51348.5,15,240,2988765
BANKNIFTY-I.NFO,13/11/2024,09:39:26,51353.55,51346.05,45,51354.95,60,225,2988765
BANKNIFTY-I.NFO,13/11/2024,09:39:28,51346.05,51346.05,15,51348.4,15,150,2988765
BANKNIFTY-I.NFO,13/11/2024,09:39:30,51346.05,51347.25,15,51348.4,15,15,2988765
BANKNIFTY-I.NFO,13/11/2024,09:39:31,51344.15,51332.95,30,51339.4,30,30,2988765
BANKNIFTY-I.NFO,13/11/2024,09:39:33,51332.95,51330.1,90,51338.55,30,45,2988765
BANKNIFTY-I.NFO,13/11/2024,09:39:35,51332.95,51330.1,90,51337.35,30,0,2988765
BANKNIFTY-I.NFO,13/11/2024,09:39:36,51332.95,51333.75,75,51337.4,15,0,2988765
BANKNIFTY-I.NFO,13/11/2024,09:39:38,51326.05,51325.1,15,51328.05,30,480,2988765
BANKNIFTY-I.NFO,13/11/2024,09:39:40,51323.9,51320.05,15,51323.95,30,60,2988765
BANKNIFTY-I.NFO,13/11/2024,09:39:41,51314.9,51307.9,60,51313.5,30,735,2988765
BANKNIFTY-I.NFO,13/11/2024,09:39:43,51320.05,51313.7,45,51325.45,30,45,2988765
BANKNIFTY-I.NFO,13/11/2024,09:39:45,51310.75,51310.75,45,51315.45,15,15,2988765
BANKNIFTY-I.NFO,13/11/2024,09:39:46,51305,51302,510,51309.15,15,255,2988765
BANKNIFTY-I.NFO,13/11/2024,09:39:48,51305,51302.05,15,51307.9,30,0,2988765
BANKNIFTY-I.NFO,13/11/2024,09:39:50,51305,51302.05,15,51305.2,15,330,2989590
BANKNIFTY-I.NFO,13/11/2024,09:39:51,51302.05,51300,315,51302.05,390,555,2989590
BANKNIFTY-I.NFO,13/11/2024,09:39:53,51300,51300,90,51302.05,405,270,2989590
BANKNIFTY-I.NFO,13/11/2024,09:39:55,51300.05,51300,120,51307.85,30,435,2989590
BANKNIFTY-I.NFO,13/11/2024,09:39:56,51300,51300,75,51306.3,30,60,2989590
BANKNIFTY-I.NFO,13/11/2024,09:39:58,51305.55,51300,60,51306.95,15,150,2989590
BANKNIFTY-I.NFO,13/11/2024,09:40:00,51302.05,51302.05,15,51307.85,30,30,2989590
BANKNIFTY-I.NFO,13/11/2024,09:40:01,51307.85,51302.1,45,51307.9,375,30,2989590
BANKNIFTY-I.NFO,13/11/2024,09:40:03,51319.95,51307.7,120,51320.95,15,420,2989590
BANKNIFTY-I.NFO,13/11/2024,09:40:05,51298.8,51298.05,15,51300,1005,1125,2989590
BANKNIFTY-I.NFO,13/11/2024,09:40:06,51300,51298.35,120,51311.95,15,1305,2989590
BANKNIFTY-I.NFO,13/11/2024,09:40:08,51300.4,51300.05,45,51311.85,15,90,2989590
BANKNIFTY-I.NFO,13/11/2024,09:40:10,51308.05,51308,45,51318.95,15,60,2989590
BANKNIFTY-I.NFO,13/11/2024,09:40:11,51313.5,51308,30,51315.95,15,90,2989590
BANKNIFTY-I.NFO,13/11/2024,09:40:13,51313.5,51308,45,51314.5,45,0,2989590
BANKNIFTY-I.NFO,13/11/2024,09:40:15,51315.9,51308,75,51311.7,120,30,2989590
BANKNIFTY-I.NFO,13/11/2024,09:40:16,51307.95,51300.1,15,51305,15,105,2989590
BANKNIFTY-I.NFO,13/11/2024,09:40:18,51302.6,51300.1,15,51305.95,15,135,2989590
BANKNIFTY-I.NFO,13/11/2024,09:40:19,51290,51302.95,15,51308,15,225,2989590
BANKNIFTY-I.NFO,13/11/2024,09:40:21,51300,51304.65,45,51313.45,30,270,2989590
BANKNIFTY-I.NFO,13/11/2024,09:40:23,51313.5,51309.1,45,51313.5,75,90,2989590
BANKNIFTY-I.NFO,13/11/2024,09:40:24,51309.1,51309.1,60,51313.5,90,15,2989590
BANKNIFTY-I.NFO,13/11/2024,09:40:26,51309.1,51311.35,30,51313.5,45,150,2989590
BANKNIFTY-I.NFO,13/11/2024,09:40:28,51309.1,51299.05,15,51309.1,15,45,2989590
BANKNIFTY-I.NFO,13/11/2024,09:40:29,51313.5,51302.05,15,51309,60,30,2989590
BANKNIFTY-I.NFO,13/11/2024,09:40:31,51301.05,51304.1,30,51309,60,75,2989590
BANKNIFTY-I.NFO,13/11/2024,09:40:33,51308.3,51304.1,45,51307.4,45,75,2989590
BANKNIFTY-I.NFO,13/11/2024,09:40:34,51304.1,51294.1,15,51300,90,45,2989590
BANKNIFTY-I.NFO,13/11/2024,09:40:36,51300,51299.5,15,51313.5,75,90,2989590
BANKNIFTY-I.NFO,13/11/2024,09:40:38,51306.55,51305.15,15,51313.5,75,45,2989590
BANKNIFTY-I.NFO,13/11/2024,09:40:39,51305,51299.55,30,51310.8,45,120,2989590
BANKNIFTY-I.NFO,13/11/2024,09:40:41,51299.65,51299.55,30,51309.95,30,60,2989590
BANKNIFTY-I.NFO,13/11/2024,09:40:43,51299.55,51304.8,15,51309.95,30,15,2989590
BANKNIFTY-I.NFO,13/11/2024,09:40:44,51309.95,51304.8,75,51310,15,15,2989590
BANKNIFTY-I.NFO,13/11/2024,09:40:46,51304.85,51304.85,15,51310,15,30,2989590
BANKNIFTY-I.NFO,13/11/2024,09:40:48,51313.5,51304.5,15,51313.5,45,1020,2989590
BANKNIFTY-I.NFO,13/11/2024,09:40:49,51304.8,51309.95,15,51313.5,45,1110,2989590
BANKNIFTY-I.NFO,13/11/2024,09:40:51,51309.95,51305.55,30,51317,15,180,2989590
BANKNIFTY-I.NFO,13/11/2024,09:40:53,51311.3,51311.3,15,51317,15,45,2989590
BANKNIFTY-I.NFO,13/11/2024,09:40:54,51311.3,51311.3,15,51317,15,0,2989590
BANKNIFTY-I.NFO,13/11/2024,09:40:56,51317,51304.8,30,51309.95,15,60,2989590
BANKNIFTY-I.NFO,13/11/2024,09:40:58,51317,51304.8,45,51309.95,15,0,2989590
BANKNIFTY-I.NFO,13/11/2024,09:40:59,51316.95,51313.55,30,51316.95,15,90,2989590
BANKNIFTY-I.NFO,13/11/2024,09:41:01,51317.85,51304.85,30,51317,15,225,2989590
BANKNIFTY-I.NFO,13/11/2024,09:41:02,51328.1,51322.95,30,51330,15,600,2989590
BANKNIFTY-I.NFO,13/11/2024,09:41:04,51335,51326.5,30,51333.55,120,195,2989590
BANKNIFTY-I.NFO,13/11/2024,09:41:06,51321.4,51326.65,30,51337.65,45,60,2989590
BANKNIFTY-I.NFO,13/11/2024,09:41:08,51318.85,51317.45,15,51332.3,120,1050,2989590
BANKNIFTY-I.NFO,13/11/2024,09:41:09,51338.15,51332.3,15,51336.8,120,615,2989590
BANKNIFTY-I.NFO,13/11/2024,09:41:11,51338.15,51332.3,30,51336.75,150,0,2989590
BANKNIFTY-I.NFO,13/11/2024,09:41:12,51332.3,51324.9,15,51331.8,120,30,2989590
BANKNIFTY-I.NFO,13/11/2024,09:41:14,51330.9,51324.9,15,51332.95,105,15,2989590
BANKNIFTY-I.NFO,13/11/2024,09:41:16,51324.9,51318.8,15,51330.25,105,15,2989590
BANKNIFTY-I.NFO,13/11/2024,09:41:17,51326,51312.3,30,51327.3,105,30,2989590
BANKNIFTY-I.NFO,13/11/2024,09:41:19,51326,51323.2,15,51327.4,105,0,2989590
BANKNIFTY-I.NFO,13/11/2024,09:41:21,51314.6,51327.6,375,51331.45,105,405,2989590
BANKNIFTY-I.NFO,13/11/2024,09:41:22,51308.55,51320.45,375,51324.3,120,165,2989590
BANKNIFTY-I.NFO,13/11/2024,09:41:24,51308.55,51322.4,75,51326.55,120,0,2989590
BANKNIFTY-I.NFO,13/11/2024,09:41:26,51308.55,51329.95,375,51332.3,15,0,2989590
BANKNIFTY-I.NFO,13/11/2024,09:41:27,51322.4,51322.4,60,51324.9,15,15,2989590
BANKNIFTY-I.NFO,13/11/2024,09:41:29,51322.4,51322.45,45,51324.9,15,0,2989590
BANKNIFTY-I.NFO,13/11/2024,09:41:31,51322.4,51322.45,60,51324.9,15,0,2989590
BANKNIFTY-I.NFO,13/11/2024,09:41:32,51324.9,51322.55,15,51328.55,15,15,2989590
BANKNIFTY-I.NFO,13/11/2024,09:41:34,51320,51324.9,30,51328.55,15,1005,2989590
BANKNIFTY-I.NFO,13/11/2024,09:41:36,51320,51324.9,30,51328.55,15,0,2989590
BANKNIFTY-I.NFO,13/11/2024,09:41:37,51325,51325,15,51328.55,15,15,2989590
BANKNIFTY-I.NFO,13/11/2024,09:41:39,51329.3,51330.75,15,51338,15,60,2989590
BANKNIFTY-I.NFO,13/11/2024,09:41:41,51330.75,51326.8,15,51332.95,120,15,2989590
BANKNIFTY-I.NFO,13/11/2024,09:41:42,51326.8,51324.9,30,51337.95,120,30,2989590
BANKNIFTY-I.NFO,13/11/2024,09:41:44,51324.9,51313.05,45,51327.35,120,615,2989590
BANKNIFTY-I.NFO,13/11/2024,09:41:46,51324.9,51310.35,15,51320,1995,0,2989590
BANKNIFTY-I.NFO,13/11/2024,09:41:47,51324.9,51307,15,51317.6,15,0,2989590
BANKNIFTY-I.NFO,13/11/2024,09:41:49,51324.9,51307,30,51315.2,15,0,2989590
BANKNIFTY-I.NFO,13/11/2024,09:41:51,51320,51314.9,180,51327,105,1995,2989590
BANKNIFTY-I.NFO,13/11/2024,09:41:52,51315.5,51314.9,15,51327,105,60,2989590
BANKNIFTY-I.NFO,13/11/2024,09:41:54,51327,51323,45,51337.9,45,105,2989590
BANKNIFTY-I.NFO,13/11/2024,09:41:56,51335.8,51330.75,105,51346.75,15,135,2989590
BANKNIFTY-I.NFO,13/11/2024,09:41:57,51344.55,51338.8,120,51343.55,120,45,2989590
BANKNIFTY-I.NFO,13/11/2024,09:41:59,51346.5,51338.85,60,51347.95,120,90,2989590
BANKNIFTY-I.NFO,13/11/2024,09:42:01,51347.95,51338.85,90,51345.05,120,30,2989590
BANKNIFTY-I.NFO,13/11/2024,09:42:02,51330.85,51330.8,15,51340.5,120,120,2989590
BANKNIFTY-I.NFO,13/11/2024,09:42:04,51330.8,51331,45,51344.9,120,30,2989590
BANKNIFTY-I.NFO,13/11/2024,09:42:06,51348,51338,45,51349.95,120,30,2989590
BANKNIFTY-I.NFO,13/11/2024,09:42:07,51347.65,51338.2,60,51349.95,15,15,2989590
BANKNIFTY-I.NFO,13/11/2024,09:42:09,51349.95,51349.45,60,51350,210,15,2989590
BANKNIFTY-I.NFO,13/11/2024,09:42:11,51357,51352.1,45,51358,45,345,2989590
BANKNIFTY-I.NFO,13/11/2024,09:42:12,51352.1,51354,45,51357.95,120,60,2989590
BANKNIFTY-I.NFO,13/11/2024,09:42:14,51349.95,51354,15,51358,45,180,2989590
BANKNIFTY-I.NFO,13/11/2024,09:42:16,51349.95,51354,30,51357.7,120,0,2989590
BANKNIFTY-I.NFO,13/11/2024,09:42:17,51354,51349.95,240,51354,30,90,2989590
BANKNIFTY-I.NFO,13/11/2024,09:42:19,51357,51350,30,51354.7,30,270,2989590
BANKNIFTY-I.NFO,13/11/2024,09:42:21,51350,51350,15,51357,90,60,2989590
BANKNIFTY-I.NFO,13/11/2024,09:42:22,51357,51350,45,51357,75,15,2989590
BANKNIFTY-I.NFO,13/11/2024,09:42:24,51350.05,51350,135,51357,75,60,2989590
BANKNIFTY-I.NFO,13/11/2024,09:42:26,51353.5,51350,135,51353.4,45,75,2989590
BANKNIFTY-I.NFO,13/11/2024,09:42:27,51347.65,51342.6,120,51355,45,165,2989590
BANKNIFTY-I.NFO,13/11/2024,09:42:29,51342.65,51342.65,15,51348.6,30,285,2989590
BANKNIFTY-I.NFO,13/11/2024,09:42:31,51327.7,51327.1,120,51341,15,135,2989590
BANKNIFTY-I.NFO,13/11/2024,09:42:32,51327.85,51334.1,90,51344.5,45,30,2989590
BANKNIFTY-I.NFO,13/11/2024,09:42:34,51349.35,51339.3,120,51355,45,150,2989590
BANKNIFTY-I.NFO,13/11/2024,09:42:36,51349.35,51348.6,15,51355,45,0,2989590
BANKNIFTY-I.NFO,13/11/2024,09:42:37,51348.6,51345.15,45,51355,30,90,2989590
BANKNIFTY-I.NFO,13/11/2024,09:42:39,51344.55,51347.8,45,51355,15,30,2989590
BANKNIFTY-I.NFO,13/11/2024,09:42:41,51357,51352.7,180,51357.5,15,75,2989590
BANKNIFTY-I.NFO,13/11/2024,09:42:42,51354.15,51352.7,135,51357,15,75,2989590
BANKNIFTY-I.NFO,13/11/2024,09:42:44,51357,51352.75,30,51357.5,15,15,2989590
BANKNIFTY-I.NFO,13/11/2024,09:42:46,51353,51352.75,60,51357.5,15,30,2989590
BANKNIFTY-I.NFO,13/11/2024,09:42:47,51354.15,51355.15,60,51358,30,135,2989590
BANKNIFTY-I.NFO,13/11/2024,09:42:49,51360,51358,45,51360,180,90,2989155
BANKNIFTY-I.NFO,13/11/2024,09:42:51,51361,51358,105,51362,45,255,2989155
BANKNIFTY-I.NFO,13/11/2024,09:42:52,51364.95,51358,120,51365,60,165,2989155
BANKNIFTY-I.NFO,13/11/2024,09:42:54,51370,51365.3,15,51370,255,645,2989155
BANKNIFTY-I.NFO,13/11/2024,09:42:56,51365.3,51365.3,30,51370,225,75,2989155
BANKNIFTY-I.NFO,13/11/2024,09:42:57,51365.3,51358,105,51366.9,45,75,2989155
BANKNIFTY-I.NFO,13/11/2024,09:42:59,51358.05,51358,105,51364.05,30,30,2989155
BANKNIFTY-I.NFO,13/11/2024,09:43:01,51359.25,51350.3,15,51357.9,30,225,2989155
BANKNIFTY-I.NFO,13/11/2024,09:43:02,51359.25,51350.3,15,51357.8,45,0,2989155
BANKNIFTY-I.NFO,13/11/2024,09:43:04,51362.2,51350.5,15,51364.7,30,15,2989155
BANKNIFTY-I.NFO,13/11/2024,09:43:06,51364.95,51351.65,120,51364.95,15,15,2989155
BANKNIFTY-I.NFO,13/11/2024,09:43:07,51357.55,51355.8,120,51364.95,15,60,2989155
BANKNIFTY-I.NFO,13/11/2024,09:43:09,51362.2,51362.2,30,51364.95,15,45,2989155
BANKNIFTY-I.NFO,13/11/2024,09:43:11,51365,51362.2,30,51365,15,60,2989155
BANKNIFTY-I.NFO,13/11/2024,09:43:12,51362.2,51358.35,60,51365,15,75,2989155
BANKNIFTY-I.NFO,13/11/2024,09:43:14,51365,51365,30,51369.95,15,45,2989155
BANKNIFTY-I.NFO,13/11/2024,09:43:16,51365,51365,15,51370,240,75,2989155
BANKNIFTY-I.NFO,13/11/2024,09:43:17,51365,51351.3,45,51365.25,30,30,2989155
BANKNIFTY-I.NFO,13/11/2024,09:43:19,51350.6,51350.35,15,51363.75,30,60,2989155
BANKNIFTY-I.NFO,13/11/2024,09:43:21,51350.6,51350.35,45,51363.2,30,0,2989155
BANKNIFTY-I.NFO,13/11/2024,09:43:22,51356.8,51356.8,45,51365.95,15,45,2989155
BANKNIFTY-I.NFO,13/11/2024,09:43:24,51352.05,51357.4,120,51369.2,15,90,2989155
BANKNIFTY-I.NFO,13/11/2024,09:43:26,51370,51359,120,51370,225,105,2989155
BANKNIFTY-I.NFO,13/11/2024,09:43:27,51362.25,51361.65,75,51370,150,90,2989155
BANKNIFTY-I.NFO,13/11/2024,09:43:29,51370,51362.05,75,51370,120,30,2989155
BANKNIFTY-I.NFO,13/11/2024,09:43:31,51370,51365.85,75,51370,120,0,2989155
BANKNIFTY-I.NFO,13/11/2024,09:43:32,51370,51365.85,105,51370,75,60,2989155
BANKNIFTY-I.NFO,13/11/2024,09:43:34,51371,51365.85,105,51372,45,300,2989155
BANKNIFTY-I.NFO,13/11/2024,09:43:36,51365.9,51365.9,15,51370,15,15,2989155
BANKNIFTY-I.NFO,13/11/2024,09:43:37,51365.9,51365.9,15,51370,15,0,2989155
BANKNIFTY-I.NFO,13/11/2024,09:43:39,51357.1,51359.4,15,51370,75,75,2989155
BANKNIFTY-I.NFO,13/11/2024,09:43:41,51370,51359.95,15,51370,60,15,2989155
BANKNIFTY-I.NFO,13/11/2024,09:43:42,51370,51362.3,15,51370,30,75,2989155
BANKNIFTY-I.NFO,13/11/2024,09:43:44,51370,51366.2,15,51370,15,15,2989155
BANKNIFTY-I.NFO,13/11/2024,09:43:46,51362.2,51362.2,30,51370,30,60,2989155
BANKNIFTY-I.NFO,13/11/2024,09:43:47,51369,51365.65,15,51369.55,45,90,2989155
BANKNIFTY-I.NFO,13/11/2024,09:43:49,51362.2,51352.55,15,51367.3,120,60,2989155
BANKNIFTY-I.NFO,13/11/2024,09:43:51,51359.95,51351,300,51360,15,75,2989155
BANKNIFTY-I.NFO,13/11/2024,09:43:52,51359.95,51351,300,51359.8,120,0,2989155
BANKNIFTY-I.NFO,13/11/2024,09:43:54,51359.95,51351,360,51356.35,120,0,2989155
BANKNIFTY-I.NFO,13/11/2024,09:43:56,51358.9,51352,30,51358.5,120,15,2989155
BANKNIFTY-I.NFO,13/11/2024,09:43:57,51358.9,51352,75,51357.3,120,0,2989155
BANKNIFTY-I.NFO,13/11/2024,09:43:59,51352.6,51350.3,15,51354.8,75,555,2989155
BANKNIFTY-I.NFO,13/11/2024,09:44:01,51342,51350,105,51353.65,75,255,2989155
BANKNIFTY-I.NFO,13/11/2024,09:44:02,51351,51350,105,51351,45,30,2989155
BANKNIFTY-I.NFO,13/11/2024,09:44:04,51352,51356.35,15,51359.95,45,240,2989155
BANKNIFTY-I.NFO,13/11/2024,09:44:06,51355.15,51350.3,15,51355.05,30,90,2989155
BANKNIFTY-I.NFO,13/11/2024,09:44:07,51340,51340,2595,51350.95,30,600,2989155
BANKNIFTY-I.NFO,13/11/2024,09:44:09,51340,51343.45,15,51351,15,15,2989155
BANKNIFTY-I.NFO,13/11/2024,09:44:11,51343.5,51340,2580,51350.7,30,30,2989155
BANKNIFTY-I.NFO,13/11/2024,09:44:12,51348.75,51340,2520,51346.1,15,75,2989155
BANKNIFTY-I.NFO,13/11/2024,09:44:14,51343.1,51343.1,15,51345.9,15,75,2989155
BANKNIFTY-I.NFO,13/11/2024,09:44:16,51340,51329.25,15,51335.35,30,2475,2989155
BANKNIFTY-I.NFO,13/11/2024,09:44:17,51335.35,51329.25,15,51336.75,30,30,2989155
BANKNIFTY-I.NFO,13/11/2024,09:44:19,51332.3,51320.3,15,51331.75,45,60,2989155
BANKNIFTY-I.NFO,13/11/2024,09:44:20,51320.55,51315,15,51320.6,45,105,2989155
BANKNIFTY-I.NFO,13/11/2024,09:44:22,51320.55,51317.85,45,51328.75,15,0,2989155
BANKNIFTY-I.NFO,13/11/2024,09:44:24,51320.55,51315,15,51320,105,0,2989155
BANKNIFTY-I.NFO,13/11/2024,09:44:25,51320.55,51315,45,51320,105,0,2989155
BANKNIFTY-I.NFO,13/11/2024,09:44:27,51315,51310,15,51319.1,15,45,2989155
BANKNIFTY-I.NFO,13/11/2024,09:44:29,51306.65,51308,45,51315,195,120,2989155
BANKNIFTY-I.NFO,13/11/2024,09:44:30,51306,51311,15,51315,195,240,2989155
BANKNIFTY-I.NFO,13/11/2024,09:44:32,51305.3,51305.1,45,51315,195,45,2989155
BANKNIFTY-I.NFO,13/11/2024,09:44:34,51314.95,51306.65,15,51315,195,150,2989155
BANKNIFTY-I.NFO,13/11/2024,09:44:35,51315,51310.85,15,51315,180,90,2989155
BANKNIFTY-I.NFO,13/11/2024,09:44:37,51315,51310.85,15,51315,180,0,2989155
BANKNIFTY-I.NFO,13/11/2024,09:44:39,51315,51310.85,45,51315,180,0,2989155
BANKNIFTY-I.NFO,13/11/2024,09:44:40,51310.85,51310.85,15,51315,180,30,2989155
BANKNIFTY-I.NFO,13/11/2024,09:44:42,51310.85,51310.85,15,51315,165,45,2989155
BANKNIFTY-I.NFO,13/11/2024,09:44:44,51310.85,51309.3,30,51315,165,135,2989155
BANKNIFTY-I.NFO,13/11/2024,09:44:45,51311,51311,30,51315,165,30,2989155
BANKNIFTY-I.NFO,13/11/2024,09:44:47,51315,51311,30,51315,45,120,2989155
BANKNIFTY-I.NFO,13/11/2024,09:44:49,51315,51311,15,51315,165,90,2989155
BANKNIFTY-I.NFO,13/11/2024,09:44:50,51311,51313.05,15,51315,165,30,2989155
BANKNIFTY-I.NFO,13/11/2024,09:44:52,51320,51309,75,51315,195,210,2989155
BANKNIFTY-I.NFO,13/11/2024,09:44:54,51313.05,51309,75,51315,195,15,2989155
BANKNIFTY-I.NFO,13/11/2024,09:44:55,51315,51309,15,51315,150,315,2989155
BANKNIFTY-I.NFO,13/11/2024,09:44:57,51315,51309.05,15,51315,150,0,2989155
BANKNIFTY-I.NFO,13/11/2024,09:44:59,51315,51312.05,15,51315,150,0,2989155
BANKNIFTY-I.NFO,13/11/2024,09:45:00,51315,51314.25,15,51319.9,15,1380,2989155
BANKNIFTY-I.NFO,13/11/2024,09:45:02,51313.9,51314.25,15,51319.9,15,15,2989155
BANKNIFTY-I.NFO,13/11/2024,09:45:04,51320,51314.4,15,51321.9,45,75,2989155
BANKNIFTY-I.NFO,13/11/2024,09:45:05,51314.4,51312.05,15,51319.95,45,30,2989155
BANKNIFTY-I.NFO,13/11/2024,09:45:07,51314.4,51312.05,30,51316.85,120,0,2989155
BANKNIFTY-I.NFO,13/11/2024,09:45:09,51314.4,51312.05,120,51319.3,15,0,2989155
BANKNIFTY-I.NFO,13/11/2024,09:45:10,51314.9,51312.15,45,51320,30,165,2989155
BANKNIFTY-I.NFO,13/11/2024,09:45:12,51320,51312.15,135,51320,15,45,2989155
BANKNIFTY-I.NFO,13/11/2024,09:45:14,51317.05,51317.8,45,51325,30,30,2989155
BANKNIFTY-I.NFO,13/11/2024,09:45:15,51317.05,51317.8,180,51325,30,0,2989155
BANKNIFTY-I.NFO,13/11/2024,09:45:17,51317.05,51317.95,75,51324.95,120,0,2989155
BANKNIFTY-I.NFO,13/11/2024,09:45:18,51317.95,51317.95,120,51322.6,120,90,2989155
BANKNIFTY-I.NFO,13/11/2024,09:45:20,51317.95,51317.95,60,51325,30,105,2989155
BANKNIFTY-I.NFO,13/11/2024,09:45:22,51317.95,51320.3,15,51325,30,0,2989155
BANKNIFTY-I.NFO,13/11/2024,09:45:23,51317.95,51316.55,45,51325,30,555,2989155
BANKNIFTY-I.NFO,13/11/2024,09:45:25,51322.2,51311.05,165,51322.05,120,165,2989155
BANKNIFTY-I.NFO,13/11/2024,09:45:27,51311.05,51311.05,195,51319.95,120,30,2989155
BANKNIFTY-I.NFO,13/11/2024,09:45:28,51320,51319.3,60,51332.35,120,60,2989155
BANKNIFTY-I.NFO,13/11/2024,09:45:30,51320,51320.35,120,51334.6,120,0,2989155
BANKNIFTY-I.NFO,13/11/2024,09:45:32,51320,51324.2,45,51335.5,120,0,2989155
BANKNIFTY-I.NFO,13/11/2024,09:45:33,51332.35,51324.2,90,51329.75,120,60,2989155
BANKNIFTY-I.NFO,13/11/2024,09:45:35,51315.55,51312.05,720,51320,15,225,2989155
BANKNIFTY-I.NFO,13/11/2024,09:45:37,51316.05,51312.1,15,51318.9,75,210,2989155
BANKNIFTY-I.NFO,13/11/2024,09:45:38,51312.05,51311.2,60,51313.85,15,675,2989155
BANKNIFTY-I.NFO,13/11/2024,09:45:40,51316,51311.2,60,51313.85,15,45,2989155
BANKNIFTY-I.NFO,13/11/2024,09:45:42,51311.3,51311.25,15,51320,105,75,2989155
BANKNIFTY-I.NFO,13/11/2024,09:45:44,51311.3,51315.65,45,51320,120,0,2989155
BANKNIFTY-I.NFO,13/11/2024,09:45:45,51315,51315.65,15,51320,105,75,2989155
BANKNIFTY-I.NFO,13/11/2024,09:45:47,51320,51315.7,120,51324.2,15,120,2989155
BANKNIFTY-I.NFO,13/11/2024,09:45:49,51324.2,51315.8,75,51328.4,45,60,2984055
BANKNIFTY-I.NFO,13/11/2024,09:45:50,51324.2,51315.85,75,51320,15,0,2984055
BANKNIFTY-I.NFO,13/11/2024,09:45:52,51318,51317.95,60,51320,15,30,2984055
BANKNIFTY-I.NFO,13/11/2024,09:45:54,51328,51320.05,45,51328,30,45,2984055
BANKNIFTY-I.NFO,13/11/2024,09:45:55,51324.2,51326,30,51328,30,30,2984055
BANKNIFTY-I.NFO,13/11/2024,09:45:57,51324.2,51326,135,51328,45,0,2984055
BANKNIFTY-I.NFO,13/11/2024,09:45:58,51348.1,51346.45,15,51349,30,195,2984055
BANKNIFTY-I.NFO,13/11/2024,09:46:00,51348.7,51346.45,120,51349,15,30,2984055
BANKNIFTY-I.NFO,13/11/2024,09:46:02,51348,51346.5,45,51348,270,45,2984055
BANKNIFTY-I.NFO,13/11/2024,09:46:03,51346.5,51346.5,45,51348,270,45,2984055
BANKNIFTY-I.NFO,13/11/2024,09:46:05,51326,51320.1,150,51326,30,465,2984055
BANKNIFTY-I.NFO,13/11/2024,09:46:07,51315,51311.2,60,51315.55,30,1605,2984055
BANKNIFTY-I.NFO,13/11/2024,09:46:08,51315,51305.3,45,51314.95,15,375,2984055
BANKNIFTY-I.NFO,13/11/2024,09:46:10,51307.95,51306.5,120,51314.95,30,30,2984055
BANKNIFTY-I.NFO,13/11/2024,09:46:12,51314.95,51307,120,51321.2,15,45,2984055
BANKNIFTY-I.NFO,13/11/2024,09:46:13,51309.8,51307.7,75,51321.25,45,165,2984055
BANKNIFTY-I.NFO,13/11/2024,09:46:15,51309.8,51314.15,60,51318.75,45,0,2984055
BANKNIFTY-I.NFO,13/11/2024,09:46:17,51314.15,51314.15,60,51319.7,30,30,2984055
BANKNIFTY-I.NFO,13/11/2024,09:46:18,51325.95,51315,75,51327.35,15,120,2984055
BANKNIFTY-I.NFO,13/11/2024,09:46:20,51317.25,51320.55,45,51329,15,30,2984055
BANKNIFTY-I.NFO,13/11/2024,09:46:22,51321.6,51324.85,45,51334.95,15,30,2984055
BANKNIFTY-I.NFO,13/11/2024,09:46:23,51321.6,51326.95,45,51337.95,15,0,2984055
BANKNIFTY-I.NFO,13/11/2024,09:46:25,51344.9,51328.25,120,51342.9,90,225,2984055
BANKNIFTY-I.NFO,13/11/2024,09:46:27,51344.9,51329.9,120,51344.35,90,0,2984055
BANKNIFTY-I.NFO,13/11/2024,09:46:28,51343.1,51330.25,120,51343.9,60,45,2984055
BANKNIFTY-I.NFO,13/11/2024,09:46:30,51337.15,51337.15,15,51345,30,60,2984055
BANKNIFTY-I.NFO,13/11/2024,09:46:32,51337.15,51337.15,30,51342.95,15,45,2984055
BANKNIFTY-I.NFO,13/11/2024,09:46:33,51337.15,51337.15,30,51341,30,15,2984055
BANKNIFTY-I.NFO,13/11/2024,09:46:35,51341,51337.15,15,51341,15,30,2984055
BANKNIFTY-I.NFO,13/11/2024,09:46:36,51335.3,51339.1,15,51341,15,30,2984055
BANKNIFTY-I.NFO,13/11/2024,09:46:38,51344.95,51339.1,15,51345,30,165,2984055
BANKNIFTY-I.NFO,13/11/2024,09:46:40,51339.1,51330,15,51337.8,105,15,2984055
BANKNIFTY-I.NFO,13/11/2024,09:46:41,51339.95,51335,30,51341.6,105,15,2984055
BANKNIFTY-I.NFO,13/11/2024,09:46:43,51341.5,51335,30,51340.2,90,15,2984055
BANKNIFTY-I.NFO,13/11/2024,09:46:45,51337.65,51335,15,51342.15,15,75,2984055
BANKNIFTY-I.NFO,13/11/2024,09:46:46,51337.65,51335,15,51343,105,0,2984055
BANKNIFTY-I.NFO,13/11/2024,09:46:48,51337.65,51335,30,51342.75,90,0,2984055
BANKNIFTY-I.NFO,13/11/2024,09:46:50,51337.65,51335,30,51341,15,0,2984055
BANKNIFTY-I.NFO,13/11/2024,09:46:51,51337.65,51338.05,30,51341,15,0,2984055
BANKNIFTY-I.NFO,13/11/2024,09:46:53,51337.65,51338.05,60,51341,15,0,2984055
BANKNIFTY-I.NFO,13/11/2024,09:46:55,51335,51330,15,51338.65,90,90,2984055
BANKNIFTY-I.NFO,13/11/2024,09:46:56,51335,51330,15,51335.9,90,0,2984055
BANKNIFTY-I.NFO,13/11/2024,09:46:58,51321.05,51328.35,45,51338.95,15,90,2984055
BANKNIFTY-I.NFO,13/11/2024,09:47:00,51337.65,51333.7,30,51336.7,120,30,2984055
BANKNIFTY-I.NFO,13/11/2024,09:47:01,51333.7,51333.7,45,51338.45,15,30,2984055
BANKNIFTY-I.NFO,13/11/2024,09:47:03,51333.7,51333.7,45,51338.1,120,0,2984055
BANKNIFTY-I.NFO,13/11/2024,09:47:05,51336.2,51321,30,51333.05,15,570,2984055
BANKNIFTY-I.NFO,13/11/2024,09:47:06,51333,51321,15,51332.3,45,30,2984055
BANKNIFTY-I.NFO,13/11/2024,09:47:08,51330.5,51316.55,45,51330.3,15,105,2984055
BANKNIFTY-I.NFO,13/11/2024,09:47:10,51317.75,51317.05,15,51328.2,195,15,2984055
BANKNIFTY-I.NFO,13/11/2024,09:47:11,51317.75,51317.05,30,51324.95,195,0,2984055
BANKNIFTY-I.NFO,13/11/2024,09:47:13,51317.75,51317.05,75,51324.95,195,0,2984055
BANKNIFTY-I.NFO,13/11/2024,09:47:15,51317.05,51317.05,45,51324.95,195,30,2984055
BANKNIFTY-I.NFO,13/11/2024,09:47:16,51317.05,51320.65,15,51324.85,30,0,2984055
BANKNIFTY-I.NFO,13/11/2024,09:47:18,51320.65,51315.15,15,51319.95,195,45,2984055
BANKNIFTY-I.NFO,13/11/2024,09:47:20,51319.95,51317,45,51319.9,195,15,2984055
BANKNIFTY-I.NFO,13/11/2024,09:47:21,51319.9,51315.15,30,51319.9,195,90,2984055
BANKNIFTY-I.NFO,13/11/2024,09:47:23,51309.8,51308.05,120,51309.9,195,210,2984055
BANKNIFTY-I.NFO,13/11/2024,09:47:24,51316.95,51309.15,30,51316.95,195,525,2984055
BANKNIFTY-I.NFO,13/11/2024,09:47:26,51309.95,51308,30,51309.9,195,150,2984055
BANKNIFTY-I.NFO,13/11/2024,09:47:28,51309.95,51308,45,51309.9,195,0,2984055
BANKNIFTY-I.NFO,13/11/2024,09:47:29,51307.95,51307,45,51307.95,195,90,2984055
BANKNIFTY-I.NFO,13/11/2024,09:47:31,51301,51301,165,51307.9,195,480,2984055
BANKNIFTY-I.NFO,13/11/2024,09:47:33,51301,51301,180,51305.65,195,0,2984055
BANKNIFTY-I.NFO,13/11/2024,09:47:34,51300.05,51300.05,60,51301.65,150,465,2984055
BANKNIFTY-I.NFO,13/11/2024,09:47:36,51296.5,51290,1230,51292.7,195,1020,2984055
BANKNIFTY-I.NFO,13/11/2024,09:47:38,51286.65,51290.05,30,51290.8,195,1260,2984055
BANKNIFTY-I.NFO,13/11/2024,09:47:39,51281,51280.3,15,51280.8,195,300,2984055
BANKNIFTY-I.NFO,13/11/2024,09:47:41,51267.8,51257.4,15,51267.8,195,1440,2984055
BANKNIFTY-I.NFO,13/11/2024,09:47:43,51250,51250,1995,51259.6,15,1155,2984055
BANKNIFTY-I.NFO,13/11/2024,09:47:44,51250.4,51252.05,15,51265.8,15,435,2984055
BANKNIFTY-I.NFO,13/11/2024,09:47:46,51251.8,51261.45,90,51265.6,45,735,2984055
BANKNIFTY-I.NFO,13/11/2024,09:47:48,51250,51250,1365,51260.55,15,990,2984055
BANKNIFTY-I.NFO,13/11/2024,09:47:49,51267.85,51255.45,15,51267.85,15,285,2984055
BANKNIFTY-I.NFO,13/11/2024,09:47:51,51255.45,51253.6,15,51265.1,120,60,2984055
BANKNIFTY-I.NFO,13/11/2024,09:47:53,51250.05,51250.45,45,51263.9,60,330,2984055
BANKNIFTY-I.NFO,13/11/2024,09:47:54,51250.15,51250,1275,51262.6,45,405,2984055
BANKNIFTY-I.NFO,13/11/2024,09:47:56,51252,51251.65,75,51264.25,15,915,2984055
BANKNIFTY-I.NFO,13/11/2024,09:47:58,51260,51260,105,51263.5,60,120,2984055
BANKNIFTY-I.NFO,13/11/2024,09:47:59,51250,51250,1275,51260,60,120,2984055
BANKNIFTY-I.NFO,13/11/2024,09:48:01,51250,51250,1095,51254.95,45,615,2984055
BANKNIFTY-I.NFO,13/11/2024,09:48:03,51253.2,51250,660,51253.05,15,660,2984055
BANKNIFTY-I.NFO,13/11/2024,09:48:05,51227.4,51223.6,15,51227.8,30,1785,2984055
BANKNIFTY-I.NFO,13/11/2024,09:48:06,51228.05,51220,135,51228.05,30,450,2984055
BANKNIFTY-I.NFO,13/11/2024,09:48:08,51233.15,51216.6,15,51232.65,15,2370,2984055
BANKNIFTY-I.NFO,13/11/2024,09:48:09,51230,51220,60,51232.2,675,240,2984055
BANKNIFTY-I.NFO,13/11/2024,09:48:11,51212.55,51212.5,15,51226.55,45,240,2984055
BANKNIFTY-I.NFO,13/11/2024,09:48:13,51214.4,51215,30,51226.8,15,330,2984055
BANKNIFTY-I.NFO,13/11/2024,09:48:14,51212.85,51212.35,15,51220,750,420,2984055
BANKNIFTY-I.NFO,13/11/2024,09:48:16,51227.45,51227.5,60,51230,15,915,2984055
BANKNIFTY-I.NFO,13/11/2024,09:48:18,51212.75,51213.35,45,51226.85,45,225,2984055
BANKNIFTY-I.NFO,13/11/2024,09:48:19,51216.2,51218.05,15,51227.05,15,105,2984055
BANKNIFTY-I.NFO,13/11/2024,09:48:21,51214.75,51216.65,75,51227.5,90,915,2984055
BANKNIFTY-I.NFO,13/11/2024,09:48:23,51226.85,51226.85,15,51229.95,45,1110,2984055
BANKNIFTY-I.NFO,13/11/2024,09:48:24,51227,51214.25,15,51227.6,45,1290,2984055
BANKNIFTY-I.NFO,13/11/2024,09:48:26,51225,51214,15,51225,15,435,2984055
BANKNIFTY-I.NFO,13/11/2024,09:48:28,51212.4,51212,30,51225,30,165,2984055
BANKNIFTY-I.NFO,13/11/2024,09:48:29,51223.35,51223.35,45,51224.95,15,360,2984055
BANKNIFTY-I.NFO,13/11/2024,09:48:31,51223.55,51212.6,15,51221.6,120,930,2984055
BANKNIFTY-I.NFO,13/11/2024,09:48:33,51220,51212.9,30,51220,15,255,2984055
BANKNIFTY-I.NFO,13/11/2024,09:48:34,51215,51215,180,51223.15,30,165,2984055
BANKNIFTY-I.NFO,13/11/2024,09:48:36,51207.1,51207.45,30,51219.85,15,2040,2984055
BANKNIFTY-I.NFO,13/11/2024,09:48:38,51223,51207.1,90,51221.4,15,615,2984055
BANKNIFTY-I.NFO,13/11/2024,09:48:39,51209.85,51213.55,60,51223.15,30,525,2984055
BANKNIFTY-I.NFO,13/11/2024,09:48:41,51214,51215.05,90,51223.25,90,135,2984055
BANKNIFTY-I.NFO,13/11/2024,09:48:43,51223.35,51223.25,15,51223.55,15,285,2984055
BANKNIFTY-I.NFO,13/11/2024,09:48:44,51221.4,51215,210,51220,15,540,2984055
BANKNIFTY-I.NFO,13/11/2024,09:48:46,51215,51215,105,51221.65,120,120,2984055
BANKNIFTY-I.NFO,13/11/2024,09:48:48,51224.05,51220,195,51224.9,45,75,2984055
BANKNIFTY-I.NFO,13/11/2024,09:48:49,51220,51220,120,51224.85,120,150,2984055
BANKNIFTY-I.NFO,13/11/2024,09:48:51,51224.9,51222,15,51225,255,75,2988240
BANKNIFTY-I.NFO,13/11/2024,09:48:53,51220,51220,60,51224.05,15,315,2988240
BANKNIFTY-I.NFO,13/11/2024,09:48:54,51215,51215,45,51225.6,30,825,2988240
BANKNIFTY-I.NFO,13/11/2024,09:48:56,51220,51217.7,45,51225,120,225,2988240
BANKNIFTY-I.NFO,13/11/2024,09:48:58,51228.9,51227.7,45,51230.95,60,195,2988240
BANKNIFTY-I.NFO,13/11/2024,09:48:59,51233.45,51221.05,15,51234.45,15,285,2988240
BANKNIFTY-I.NFO,13/11/2024,09:49:01,51227,51215,195,51228.9,75,75,2988240
BANKNIFTY-I.NFO,13/11/2024,09:49:03,51215,51215,90,51217.05,15,210,2988240
BANKNIFTY-I.NFO,13/11/2024,09:49:04,51210.05,51210,285,51220,15,360,2988240
BANKNIFTY-I.NFO,13/11/2024,09:49:06,51210,51217.05,45,51220.5,45,285,2988240
