Ticker,Date,Time,LTP,BuyPrice,BuyQty,SellPrice,SellQty,LTQ,OpenInterest
BANKNIFTY-I.NFO,16/07/2024,09:15:00,52650,52622.4,45,52659.95,60,30,0
BANKNIFTY-I.NFO,16/07/2024,09:15:00,52650,52622.4,45,52659.95,60,0,0
BANKNIFTY-I.NFO,16/07/2024,09:15:00,52650,52622.4,45,52659.95,60,0,0
BANKNIFTY-I.NFO,16/07/2024,09:15:00,52629.6,52622.4,45,52659.95,60,0,0
BANKNIFTY-I.NFO,16/07/2024,09:15:01,52649.55,52630.2,60,52649.55,30,75,2177985
BANKNIFTY-I.NFO,16/07/2024,09:15:01,52627.85,52630.2,60,52649.55,30,0,2177985
BANKNIFTY-I.NFO,16/07/2024,09:15:02,52629.4,52624.5,450,52629.45,15,435,2177985
BANKNIFTY-I.NFO,16/07/2024,09:15:02,52650.15,52624.5,450,52629.45,15,0,2177985
BANKNIFTY-I.NFO,16/07/2024,09:15:02,52616.75,52624.5,450,52629.45,15,0,2177985
BANKNIFTY-I.NFO,16/07/2024,09:15:03,52629.35,52610.3,30,52627,60,1590,2177985
BANKNIFTY-I.NFO,16/07/2024,09:15:03,52605.1,52610.3,30,52627,60,0,2177985
BANKNIFTY-I.NFO,16/07/2024,09:15:05,52627,52609.65,75,52629.95,15,465,2177985
BANKNIFTY-I.NFO,16/07/2024,09:15:06,52622.55,52607.35,60,52622.6,15,555,2177985
BANKNIFTY-I.NFO,16/07/2024,09:15:08,52620,52609.45,60,52624.6,15,285,2177985
BANKNIFTY-I.NFO,16/07/2024,09:15:09,52622.55,52610.05,60,52623.85,75,225,2177985
BANKNIFTY-I.NFO,16/07/2024,09:15:10,52614.25,52614.55,450,52629.4,60,525,2177985
BANKNIFTY-I.NFO,16/07/2024,09:15:12,52622.55,52615.9,60,52626.9,45,480,2177985
BANKNIFTY-I.NFO,16/07/2024,09:15:13,52620.4,52620.4,15,52626.1,15,390,2177985
BANKNIFTY-I.NFO,16/07/2024,09:15:15,52629.9,52631.15,60,52645.2,60,1290,2177985
BANKNIFTY-I.NFO,16/07/2024,09:15:16,52645.2,52638.9,90,52645.1,60,60,2177985
BANKNIFTY-I.NFO,16/07/2024,09:15:18,52664.15,52652.35,60,52664.15,30,1170,2177985
BANKNIFTY-I.NFO,16/07/2024,09:15:18,52664.15,52652.35,60,52664.15,30,0,2177985
BANKNIFTY-I.NFO,16/07/2024,09:15:20,52659.25,52661.9,30,52678.5,60,465,2177985
BANKNIFTY-I.NFO,16/07/2024,09:15:20,52675,52661.9,30,52678.5,60,0,2177985
BANKNIFTY-I.NFO,16/07/2024,09:15:21,52685.35,52668.15,75,52688.15,60,885,2177985
BANKNIFTY-I.NFO,16/07/2024,09:15:21,52685.35,52668.15,75,52688.15,60,0,2177985
BANKNIFTY-I.NFO,16/07/2024,09:15:23,52690,52675.45,60,52689.95,75,165,2177985
BANKNIFTY-I.NFO,16/07/2024,09:15:23,52690,52675.45,60,52689.95,75,0,2177985
BANKNIFTY-I.NFO,16/07/2024,09:15:24,52663.6,52664.05,60,52680.75,30,345,2177985
BANKNIFTY-I.NFO,16/07/2024,09:15:26,52690,52672.05,60,52682.9,15,675,2177985
BANKNIFTY-I.NFO,16/07/2024,09:15:27,52682.55,52665.2,60,52682.55,60,195,2180055
BANKNIFTY-I.NFO,16/07/2024,09:15:29,52668.35,52668.85,60,52682.2,60,270,2180055
BANKNIFTY-I.NFO,16/07/2024,09:15:30,52685,52685,60,52688.05,15,285,2180055
BANKNIFTY-I.NFO,16/07/2024,09:15:32,52700,52695,45,52700,570,615,2180055
BANKNIFTY-I.NFO,16/07/2024,09:15:32,52700,52695,45,52700,570,0,2180055
BANKNIFTY-I.NFO,16/07/2024,09:15:34,52700,52700.75,15,52709.2,60,2025,2180055
BANKNIFTY-I.NFO,16/07/2024,09:15:35,52700.6,52701.7,45,52716.55,60,330,2180055
BANKNIFTY-I.NFO,16/07/2024,09:15:35,52719.75,52701.7,45,52716.55,60,0,2180055
BANKNIFTY-I.NFO,16/07/2024,09:15:37,52698.1,52698.05,15,52698.85,15,360,2180055
BANKNIFTY-I.NFO,16/07/2024,09:15:38,52700,52690.85,15,52700.7,15,1050,2180055
BANKNIFTY-I.NFO,16/07/2024,09:15:40,52689.05,52688.15,75,52699.85,15,900,2180055
BANKNIFTY-I.NFO,16/07/2024,09:15:41,52677.6,52677.65,60,52692.05,75,285,2180055
BANKNIFTY-I.NFO,16/07/2024,09:15:43,52675.85,52671.15,90,52686.6,60,150,2180055
BANKNIFTY-I.NFO,16/07/2024,09:15:44,52682.55,52670.35,60,52681.5,45,465,2180055
BANKNIFTY-I.NFO,16/07/2024,09:15:46,52678.75,52678.75,45,52690.8,60,345,2180055
BANKNIFTY-I.NFO,16/07/2024,09:15:47,52700,52692.1,75,52700,30,450,2180055
BANKNIFTY-I.NFO,16/07/2024,09:15:49,52700.55,52694.35,165,52699.4,15,240,2180055
BANKNIFTY-I.NFO,16/07/2024,09:15:50,52700.05,52700.1,30,52708.95,75,150,2180055
BANKNIFTY-I.NFO,16/07/2024,09:15:52,52692.05,52692.05,630,52699.9,15,1620,2180055
BANKNIFTY-I.NFO,16/07/2024,09:15:53,52694.9,52692.05,600,52699,45,75,2180055
BANKNIFTY-I.NFO,16/07/2024,09:15:55,52692.05,52692.05,135,52696.85,30,525,2180055
BANKNIFTY-I.NFO,16/07/2024,09:15:57,52690,52690,180,52696.05,15,315,2180055
BANKNIFTY-I.NFO,16/07/2024,09:15:58,52698.15,52695.6,90,52712.05,30,1980,2180055
BANKNIFTY-I.NFO,16/07/2024,09:16:00,52697.55,52697.6,60,52713,120,720,2180055
BANKNIFTY-I.NFO,16/07/2024,09:16:01,52701.25,52701.3,60,52715.95,15,360,2180055
BANKNIFTY-I.NFO,16/07/2024,09:16:03,52710.65,52700.6,30,52711.25,105,540,2180055
BANKNIFTY-I.NFO,16/07/2024,09:16:04,52714.05,52701.9,30,52714.85,120,390,2180055
BANKNIFTY-I.NFO,16/07/2024,09:16:06,52700.6,52700,300,52710,30,135,2180055
BANKNIFTY-I.NFO,16/07/2024,09:16:07,52710,52700,135,52712.6,30,450,2180055
BANKNIFTY-I.NFO,16/07/2024,09:16:09,52700.05,52700.05,15,52712.8,45,615,2180055
BANKNIFTY-I.NFO,16/07/2024,09:16:10,52713.1,52700,360,52710.95,60,285,2180055
BANKNIFTY-I.NFO,16/07/2024,09:16:12,52700.6,52700,300,52707.35,30,165,2180055
BANKNIFTY-I.NFO,16/07/2024,09:16:13,52705.45,52695.25,15,52704.65,30,540,2180055
BANKNIFTY-I.NFO,16/07/2024,09:16:15,52700,52700,30,52706.35,30,180,2180055
BANKNIFTY-I.NFO,16/07/2024,09:16:16,52690.35,52690.35,450,52700,360,150,2180055
BANKNIFTY-I.NFO,16/07/2024,09:16:18,52690.35,52690.35,450,52700,255,195,2180055
BANKNIFTY-I.NFO,16/07/2024,09:16:19,52690.95,52697.65,150,52700,180,630,2180055
BANKNIFTY-I.NFO,16/07/2024,09:16:21,52700,52698.9,450,52700,30,555,2180055
BANKNIFTY-I.NFO,16/07/2024,09:16:23,52690.75,52690.4,30,52690.75,15,585,2180055
BANKNIFTY-I.NFO,16/07/2024,09:16:24,52682.7,52680,120,52690.9,15,510,2180055
BANKNIFTY-I.NFO,16/07/2024,09:16:26,52685.25,52686.45,150,52692.1,15,120,2180055
BANKNIFTY-I.NFO,16/07/2024,09:16:27,52690.75,52690.75,195,52692.1,15,60,2180055
BANKNIFTY-I.NFO,16/07/2024,09:16:29,52692.65,52682.65,150,52692.7,30,345,2180055
BANKNIFTY-I.NFO,16/07/2024,09:16:30,52696.4,52686.2,90,52696.4,15,1110,2180055
BANKNIFTY-I.NFO,16/07/2024,09:16:32,52686.7,52674.4,90,52686.8,15,1170,2180055
BANKNIFTY-I.NFO,16/07/2024,09:16:33,52670.85,52672.95,30,52688.35,105,1515,2180055
BANKNIFTY-I.NFO,16/07/2024,09:16:35,52676.55,52676.4,30,52685.25,195,555,2180055
BANKNIFTY-I.NFO,16/07/2024,09:16:37,52680,52676.05,90,52682.85,300,975,2180055
BANKNIFTY-I.NFO,16/07/2024,09:16:38,52682.85,52670.35,45,52682.85,300,15,2180055
BANKNIFTY-I.NFO,16/07/2024,09:16:40,52680.25,52670.3,15,52680.3,15,195,2180055
BANKNIFTY-I.NFO,16/07/2024,09:16:41,52680,52670,885,52680.3,45,90,2180055
BANKNIFTY-I.NFO,16/07/2024,09:16:43,52670,52670,765,52677.95,45,210,2180055
BANKNIFTY-I.NFO,16/07/2024,09:16:44,52680,52670,735,52679.7,15,915,2180055
BANKNIFTY-I.NFO,16/07/2024,09:16:46,52677.8,52670.3,15,52675.6,30,570,2180055
BANKNIFTY-I.NFO,16/07/2024,09:16:48,52674.05,52666,15,52673.35,60,765,2180055
BANKNIFTY-I.NFO,16/07/2024,09:16:49,52660.6,52660.35,105,52673.3,75,165,2180055
BANKNIFTY-I.NFO,16/07/2024,09:16:51,52673.3,52665.75,90,52676.6,45,105,2180055
BANKNIFTY-I.NFO,16/07/2024,09:16:52,52680.25,52673.8,90,52680.3,15,900,2180055
BANKNIFTY-I.NFO,16/07/2024,09:16:54,52680.45,52677.6,75,52682.85,150,105,2180055
BANKNIFTY-I.NFO,16/07/2024,09:16:56,52678,52680,30,52682.85,15,195,2180055
BANKNIFTY-I.NFO,16/07/2024,09:16:57,52689.95,52679.95,75,52689.9,60,750,2180055
BANKNIFTY-I.NFO,16/07/2024,09:16:59,52680.45,52680.5,75,52690,15,30,2180055
BANKNIFTY-I.NFO,16/07/2024,09:17:00,52681.3,52681.25,15,52690,15,150,2180055
BANKNIFTY-I.NFO,16/07/2024,09:17:02,52682.45,52682.65,30,52692.1,120,45,2180055
BANKNIFTY-I.NFO,16/07/2024,09:17:03,52683.8,52686.7,45,52692.05,90,165,2180055
BANKNIFTY-I.NFO,16/07/2024,09:17:05,52700,52692.1,75,52694,90,330,2180055
BANKNIFTY-I.NFO,16/07/2024,09:17:06,52712.9,52712.85,30,52713,15,1050,2180055
BANKNIFTY-I.NFO,16/07/2024,09:17:08,52706.05,52697,30,52706.15,45,360,2180055
BANKNIFTY-I.NFO,16/07/2024,09:17:09,52697,52688.65,30,52696.15,45,90,2180055
BANKNIFTY-I.NFO,16/07/2024,09:17:11,52691.4,52685,150,52691.25,30,90,2180055
BANKNIFTY-I.NFO,16/07/2024,09:17:13,52693.1,52686.6,15,52693.5,30,75,2180055
BANKNIFTY-I.NFO,16/07/2024,09:17:14,52688.45,52680.7,90,52692.35,75,330,2180055
BANKNIFTY-I.NFO,16/07/2024,09:17:16,52691.85,52686.65,15,52692,15,285,2180055
BANKNIFTY-I.NFO,16/07/2024,09:17:17,52692,52684.05,60,52692,15,300,2180055
BANKNIFTY-I.NFO,16/07/2024,09:17:19,52692.05,52689.65,75,52699.9,60,90,2180055
BANKNIFTY-I.NFO,16/07/2024,09:17:20,52688.45,52680.35,105,52690.75,60,120,2180055
BANKNIFTY-I.NFO,16/07/2024,09:17:22,52686.5,52680,60,52686.5,15,165,2180055
BANKNIFTY-I.NFO,16/07/2024,09:17:24,52670,52670,45,52675,15,210,2180055
BANKNIFTY-I.NFO,16/07/2024,09:17:25,52672.25,52661.8,90,52672.3,15,90,2180055
BANKNIFTY-I.NFO,16/07/2024,09:17:27,52671.5,52661.1,60,52671.75,30,45,2180055
BANKNIFTY-I.NFO,16/07/2024,09:17:29,52661,52660.35,60,52662.6,60,30,2180055
BANKNIFTY-I.NFO,16/07/2024,09:17:30,52666.75,52665.85,450,52671.4,15,120,2180055
BANKNIFTY-I.NFO,16/07/2024,09:17:32,52671.4,52671.9,450,52675,15,60,2180055
BANKNIFTY-I.NFO,16/07/2024,09:17:33,52680.55,52680.35,450,52686.05,30,180,2180055
BANKNIFTY-I.NFO,16/07/2024,09:17:35,52672,52672.1,60,52681.45,75,195,2180055
BANKNIFTY-I.NFO,16/07/2024,09:17:37,52671.95,52672.25,30,52679.55,60,45,2180055
BANKNIFTY-I.NFO,16/07/2024,09:17:38,52671.4,52671.4,15,52675.9,30,60,2180055
BANKNIFTY-I.NFO,16/07/2024,09:17:40,52670,52667.1,60,52672.25,15,90,2180055
BANKNIFTY-I.NFO,16/07/2024,09:17:41,52684.35,52678.35,450,52684.8,15,495,2180055
BANKNIFTY-I.NFO,16/07/2024,09:17:43,52680.9,52676.3,60,52680.9,105,180,2180055
BANKNIFTY-I.NFO,16/07/2024,09:17:44,52680.9,52675.1,60,52680.9,30,105,2180055
BANKNIFTY-I.NFO,16/07/2024,09:17:46,52682.8,52675,15,52681.9,15,135,2180055
BANKNIFTY-I.NFO,16/07/2024,09:17:48,52675.05,52681.9,15,52686.6,60,30,2180055
BANKNIFTY-I.NFO,16/07/2024,09:17:49,52680,52675.15,60,52680,540,60,2180055
BANKNIFTY-I.NFO,16/07/2024,09:17:51,52680,52675.05,450,52680,420,165,2180055
BANKNIFTY-I.NFO,16/07/2024,09:17:52,52680,52675.05,450,52680,420,60,2180055
BANKNIFTY-I.NFO,16/07/2024,09:17:54,52680,52672.2,15,52680,420,60,2180055
BANKNIFTY-I.NFO,16/07/2024,09:17:55,52672.2,52672.05,450,52679.95,45,135,2180055
BANKNIFTY-I.NFO,16/07/2024,09:17:57,52673.65,52683.2,30,52686.65,15,495,2180055
BANKNIFTY-I.NFO,16/07/2024,09:17:59,52676.7,52680,15,52683.25,15,120,2180055
BANKNIFTY-I.NFO,16/07/2024,09:18:00,52674,52675.35,45,52682.55,15,75,2180055
BANKNIFTY-I.NFO,16/07/2024,09:18:02,52681.8,52673.65,15,52675,30,30,2180055
BANKNIFTY-I.NFO,16/07/2024,09:18:03,52675,52672,45,52675,15,270,2180055
BANKNIFTY-I.NFO,16/07/2024,09:18:05,52672,52671.4,90,52674,15,75,2180055
BANKNIFTY-I.NFO,16/07/2024,09:18:07,52663.1,52665.05,15,52673.8,60,510,2180055
BANKNIFTY-I.NFO,16/07/2024,09:18:08,52674.25,52670.4,15,52674.25,45,105,2180055
BANKNIFTY-I.NFO,16/07/2024,09:18:10,52675,52673.2,450,52680,15,60,2180055
BANKNIFTY-I.NFO,16/07/2024,09:18:11,52677.3,52673.8,15,52676.65,30,15,2180055
BANKNIFTY-I.NFO,16/07/2024,09:18:13,52679.6,52672.55,30,52679.6,30,120,2180055
BANKNIFTY-I.NFO,16/07/2024,09:18:15,52674.3,52674.05,450,52680,15,15,2180055
BANKNIFTY-I.NFO,16/07/2024,09:18:16,52675,52672.55,30,52678.75,15,30,2180055
BANKNIFTY-I.NFO,16/07/2024,09:18:18,52672.2,52673.1,450,52678.9,15,90,2180055
BANKNIFTY-I.NFO,16/07/2024,09:18:19,52677.4,52674,15,52676.6,15,15,2180055
BANKNIFTY-I.NFO,16/07/2024,09:18:21,52674,52673.1,15,52676.5,60,30,2180055
BANKNIFTY-I.NFO,16/07/2024,09:18:22,52671.9,52672.65,450,52673.8,15,30,2180055
BANKNIFTY-I.NFO,16/07/2024,09:18:24,52677.95,52672.25,450,52679.05,15,75,2180055
BANKNIFTY-I.NFO,16/07/2024,09:18:26,52671.1,52671.35,450,52678.5,15,60,2180055
BANKNIFTY-I.NFO,16/07/2024,09:18:27,52673.3,52673.3,15,52677.45,30,45,2180055
BANKNIFTY-I.NFO,16/07/2024,09:18:29,52673.3,52672.1,450,52677.45,30,135,2185320
BANKNIFTY-I.NFO,16/07/2024,09:18:30,52676.9,52670,15,52676.55,30,240,2185320
BANKNIFTY-I.NFO,16/07/2024,09:18:32,52667.85,52662,15,52669.5,30,240,2185320
BANKNIFTY-I.NFO,16/07/2024,09:18:33,52661.55,52654,90,52660.05,15,450,2185320
BANKNIFTY-I.NFO,16/07/2024,09:18:35,52675.35,52665.9,465,52675.25,15,1125,2185320
BANKNIFTY-I.NFO,16/07/2024,09:18:36,52678,52673.5,450,52678,60,225,2185320
BANKNIFTY-I.NFO,16/07/2024,09:18:38,52684.7,52680.35,450,52684.85,15,270,2185320
BANKNIFTY-I.NFO,16/07/2024,09:18:40,52676.25,52676.9,15,52684.95,15,135,2185320
BANKNIFTY-I.NFO,16/07/2024,09:18:41,52676.9,52675,255,52676.9,60,135,2185320
BANKNIFTY-I.NFO,16/07/2024,09:18:43,52675,52670.5,510,52679.75,60,255,2185320
BANKNIFTY-I.NFO,16/07/2024,09:18:44,52672.95,52674.65,330,52684.35,60,195,2185320
BANKNIFTY-I.NFO,16/07/2024,09:18:46,52676.25,52677.15,285,52680,60,105,2185320
BANKNIFTY-I.NFO,16/07/2024,09:18:48,52676.25,52676.45,285,52677.2,15,0,2185320
BANKNIFTY-I.NFO,16/07/2024,09:18:49,52680,52676.25,255,52680,30,105,2185320
BANKNIFTY-I.NFO,16/07/2024,09:18:51,52676.25,52676.25,15,52680,45,15,2185320
BANKNIFTY-I.NFO,16/07/2024,09:18:52,52681.65,52670,15,52675.5,15,120,2185320
BANKNIFTY-I.NFO,16/07/2024,09:18:54,52681.2,52673.4,60,52682.95,45,90,2185320
BANKNIFTY-I.NFO,16/07/2024,09:18:55,52670.8,52670.35,180,52679.2,45,150,2185320
BANKNIFTY-I.NFO,16/07/2024,09:18:57,52669.55,52669.9,180,52678.65,30,60,2185320
BANKNIFTY-I.NFO,16/07/2024,09:18:59,52678.3,52667.15,60,52677.05,120,45,2185320
BANKNIFTY-I.NFO,16/07/2024,09:19:00,52669.4,52669.95,165,52677.05,15,30,2185320
BANKNIFTY-I.NFO,16/07/2024,09:19:02,52669.55,52666.95,45,52676.05,15,75,2185320
BANKNIFTY-I.NFO,16/07/2024,09:19:03,52665.2,52666.4,120,52674.95,120,165,2185320
BANKNIFTY-I.NFO,16/07/2024,09:19:05,52674.9,52668.3,90,52676.45,15,210,2185320
BANKNIFTY-I.NFO,16/07/2024,09:19:06,52669.35,52668.05,30,52677.6,15,105,2185320
BANKNIFTY-I.NFO,16/07/2024,09:19:08,52675.2,52676.95,15,52679.2,15,75,2185320
BANKNIFTY-I.NFO,16/07/2024,09:19:10,52690,52690,2730,52690.6,15,630,2185320
BANKNIFTY-I.NFO,16/07/2024,09:19:11,52686,52685.9,165,52690.6,15,3060,2185320
BANKNIFTY-I.NFO,16/07/2024,09:19:13,52687.15,52686.25,150,52690.6,15,15,2185320
BANKNIFTY-I.NFO,16/07/2024,09:19:14,52686.8,52686.2,120,52690.6,15,135,2185320
BANKNIFTY-I.NFO,16/07/2024,09:19:16,52689.9,52684.35,120,52690,15,15,2185320
BANKNIFTY-I.NFO,16/07/2024,09:19:18,52686.5,52682.15,90,52687.65,15,30,2185320
BANKNIFTY-I.NFO,16/07/2024,09:19:19,52673.75,52673.55,30,52679.1,30,135,2185320
BANKNIFTY-I.NFO,16/07/2024,09:19:21,52677.25,52669.55,30,52677.25,75,150,2185320
BANKNIFTY-I.NFO,16/07/2024,09:19:22,52673.55,52667.05,135,52673.55,30,135,2185320
BANKNIFTY-I.NFO,16/07/2024,09:19:24,52673.55,52667.1,135,52673.55,15,15,2185320
BANKNIFTY-I.NFO,16/07/2024,09:19:25,52673.55,52669.6,135,52671.9,15,15,2185320
BANKNIFTY-I.NFO,16/07/2024,09:19:27,52675,52669.65,135,52680.5,15,30,2185320
BANKNIFTY-I.NFO,16/07/2024,09:19:28,52669.65,52672.95,120,52680,15,30,2185320
BANKNIFTY-I.NFO,16/07/2024,09:19:30,52672.95,52672.85,120,52679,15,15,2185320
BANKNIFTY-I.NFO,16/07/2024,09:19:32,52680,52680,15,52680.5,15,30,2185320
BANKNIFTY-I.NFO,16/07/2024,09:19:33,52680.5,52680.25,15,52684.35,150,15,2185320
BANKNIFTY-I.NFO,16/07/2024,09:19:35,52680.25,52671.1,135,52682.55,60,15,2185320
BANKNIFTY-I.NFO,16/07/2024,09:19:37,52680.25,52674.65,135,52681.35,45,0,2185320
BANKNIFTY-I.NFO,16/07/2024,09:19:38,52680,52674.5,15,52680,135,30,2185320
BANKNIFTY-I.NFO,16/07/2024,09:19:40,52680,52671.1,135,52680,135,0,2185320
BANKNIFTY-I.NFO,16/07/2024,09:19:41,52680,52672.05,135,52680,45,90,2185320
BANKNIFTY-I.NFO,16/07/2024,09:19:43,52680,52672.5,30,52680,45,0,2185320
BANKNIFTY-I.NFO,16/07/2024,09:19:44,52680,52671.65,15,52680,45,0,2185320
BANKNIFTY-I.NFO,16/07/2024,09:19:46,52671.05,52671.05,135,52680,45,45,2185320
BANKNIFTY-I.NFO,16/07/2024,09:19:47,52676.75,52675.5,105,52680,15,270,2185320
BANKNIFTY-I.NFO,16/07/2024,09:19:49,52676.75,52671.8,105,52680,15,0,2185320
BANKNIFTY-I.NFO,16/07/2024,09:19:51,52671.8,52671.8,15,52679.95,120,45,2185320
BANKNIFTY-I.NFO,16/07/2024,09:19:52,52670.15,52671.15,90,52679.95,120,255,2185320
BANKNIFTY-I.NFO,16/07/2024,09:19:54,52678,52669.3,15,52679.65,135,180,2185320
BANKNIFTY-I.NFO,16/07/2024,09:19:55,52673.2,52674.3,15,52680,45,45,2185320
BANKNIFTY-I.NFO,16/07/2024,09:19:57,52678,52678,495,52680,30,30,2185320
BANKNIFTY-I.NFO,16/07/2024,09:19:58,52678,52678,465,52680,30,30,2185320
BANKNIFTY-I.NFO,16/07/2024,09:20:00,52675,52670,15,52675.25,120,525,2185320
BANKNIFTY-I.NFO,16/07/2024,09:20:02,52674.25,52668,15,52674.5,15,240,2185320
BANKNIFTY-I.NFO,16/07/2024,09:20:03,52662,52661,15,52663.45,15,120,2185320
BANKNIFTY-I.NFO,16/07/2024,09:20:05,52652,52652.1,15,52660,15,105,2185320
BANKNIFTY-I.NFO,16/07/2024,09:20:07,52660,52663.05,15,52672.25,105,255,2185320
BANKNIFTY-I.NFO,16/07/2024,09:20:08,52664.95,52664.1,120,52673.9,120,75,2185320
BANKNIFTY-I.NFO,16/07/2024,09:20:10,52662.05,52656.1,135,52667.05,105,45,2185320
BANKNIFTY-I.NFO,16/07/2024,09:20:12,52652.05,52652.1,135,52663.3,105,30,2185320
BANKNIFTY-I.NFO,16/07/2024,09:20:13,52664.45,52653.5,120,52664.45,105,15,2185320
BANKNIFTY-I.NFO,16/07/2024,09:20:15,52664.45,52660,15,52664.6,90,0,2185320
BANKNIFTY-I.NFO,16/07/2024,09:20:17,52664.45,52660,15,52663.05,15,0,2185320
BANKNIFTY-I.NFO,16/07/2024,09:20:18,52663.05,52661.55,15,52666.25,90,15,2185320
BANKNIFTY-I.NFO,16/07/2024,09:20:20,52660,52660,120,52667.15,45,30,2185320
BANKNIFTY-I.NFO,16/07/2024,09:20:22,52670,52660.55,135,52664.45,60,30,2185320
BANKNIFTY-I.NFO,16/07/2024,09:20:23,52661.15,52661.5,135,52664.45,75,15,2185320
BANKNIFTY-I.NFO,16/07/2024,09:20:25,52664.05,52663.75,120,52667.15,60,90,2185320
BANKNIFTY-I.NFO,16/07/2024,09:20:27,52663.1,52663.05,15,52664.45,45,45,2185320
BANKNIFTY-I.NFO,16/07/2024,09:20:28,52664.4,52663.05,15,52664.4,15,75,2185320
BANKNIFTY-I.NFO,16/07/2024,09:20:30,52664.4,52663.3,90,52670,120,30,2185320
BANKNIFTY-I.NFO,16/07/2024,09:20:32,52670,52667.1,60,52670,75,75,2185320
BANKNIFTY-I.NFO,16/07/2024,09:20:33,52674.85,52669.05,60,52675,135,120,2185320
BANKNIFTY-I.NFO,16/07/2024,09:20:35,52675,52670.55,30,52675,120,480,2185320
BANKNIFTY-I.NFO,16/07/2024,09:20:37,52675,52670.9,45,52678,210,120,2185320
BANKNIFTY-I.NFO,16/07/2024,09:20:38,52671.75,52672.35,15,52677.95,30,30,2185320
BANKNIFTY-I.NFO,16/07/2024,09:20:40,52672.4,52670.55,15,52672.35,375,105,2185320
BANKNIFTY-I.NFO,16/07/2024,09:20:42,52678,52671.8,15,52672.3,60,420,2185320
BANKNIFTY-I.NFO,16/07/2024,09:20:43,52664.85,52668,15,52670,150,45,2185320
BANKNIFTY-I.NFO,16/07/2024,09:20:45,52670,52670,720,52677.25,45,195,2185320
BANKNIFTY-I.NFO,16/07/2024,09:20:46,52670,52670,660,52675.35,15,60,2185320
BANKNIFTY-I.NFO,16/07/2024,09:20:48,52677.25,52672.3,15,52677.7,30,30,2185320
BANKNIFTY-I.NFO,16/07/2024,09:20:50,52670,52670,225,52677.1,15,480,2185320
BANKNIFTY-I.NFO,16/07/2024,09:20:51,52677.65,52670,225,52677.95,135,255,2185320
BANKNIFTY-I.NFO,16/07/2024,09:20:53,52675,52670,225,52677.75,120,30,2185320
BANKNIFTY-I.NFO,16/07/2024,09:20:55,52670,52670,210,52674.8,15,45,2185320
BANKNIFTY-I.NFO,16/07/2024,09:20:56,52670,52670,195,52675,45,30,2185320
BANKNIFTY-I.NFO,16/07/2024,09:20:58,52678.8,52671.9,30,52678.9,15,480,2185320
BANKNIFTY-I.NFO,16/07/2024,09:21:00,52672.15,52671.9,15,52678.9,30,90,2185320
BANKNIFTY-I.NFO,16/07/2024,09:21:01,52680,52672.05,30,52680,165,45,2185320
BANKNIFTY-I.NFO,16/07/2024,09:21:03,52680,52672.05,15,52679.7,30,0,2185320
BANKNIFTY-I.NFO,16/07/2024,09:21:05,52680,52675.9,30,52679.7,30,0,2185320
BANKNIFTY-I.NFO,16/07/2024,09:21:06,52670,52669.15,75,52678.15,15,180,2185320
BANKNIFTY-I.NFO,16/07/2024,09:21:08,52678.15,52677.35,15,52678.15,15,105,2185320
BANKNIFTY-I.NFO,16/07/2024,09:21:10,52678.15,52671.3,30,52680,150,30,2185320
BANKNIFTY-I.NFO,16/07/2024,09:21:11,52684.35,52678.45,30,52684.35,120,315,2185320
BANKNIFTY-I.NFO,16/07/2024,09:21:13,52690,52690.05,30,52695,90,885,2185320
BANKNIFTY-I.NFO,16/07/2024,09:21:15,52700,52696,30,52700,600,360,2185320
BANKNIFTY-I.NFO,16/07/2024,09:21:16,52696,52690,1995,52698.85,135,120,2185320
BANKNIFTY-I.NFO,16/07/2024,09:21:18,52698.85,52690,1725,52698.3,15,315,2185320
BANKNIFTY-I.NFO,16/07/2024,09:21:20,52698.2,52697.2,15,52698.3,30,195,2185320
BANKNIFTY-I.NFO,16/07/2024,09:21:21,52699.95,52697.2,15,52699.95,60,195,2185320
BANKNIFTY-I.NFO,16/07/2024,09:21:23,52699.95,52697.2,30,52698,15,45,2185320
BANKNIFTY-I.NFO,16/07/2024,09:21:25,52697.2,52697.2,15,52698,60,15,2185320
BANKNIFTY-I.NFO,16/07/2024,09:21:26,52697.95,52692.3,30,52697.95,45,90,2185320
BANKNIFTY-I.NFO,16/07/2024,09:21:28,52690,52690,1785,52693.3,15,45,2191335
BANKNIFTY-I.NFO,16/07/2024,09:21:30,52692.95,52690,1590,52692.05,15,225,2191335
BANKNIFTY-I.NFO,16/07/2024,09:21:31,52680,52680,30,52681.9,15,1695,2191335
BANKNIFTY-I.NFO,16/07/2024,09:21:33,52680,52680,210,52681.9,60,165,2191335
BANKNIFTY-I.NFO,16/07/2024,09:21:35,52681.35,52674.85,15,52679.45,30,390,2191335
BANKNIFTY-I.NFO,16/07/2024,09:21:36,52680,52670,285,52676.15,105,105,2191335
BANKNIFTY-I.NFO,16/07/2024,09:21:38,52680,52670.5,15,52679.35,15,510,2191335
BANKNIFTY-I.NFO,16/07/2024,09:21:40,52670,52669.3,30,52670,120,660,2191335
BANKNIFTY-I.NFO,16/07/2024,09:21:41,52668.25,52667.3,120,52670,180,165,2191335
BANKNIFTY-I.NFO,16/07/2024,09:21:43,52664.4,52663.1,15,52665,150,1230,2191335
BANKNIFTY-I.NFO,16/07/2024,09:21:45,52664.4,52664.4,15,52664.95,15,705,2191335
BANKNIFTY-I.NFO,16/07/2024,09:21:46,52665,52664.45,30,52665,45,1680,2191335
BANKNIFTY-I.NFO,16/07/2024,09:21:48,52665,52664.85,15,52665,105,1440,2191335
BANKNIFTY-I.NFO,16/07/2024,09:21:50,52665,52664.4,15,52665,120,330,2191335
BANKNIFTY-I.NFO,16/07/2024,09:21:51,52663.1,52661.85,105,52664.4,15,555,2191335
BANKNIFTY-I.NFO,16/07/2024,09:21:53,52664.4,52661.65,105,52664.4,15,15,2191335
BANKNIFTY-I.NFO,16/07/2024,09:21:55,52660,52659.95,15,52660,150,2880,2191335
BANKNIFTY-I.NFO,16/07/2024,09:21:56,52660.2,52660.75,180,52665,15,1410,2191335
BANKNIFTY-I.NFO,16/07/2024,09:21:58,52667.05,52659.95,15,52661.65,15,45,2191335
BANKNIFTY-I.NFO,16/07/2024,09:22:00,52668.65,52660,15,52667.45,120,150,2191335
BANKNIFTY-I.NFO,16/07/2024,09:22:01,52657,52655,30,52659.95,540,120,2191335
BANKNIFTY-I.NFO,16/07/2024,09:22:03,52650,52650,240,52654.6,15,510,2191335
BANKNIFTY-I.NFO,16/07/2024,09:22:05,52644,52640.3,15,52642.85,30,420,2191335
BANKNIFTY-I.NFO,16/07/2024,09:22:06,52645.6,52643.95,15,52652.95,15,345,2191335
BANKNIFTY-I.NFO,16/07/2024,09:22:08,52646.2,52647.25,45,52657.2,15,45,2191335
BANKNIFTY-I.NFO,16/07/2024,09:22:10,52650.3,52646.85,45,52650,150,780,2191335
BANKNIFTY-I.NFO,16/07/2024,09:22:11,52650,52645.05,90,52650,75,1275,2191335
BANKNIFTY-I.NFO,16/07/2024,09:22:13,52650,52645.85,75,52650,60,30,2191335
BANKNIFTY-I.NFO,16/07/2024,09:22:15,52646.2,52643,60,52646.2,15,15,2191335
BANKNIFTY-I.NFO,16/07/2024,09:22:16,52643.95,52639.55,165,52646.2,90,120,2191335
BANKNIFTY-I.NFO,16/07/2024,09:22:18,52653.9,52645,15,52646.2,45,450,2191335
BANKNIFTY-I.NFO,16/07/2024,09:22:20,52645.05,52643.9,135,52646.2,30,105,2191335
BANKNIFTY-I.NFO,16/07/2024,09:22:21,52650,52646.85,30,52650,135,4545,2191335
BANKNIFTY-I.NFO,16/07/2024,09:22:23,52650,52646.6,150,52649.95,15,135,2191335
BANKNIFTY-I.NFO,16/07/2024,09:22:25,52650,52649.6,75,52650,135,330,2191335
BANKNIFTY-I.NFO,16/07/2024,09:22:26,52650,52646.2,45,52650,135,5595,2191335
BANKNIFTY-I.NFO,16/07/2024,09:22:28,52657.85,52648.1,45,52650,150,465,2191335
BANKNIFTY-I.NFO,16/07/2024,09:22:30,52646.45,52648.4,120,52650,135,360,2191335
BANKNIFTY-I.NFO,16/07/2024,09:22:31,52648.4,52646.2,45,52648.3,30,105,2191335
BANKNIFTY-I.NFO,16/07/2024,09:22:33,52645,52645,15,52646.45,150,60,2191335
BANKNIFTY-I.NFO,16/07/2024,09:22:35,52645,52644,30,52646.45,180,15,2191335
BANKNIFTY-I.NFO,16/07/2024,09:22:36,52646.4,52645.15,90,52646.45,195,45,2191335
BANKNIFTY-I.NFO,16/07/2024,09:22:38,52646.9,52644,30,52646.4,15,255,2191335
BANKNIFTY-I.NFO,16/07/2024,09:22:40,52650,52646.4,225,52650,135,180,2191335
BANKNIFTY-I.NFO,16/07/2024,09:22:41,52650,52646.9,15,52650,120,30,2191335
BANKNIFTY-I.NFO,16/07/2024,09:22:43,52650,52648.7,165,52650,90,1365,2191335
BANKNIFTY-I.NFO,16/07/2024,09:22:45,52647.6,52645.5,30,52650,45,450,2191335
BANKNIFTY-I.NFO,16/07/2024,09:22:46,52650,52645.4,90,52650,30,15,2191335
BANKNIFTY-I.NFO,16/07/2024,09:22:48,52650,52648.4,15,52650,150,510,2191335
BANKNIFTY-I.NFO,16/07/2024,09:22:50,52650,52645,30,52649.85,30,0,2191335
BANKNIFTY-I.NFO,16/07/2024,09:22:51,52650,52645.45,75,52649.85,75,0,2191335
BANKNIFTY-I.NFO,16/07/2024,09:22:53,52645,52645,90,52649.85,45,90,2191335
BANKNIFTY-I.NFO,16/07/2024,09:22:55,52649.85,52645,105,52649.85,60,75,2191335
BANKNIFTY-I.NFO,16/07/2024,09:22:56,52641.35,52641.55,75,52648.55,15,225,2191335
BANKNIFTY-I.NFO,16/07/2024,09:22:58,52648.55,52643.95,150,52648.55,75,165,2191335
BANKNIFTY-I.NFO,16/07/2024,09:23:00,52648.55,52643.95,75,52648.55,60,90,2191335
BANKNIFTY-I.NFO,16/07/2024,09:23:01,52648.55,52643.95,75,52649.85,105,240,2191335
BANKNIFTY-I.NFO,16/07/2024,09:23:03,52644.1,52644.45,90,52649.85,90,60,2191335
BANKNIFTY-I.NFO,16/07/2024,09:23:05,52644.1,52645,15,52648.45,120,0,2191335
BANKNIFTY-I.NFO,16/07/2024,09:23:06,52648.4,52645,15,52648.4,120,15,2191335
BANKNIFTY-I.NFO,16/07/2024,09:23:08,52648.2,52644.9,15,52648.2,15,30,2191335
BANKNIFTY-I.NFO,16/07/2024,09:23:10,52644.9,52643.95,75,52648.15,135,30,2191335
BANKNIFTY-I.NFO,16/07/2024,09:23:11,52648.55,52645,90,52648.5,120,345,2191335
BANKNIFTY-I.NFO,16/07/2024,09:23:13,52647.25,52645,30,52647.3,15,105,2191335
BANKNIFTY-I.NFO,16/07/2024,09:23:15,52648.5,52644.25,30,52648.55,120,45,2191335
BANKNIFTY-I.NFO,16/07/2024,09:23:16,52650.8,52650.2,15,52658.7,120,1290,2191335
BANKNIFTY-I.NFO,16/07/2024,09:23:18,52650.8,52655.55,75,52656.7,135,0,2191335
BANKNIFTY-I.NFO,16/07/2024,09:23:20,52655.55,52650.2,15,52654.5,135,75,2191335
BANKNIFTY-I.NFO,16/07/2024,09:23:21,52653.45,52647.25,30,52653.35,90,45,2191335
BANKNIFTY-I.NFO,16/07/2024,09:23:23,52647.25,52647.25,15,52653.35,105,15,2191335
BANKNIFTY-I.NFO,16/07/2024,09:23:25,52647.25,52647.25,15,52653.3,30,0,2191335
BANKNIFTY-I.NFO,16/07/2024,09:23:26,52646.15,52645,135,52648.2,30,255,2191335
BANKNIFTY-I.NFO,16/07/2024,09:23:28,52646.15,52645,135,52648.2,15,0,2191335
BANKNIFTY-I.NFO,16/07/2024,09:23:30,52648.2,52645,135,52648.2,15,45,2191335
BANKNIFTY-I.NFO,16/07/2024,09:23:31,52650,52645.1,15,52651.95,15,45,2191335
BANKNIFTY-I.NFO,16/07/2024,09:23:33,52654.35,52653.45,45,52661.05,15,45,2191335
BANKNIFTY-I.NFO,16/07/2024,09:23:35,52652.85,52649.85,15,52659.8,30,15,2191335
BANKNIFTY-I.NFO,16/07/2024,09:23:36,52650.8,52650,15,52658.3,15,75,2191335
BANKNIFTY-I.NFO,16/07/2024,09:23:38,52648.55,52647.8,120,52657.85,15,105,2191335
BANKNIFTY-I.NFO,16/07/2024,09:23:40,52650.8,52648.95,120,52657.65,15,45,2191335
BANKNIFTY-I.NFO,16/07/2024,09:23:41,52649.4,52649.4,105,52657.65,15,75,2191335
BANKNIFTY-I.NFO,16/07/2024,09:23:43,52661.05,52660.95,90,52664.9,15,45,2191335
BANKNIFTY-I.NFO,16/07/2024,09:23:45,52664.75,52664,15,52670,15,90,2191335
BANKNIFTY-I.NFO,16/07/2024,09:23:46,52664.4,52664,15,52666.15,60,105,2191335
BANKNIFTY-I.NFO,16/07/2024,09:23:48,52670.4,52670.6,105,52679.35,15,690,2191335
BANKNIFTY-I.NFO,16/07/2024,09:23:50,52664.95,52664.9,15,52672.05,30,75,2191335
BANKNIFTY-I.NFO,16/07/2024,09:23:51,52664.95,52664.9,15,52672,30,0,2191335
BANKNIFTY-I.NFO,16/07/2024,09:23:53,52665.05,52666.05,15,52670.6,15,30,2191335
BANKNIFTY-I.NFO,16/07/2024,09:23:55,52673.85,52670.8,15,52680,30,150,2191335
BANKNIFTY-I.NFO,16/07/2024,09:23:56,52684.1,52673.6,15,52682.25,15,90,2191335
BANKNIFTY-I.NFO,16/07/2024,09:23:58,52684.1,52684.1,15,52690.7,15,300,2191335
BANKNIFTY-I.NFO,16/07/2024,09:24:00,52682.45,52679.9,120,52688.1,30,1230,2191335
BANKNIFTY-I.NFO,16/07/2024,09:24:01,52684.65,52676,15,52685.7,15,105,2191335
BANKNIFTY-I.NFO,16/07/2024,09:24:03,52683.85,52676,15,52681.1,15,105,2191335
BANKNIFTY-I.NFO,16/07/2024,09:24:05,52675,52670.6,120,52673.3,45,60,2191335
BANKNIFTY-I.NFO,16/07/2024,09:24:06,52672.8,52666.2,120,52673.3,120,135,2191335
BANKNIFTY-I.NFO,16/07/2024,09:24:08,52673.3,52673,30,52681.4,30,1050,2191335
BANKNIFTY-I.NFO,16/07/2024,09:24:10,52673.3,52672.55,120,52681.35,15,0,2191335
BANKNIFTY-I.NFO,16/07/2024,09:24:11,52679.85,52679.85,585,52681.4,15,60,2191335
BANKNIFTY-I.NFO,16/07/2024,09:24:13,52679.85,52679.85,585,52681.4,30,0,2191335
BANKNIFTY-I.NFO,16/07/2024,09:24:15,52680,52680,75,52685.8,30,990,2191335
BANKNIFTY-I.NFO,16/07/2024,09:24:16,52680,52680,105,52684.85,15,0,2191335
BANKNIFTY-I.NFO,16/07/2024,09:24:18,52684.85,52680.1,15,52684.85,15,45,2191335
BANKNIFTY-I.NFO,16/07/2024,09:24:19,52684.85,52681,15,52684.85,15,45,2191335
BANKNIFTY-I.NFO,16/07/2024,09:24:21,52688.5,52680,60,52684.1,15,1590,2191335
BANKNIFTY-I.NFO,16/07/2024,09:24:23,52678.25,52667.9,15,52678.25,15,165,2191335
BANKNIFTY-I.NFO,16/07/2024,09:24:24,52666,52665.45,135,52674.6,15,60,2191335
BANKNIFTY-I.NFO,16/07/2024,09:24:26,52675,52667.35,30,52677.75,15,180,2191335
BANKNIFTY-I.NFO,16/07/2024,09:24:28,52682.65,52669.5,30,52680.65,15,900,2193015
BANKNIFTY-I.NFO,16/07/2024,09:24:29,52667.75,52666.05,105,52668.45,15,225,2193015
BANKNIFTY-I.NFO,16/07/2024,09:24:31,52668.1,52658.05,30,52668,105,135,2193015
BANKNIFTY-I.NFO,16/07/2024,09:24:33,52668,52659.15,15,52668,15,60,2193015
BANKNIFTY-I.NFO,16/07/2024,09:24:34,52659.85,52658.7,15,52667.75,105,150,2193015
BANKNIFTY-I.NFO,16/07/2024,09:24:36,52659.75,52658.55,105,52667.7,60,60,2193015
BANKNIFTY-I.NFO,16/07/2024,09:24:38,52659.75,52661.8,30,52667.7,60,0,2193015
BANKNIFTY-I.NFO,16/07/2024,09:24:39,52658.25,52658.55,15,52667.6,120,60,2193015
BANKNIFTY-I.NFO,16/07/2024,09:24:41,52658.25,52662.95,45,52667.5,30,0,2193015
BANKNIFTY-I.NFO,16/07/2024,09:24:43,52658.25,52663.35,75,52667.45,30,0,2193015
BANKNIFTY-I.NFO,16/07/2024,09:24:44,52668.15,52666.15,45,52674.95,30,120,2193015
BANKNIFTY-I.NFO,16/07/2024,09:24:46,52673.7,52664.15,45,52674.2,120,15,2193015
BANKNIFTY-I.NFO,16/07/2024,09:24:48,52673.7,52665.15,45,52674.15,15,0,2193015
BANKNIFTY-I.NFO,16/07/2024,09:24:49,52678.2,52673.7,15,52678.2,90,150,2193015
BANKNIFTY-I.NFO,16/07/2024,09:24:51,52684.65,52673.7,15,52679.15,30,960,2193015
BANKNIFTY-I.NFO,16/07/2024,09:24:52,52677.65,52666.2,15,52676.55,15,480,2193015
BANKNIFTY-I.NFO,16/07/2024,09:24:54,52677.65,52671.4,15,52673.7,60,0,2193015
BANKNIFTY-I.NFO,16/07/2024,09:24:56,52677.65,52671.4,15,52673.6,30,0,2193015
BANKNIFTY-I.NFO,16/07/2024,09:24:57,52666.15,52664.9,120,52673.6,30,105,2193015
BANKNIFTY-I.NFO,16/07/2024,09:24:59,52674.15,52663.25,120,52673.95,15,1230,2193015
BANKNIFTY-I.NFO,16/07/2024,09:25:01,52665,52665,15,52670,15,75,2193015
BANKNIFTY-I.NFO,16/07/2024,09:25:02,52665,52660,15,52667.15,60,15,2193015
BANKNIFTY-I.NFO,16/07/2024,09:25:04,52664.8,52660,30,52667.1,15,15,2193015
BANKNIFTY-I.NFO,16/07/2024,09:25:06,52660,52659.85,15,52660,840,135,2193015
BANKNIFTY-I.NFO,16/07/2024,09:25:07,52660,52659.85,15,52660,720,120,2193015
BANKNIFTY-I.NFO,16/07/2024,09:25:09,52658,52657.05,330,52659.85,30,30,2193015
BANKNIFTY-I.NFO,16/07/2024,09:25:11,52657.05,52657.05,315,52659.85,60,15,2193015
BANKNIFTY-I.NFO,16/07/2024,09:25:12,52658,52657.1,45,52667.25,30,1005,2193015
BANKNIFTY-I.NFO,16/07/2024,09:25:14,52658,52662.5,45,52670,15,0,2193015
BANKNIFTY-I.NFO,16/07/2024,09:25:16,52673.6,52660,15,52667.9,30,30,2193015
BANKNIFTY-I.NFO,16/07/2024,09:25:17,52671.9,52663.95,15,52667.9,15,150,2193015
BANKNIFTY-I.NFO,16/07/2024,09:25:19,52663.95,52665.1,15,52667.9,30,15,2193015
BANKNIFTY-I.NFO,16/07/2024,09:25:21,52665.1,52660.75,15,52666.65,30,15,2193015
BANKNIFTY-I.NFO,16/07/2024,09:25:22,52671.7,52658.05,30,52665,15,930,2193015
BANKNIFTY-I.NFO,16/07/2024,09:25:24,52671.7,52659.8,30,52665,15,0,2193015
BANKNIFTY-I.NFO,16/07/2024,09:25:26,52665,52660,90,52668.35,15,15,2193015
BANKNIFTY-I.NFO,16/07/2024,09:25:27,52667.95,52660.3,120,52668.35,15,30,2193015
BANKNIFTY-I.NFO,16/07/2024,09:25:29,52661.35,52661.35,15,52668.35,75,15,2193015
BANKNIFTY-I.NFO,16/07/2024,09:25:31,52667.95,52661.05,30,52668.35,75,15,2193015
BANKNIFTY-I.NFO,16/07/2024,09:25:32,52659.8,52660.6,120,52668.3,60,255,2193015
BANKNIFTY-I.NFO,16/07/2024,09:25:34,52668.35,52660.5,15,52668.3,75,450,2193015
BANKNIFTY-I.NFO,16/07/2024,09:25:36,52673.55,52660.6,30,52671.8,15,330,2193015
BANKNIFTY-I.NFO,16/07/2024,09:25:37,52665,52660.5,15,52667.1,90,105,2193015
BANKNIFTY-I.NFO,16/07/2024,09:25:39,52657.05,52656,15,52661.35,15,450,2193015
BANKNIFTY-I.NFO,16/07/2024,09:25:41,52660,52656,15,52661.35,60,90,2193015
BANKNIFTY-I.NFO,16/07/2024,09:25:42,52665.25,52656,15,52666.7,45,2580,2193015
BANKNIFTY-I.NFO,16/07/2024,09:25:44,52655,52655,105,52663.55,15,510,2193015
BANKNIFTY-I.NFO,16/07/2024,09:25:46,52660.3,52651.7,30,52660.7,15,135,2193015
BANKNIFTY-I.NFO,16/07/2024,09:25:47,52658.5,52650,360,52658.55,15,15,2193015
BANKNIFTY-I.NFO,16/07/2024,09:25:49,52658.5,52650,360,52651.65,15,0,2193015
BANKNIFTY-I.NFO,16/07/2024,09:25:51,52658.5,52650,360,52651.65,60,0,2193015
BANKNIFTY-I.NFO,16/07/2024,09:25:52,52650,52650,360,52651.65,60,15,2193015
BANKNIFTY-I.NFO,16/07/2024,09:25:54,52650,52650,345,52651.65,60,15,2193015
BANKNIFTY-I.NFO,16/07/2024,09:25:56,52654,52655.4,15,52660.3,15,90,2193015
BANKNIFTY-I.NFO,16/07/2024,09:25:57,52660.3,52659.5,120,52665,15,60,2193015
BANKNIFTY-I.NFO,16/07/2024,09:25:59,52660,52659.5,15,52665,30,15,2193015
BANKNIFTY-I.NFO,16/07/2024,09:26:01,52665,52660.3,450,52665,30,15,2193015
BANKNIFTY-I.NFO,16/07/2024,09:26:02,52660.3,52660.3,420,52665,30,30,2193015
BANKNIFTY-I.NFO,16/07/2024,09:26:04,52660.3,52656.7,120,52665,15,450,2193015
BANKNIFTY-I.NFO,16/07/2024,09:26:06,52660,52654,15,52664.3,45,450,2193015
BANKNIFTY-I.NFO,16/07/2024,09:26:07,52652.25,52652.25,120,52663.45,45,60,2193015
BANKNIFTY-I.NFO,16/07/2024,09:26:09,52647.25,52647.25,15,52654.35,45,540,2193015
BANKNIFTY-I.NFO,16/07/2024,09:26:10,52656.35,52647.25,15,52654.25,15,30,2193015
BANKNIFTY-I.NFO,16/07/2024,09:26:12,52647.25,52646.4,45,52652.7,15,15,2193015
BANKNIFTY-I.NFO,16/07/2024,09:26:14,52600,52592.2,120,52605.7,120,10830,2193015
BANKNIFTY-I.NFO,16/07/2024,09:26:14,52577.4,52592.2,120,52605.7,120,0,2193015
BANKNIFTY-I.NFO,16/07/2024,09:26:16,52592.7,52593.9,120,52600.25,30,990,2193015
BANKNIFTY-I.NFO,16/07/2024,09:26:17,52624.85,52626.55,105,52631.85,15,600,2193015
BANKNIFTY-I.NFO,16/07/2024,09:26:19,52635.7,52630,105,52637.2,45,120,2193015
BANKNIFTY-I.NFO,16/07/2024,09:26:21,52635.2,52624.85,15,52634.6,30,315,2193015
BANKNIFTY-I.NFO,16/07/2024,09:26:22,52645.9,52644.9,45,52648.3,15,270,2193015
BANKNIFTY-I.NFO,16/07/2024,09:26:24,52648.3,52643.1,150,52651.55,15,120,2193015
BANKNIFTY-I.NFO,16/07/2024,09:26:25,52658.4,52654.85,45,52660,45,60,2193015
BANKNIFTY-I.NFO,16/07/2024,09:26:27,52643.95,52639.7,45,52651.2,45,480,2193015
BANKNIFTY-I.NFO,16/07/2024,09:26:29,52643.95,52638,15,52647.8,15,0,2193015
BANKNIFTY-I.NFO,16/07/2024,09:26:30,52645,52643.35,15,52650.15,45,465,2193015
BANKNIFTY-I.NFO,16/07/2024,09:26:32,52647.85,52635.05,120,52644.75,15,615,2193015
BANKNIFTY-I.NFO,16/07/2024,09:26:34,52627.05,52628.4,30,52637.9,45,195,2193015
BANKNIFTY-I.NFO,16/07/2024,09:26:35,52640,52629.15,15,52638.7,45,90,2193015
BANKNIFTY-I.NFO,16/07/2024,09:26:37,52626.4,52622.95,15,52633.65,30,45,2193015
BANKNIFTY-I.NFO,16/07/2024,09:26:39,52623.6,52608.3,135,52619.3,30,60,2193015
BANKNIFTY-I.NFO,16/07/2024,09:26:40,52623.4,52614.8,15,52624.6,15,120,2193015
BANKNIFTY-I.NFO,16/07/2024,09:26:42,52618.7,52617.1,120,52624.6,45,180,2193015
BANKNIFTY-I.NFO,16/07/2024,09:26:44,52624.6,52621.25,120,52626.4,15,90,2193015
BANKNIFTY-I.NFO,16/07/2024,09:26:45,52626.4,52627.55,15,52636.8,45,45,2193015
BANKNIFTY-I.NFO,16/07/2024,09:26:47,52625.15,52632.2,15,52640.8,45,45,2193015
BANKNIFTY-I.NFO,16/07/2024,09:26:49,52633.1,52635.4,120,52646.3,60,60,2193015
BANKNIFTY-I.NFO,16/07/2024,09:26:50,52638,52635.65,120,52647.25,30,360,2193015
BANKNIFTY-I.NFO,16/07/2024,09:26:52,52634.1,52634.2,120,52644.4,90,60,2193015
BANKNIFTY-I.NFO,16/07/2024,09:26:54,52637.05,52641.3,120,52646.4,15,60,2193015
BANKNIFTY-I.NFO,16/07/2024,09:26:55,52637.05,52642.45,120,52646.4,15,0,2193015
BANKNIFTY-I.NFO,16/07/2024,09:26:57,52647.85,52638,90,52648.8,120,75,2193015
BANKNIFTY-I.NFO,16/07/2024,09:26:59,52648.05,52637.1,105,52639.65,105,30,2193015
BANKNIFTY-I.NFO,16/07/2024,09:27:00,52639.7,52641.8,30,52650,60,225,2193015
BANKNIFTY-I.NFO,16/07/2024,09:27:02,52639.45,52636.9,15,52647.8,15,15,2193015
BANKNIFTY-I.NFO,16/07/2024,09:27:04,52642.45,52632.55,30,52642.05,30,30,2193015
BANKNIFTY-I.NFO,16/07/2024,09:27:05,52642.45,52640,15,52643.85,15,0,2193015
BANKNIFTY-I.NFO,16/07/2024,09:27:07,52640,52629.5,15,52639.6,15,45,2193015
BANKNIFTY-I.NFO,16/07/2024,09:27:09,52630,52623.6,15,52633.15,15,60,2193015
BANKNIFTY-I.NFO,16/07/2024,09:27:10,52630,52623.85,15,52631.8,15,0,2193015
BANKNIFTY-I.NFO,16/07/2024,09:27:12,52623.6,52620,315,52622.8,15,30,2193015
BANKNIFTY-I.NFO,16/07/2024,09:27:14,52635.6,52630,15,52636.8,15,330,2193015
BANKNIFTY-I.NFO,16/07/2024,09:27:15,52630,52631.1,120,52636.8,15,45,2193015
BANKNIFTY-I.NFO,16/07/2024,09:27:17,52639.55,52635.45,120,52644.75,60,45,2193015
BANKNIFTY-I.NFO,16/07/2024,09:27:19,52640.7,52640.1,45,52650,60,255,2193015
BANKNIFTY-I.NFO,16/07/2024,09:27:20,52638.1,52636.5,30,52646.4,15,45,2193015
BANKNIFTY-I.NFO,16/07/2024,09:27:22,52638.1,52636.3,15,52646.75,30,135,2193015
BANKNIFTY-I.NFO,16/07/2024,09:27:24,52637.75,52638.55,45,52647.55,15,60,2193015
BANKNIFTY-I.NFO,16/07/2024,09:27:25,52646.4,52637.95,15,52647.55,30,450,2193015
BANKNIFTY-I.NFO,16/07/2024,09:27:27,52637.5,52637.4,15,52647.35,45,45,2193015
BANKNIFTY-I.NFO,16/07/2024,09:27:29,52638.6,52637,15,52647.15,120,495,2203485
BANKNIFTY-I.NFO,16/07/2024,09:27:30,52646.2,52637,15,52644.85,105,30,2203485
BANKNIFTY-I.NFO,16/07/2024,09:27:32,52637,52631.4,15,52639.65,90,15,2203485
BANKNIFTY-I.NFO,16/07/2024,09:27:34,52630,52628.8,15,52639.5,15,150,2203485
BANKNIFTY-I.NFO,16/07/2024,09:27:35,52635,52629.55,120,52639.5,30,15,2203485
BANKNIFTY-I.NFO,16/07/2024,09:27:37,52629.6,52628.9,15,52639.4,30,75,2203485
BANKNIFTY-I.NFO,16/07/2024,09:27:39,52627.2,52626,30,52635.2,15,15,2203485
BANKNIFTY-I.NFO,16/07/2024,09:27:40,52631,52629.6,15,52633.35,30,15,2203485
BANKNIFTY-I.NFO,16/07/2024,09:27:42,52629.55,52626.55,30,52637.75,15,435,2203485
BANKNIFTY-I.NFO,16/07/2024,09:27:44,52626.5,52627.45,15,52637.5,30,30,2203485
BANKNIFTY-I.NFO,16/07/2024,09:27:45,52637.5,52626,30,52635,15,15,2203485
BANKNIFTY-I.NFO,16/07/2024,09:27:47,52629.5,52626.5,15,52635,15,15,2203485
BANKNIFTY-I.NFO,16/07/2024,09:27:49,52635,52625.6,15,52631.05,45,285,2203485
BANKNIFTY-I.NFO,16/07/2024,09:27:50,52631.05,52625.6,15,52634.15,30,30,2203485
BANKNIFTY-I.NFO,16/07/2024,09:27:52,52632.3,52625.6,15,52632.5,15,15,2203485
BANKNIFTY-I.NFO,16/07/2024,09:27:54,52625.6,52620.4,15,52625.3,15,90,2203485
BANKNIFTY-I.NFO,16/07/2024,09:27:55,52618,52615.05,45,52624.1,15,660,2203485
BANKNIFTY-I.NFO,16/07/2024,09:27:57,52618,52615,15,52621.85,15,0,2203485
BANKNIFTY-I.NFO,16/07/2024,09:27:59,52610.55,52610,60,52612.7,15,90,2203485
BANKNIFTY-I.NFO,16/07/2024,09:28:00,52604.05,52604,30,52605.55,15,675,2203485
BANKNIFTY-I.NFO,16/07/2024,09:28:02,52612.7,52606.05,120,52612.7,15,45,2203485
BANKNIFTY-I.NFO,16/07/2024,09:28:03,52612.7,52607.95,105,52612.7,15,60,2203485
BANKNIFTY-I.NFO,16/07/2024,09:28:05,52612.75,52612.7,240,52621.3,15,150,2203485
BANKNIFTY-I.NFO,16/07/2024,09:28:07,52622.35,52612.75,105,52622.8,120,285,2203485
BANKNIFTY-I.NFO,16/07/2024,09:28:08,52619.95,52612.7,225,52619.55,30,120,2203485
BANKNIFTY-I.NFO,16/07/2024,09:28:10,52618.45,52612.7,225,52619.2,15,30,2203485
BANKNIFTY-I.NFO,16/07/2024,09:28:12,52619.2,52612.7,225,52618.65,15,120,2203485
BANKNIFTY-I.NFO,16/07/2024,09:28:13,52612.7,52615.95,15,52618.65,15,15,2203485
BANKNIFTY-I.NFO,16/07/2024,09:28:15,52620,52620.15,15,52624.95,15,120,2203485
BANKNIFTY-I.NFO,16/07/2024,09:28:17,52624.95,52620.15,15,52624.95,15,45,2203485
BANKNIFTY-I.NFO,16/07/2024,09:28:18,52610.9,52613.45,60,52621.25,15,120,2203485
BANKNIFTY-I.NFO,16/07/2024,09:28:20,52612.7,52608.95,15,52619,45,180,2203485
BANKNIFTY-I.NFO,16/07/2024,09:28:22,52608.4,52604.95,30,52614.45,15,30,2203485
BANKNIFTY-I.NFO,16/07/2024,09:28:25,52601,52601,30,52605.15,15,270,2203485
BANKNIFTY-I.NFO,16/07/2024,09:28:27,52600,52600,75,52603.95,15,600,2203485
BANKNIFTY-I.NFO,16/07/2024,09:28:28,52604.85,52603.05,45,52612.7,150,285,2203485
BANKNIFTY-I.NFO,16/07/2024,09:28:30,52612.7,52609.7,15,52612.7,120,135,2203485
BANKNIFTY-I.NFO,16/07/2024,09:28:32,52603.6,52601.45,45,52612.55,15,60,2203485
BANKNIFTY-I.NFO,16/07/2024,09:28:34,52603.6,52606.5,60,52610,15,0,2203485
BANKNIFTY-I.NFO,16/07/2024,09:28:35,52610.7,52611.75,45,52617.9,105,360,2203485
BANKNIFTY-I.NFO,16/07/2024,09:28:37,52615,52612.35,15,52617.9,60,60,2203485
BANKNIFTY-I.NFO,16/07/2024,09:28:39,52617.9,52612.35,15,52617.9,45,30,2203485
BANKNIFTY-I.NFO,16/07/2024,09:28:40,52607.55,52608.4,30,52612.65,30,585,2203485
BANKNIFTY-I.NFO,16/07/2024,09:28:42,52615,52610.75,30,52617.9,30,180,2203485
BANKNIFTY-I.NFO,16/07/2024,09:28:44,52619.75,52607.95,15,52617.85,150,240,2203485
BANKNIFTY-I.NFO,16/07/2024,09:28:45,52617.8,52608.85,15,52615,15,45,2203485
BANKNIFTY-I.NFO,16/07/2024,09:28:47,52617.8,52608.8,15,52611.95,30,0,2203485
BANKNIFTY-I.NFO,16/07/2024,09:28:49,52612.95,52608.1,30,52611.9,30,30,2203485
BANKNIFTY-I.NFO,16/07/2024,09:28:50,52611.9,52608.45,15,52617.75,30,60,2203485
BANKNIFTY-I.NFO,16/07/2024,09:28:52,52616.35,52608.1,15,52616.35,120,465,2203485
BANKNIFTY-I.NFO,16/07/2024,09:28:53,52608.35,52608,15,52616.3,15,45,2203485
BANKNIFTY-I.NFO,16/07/2024,09:28:55,52605.7,52605,15,52609.25,135,165,2203485
BANKNIFTY-I.NFO,16/07/2024,09:28:57,52595.2,52590.55,30,52600.5,120,630,2203485
BANKNIFTY-I.NFO,16/07/2024,09:28:58,52595.2,52590,165,52596.5,135,0,2203485
BANKNIFTY-I.NFO,16/07/2024,09:29:00,52596.5,52590,120,52596.5,75,105,2203485
BANKNIFTY-I.NFO,16/07/2024,09:29:02,52590,52590.05,30,52596.5,75,180,2203485
BANKNIFTY-I.NFO,16/07/2024,09:29:03,52590.75,52595.2,30,52596.5,420,315,2203485
BANKNIFTY-I.NFO,16/07/2024,09:29:05,52596.95,52596.5,255,52600.45,90,555,2203485
BANKNIFTY-I.NFO,16/07/2024,09:29:07,52596.35,52595.5,30,52604.75,15,360,2203485
BANKNIFTY-I.NFO,16/07/2024,09:29:08,52606.4,52600.05,15,52608.35,15,30,2203485
BANKNIFTY-I.NFO,16/07/2024,09:29:10,52600.4,52600,30,52609.4,120,60,2203485
BANKNIFTY-I.NFO,16/07/2024,09:29:12,52608,52603.65,75,52609.95,15,210,2203485
BANKNIFTY-I.NFO,16/07/2024,09:29:13,52609.95,52602.6,45,52612.65,30,30,2203485
BANKNIFTY-I.NFO,16/07/2024,09:29:15,52610.7,52602.7,15,52611.95,120,75,2203485
BANKNIFTY-I.NFO,16/07/2024,09:29:17,52611.95,52607.85,45,52612.6,45,30,2203485
BANKNIFTY-I.NFO,16/07/2024,09:29:18,52612,52604.5,45,52612,60,75,2203485
BANKNIFTY-I.NFO,16/07/2024,09:29:20,52606.25,52601,15,52609.3,120,45,2203485
BANKNIFTY-I.NFO,16/07/2024,09:29:22,52605.95,52600.35,15,52604.65,30,45,2203485
BANKNIFTY-I.NFO,16/07/2024,09:29:23,52608.95,52601,15,52609.05,120,45,2203485
BANKNIFTY-I.NFO,16/07/2024,09:29:25,52600.1,52602.45,15,52605.3,135,75,2203485
BANKNIFTY-I.NFO,16/07/2024,09:29:27,52603.6,52603.6,15,52605.25,60,60,2203485
BANKNIFTY-I.NFO,16/07/2024,09:29:28,52605.2,52597.45,15,52606.7,75,75,2203485
BANKNIFTY-I.NFO,16/07/2024,09:29:30,52601.55,52596.35,150,52601.55,45,45,2203485
BANKNIFTY-I.NFO,16/07/2024,09:29:32,52596.35,52596.35,90,52603.25,60,360,2203485
BANKNIFTY-I.NFO,16/07/2024,09:29:33,52600.05,52596.35,90,52603.7,30,45,2203485
BANKNIFTY-I.NFO,16/07/2024,09:29:35,52599.65,52593,15,52600.15,45,195,2203485
BANKNIFTY-I.NFO,16/07/2024,09:29:37,52596.35,52596.35,15,52604.25,45,45,2203485
BANKNIFTY-I.NFO,16/07/2024,09:29:38,52604.25,52601.75,15,52604.2,60,15,2203485
BANKNIFTY-I.NFO,16/07/2024,09:29:40,52604.15,52597.15,30,52604.15,105,60,2203485
BANKNIFTY-I.NFO,16/07/2024,09:29:42,52609.6,52600.15,15,52604.1,30,555,2203485
BANKNIFTY-I.NFO,16/07/2024,09:29:43,52609.6,52600.15,15,52604,15,0,2203485
BANKNIFTY-I.NFO,16/07/2024,09:29:45,52604.05,52600.15,15,52603.85,30,30,2203485
BANKNIFTY-I.NFO,16/07/2024,09:29:46,52603.85,52600.15,15,52603.85,30,45,2203485
BANKNIFTY-I.NFO,16/07/2024,09:29:48,52600.15,52600.1,30,52603.85,45,60,2203485
BANKNIFTY-I.NFO,16/07/2024,09:29:50,52603.85,52600,60,52603.85,60,150,2203485
BANKNIFTY-I.NFO,16/07/2024,09:29:51,52600,52600,30,52604,15,135,2203485
BANKNIFTY-I.NFO,16/07/2024,09:29:53,52600,52605,30,52608.8,30,135,2203485
BANKNIFTY-I.NFO,16/07/2024,09:29:55,52590,52590,405,52594.3,15,540,2203485
BANKNIFTY-I.NFO,16/07/2024,09:29:56,52605.5,52594.8,15,52605.45,15,210,2203485
BANKNIFTY-I.NFO,16/07/2024,09:29:58,52594.85,52593.2,30,52604.7,30,90,2203485
BANKNIFTY-I.NFO,16/07/2024,09:30:00,52593.25,52590,405,52597.5,60,15,2203485
BANKNIFTY-I.NFO,16/07/2024,09:30:01,52597.5,52591,15,52598,45,150,2203485
BANKNIFTY-I.NFO,16/07/2024,09:30:03,52600,52595.35,30,52600,30,60,2203485
BANKNIFTY-I.NFO,16/07/2024,09:30:05,52604.85,52604.85,135,52609.05,30,90,2203485
BANKNIFTY-I.NFO,16/07/2024,09:30:06,52600,52600,105,52607.85,45,180,2203485
BANKNIFTY-I.NFO,16/07/2024,09:30:08,52600,52600,45,52607.1,15,135,2203485
BANKNIFTY-I.NFO,16/07/2024,09:30:10,52607.1,52601.55,30,52607.1,15,30,2203485
BANKNIFTY-I.NFO,16/07/2024,09:30:11,52600,52595.55,15,52604.6,30,225,2203485
BANKNIFTY-I.NFO,16/07/2024,09:30:13,52598.45,52590,330,52599.3,45,480,2203485
BANKNIFTY-I.NFO,16/07/2024,09:30:15,52601.95,52594.05,135,52603.1,45,165,2203485
BANKNIFTY-I.NFO,16/07/2024,09:30:16,52591.25,52591.35,120,52600.55,15,15,2203485
BANKNIFTY-I.NFO,16/07/2024,09:30:18,52602.65,52593.85,30,52602.85,120,585,2203485
BANKNIFTY-I.NFO,16/07/2024,09:30:20,52602.75,52592.1,120,52602.4,105,135,2203485
BANKNIFTY-I.NFO,16/07/2024,09:30:21,52590.05,52592,15,52598.85,105,15,2203485
BANKNIFTY-I.NFO,16/07/2024,09:30:23,52580,52575.05,30,52580,870,12990,2203485
BANKNIFTY-I.NFO,16/07/2024,09:30:23,52558.6,52575.05,30,52580,870,0,2203485
BANKNIFTY-I.NFO,16/07/2024,09:30:25,52591.1,52592.1,75,52600.95,15,1020,2203485
BANKNIFTY-I.NFO,16/07/2024,09:30:26,52594.45,52592.1,60,52602.1,15,180,2203485
BANKNIFTY-I.NFO,16/07/2024,09:30:28,52605.55,52597.55,15,52607.1,30,45,2203485
BANKNIFTY-I.NFO,16/07/2024,09:30:30,52606.5,52606.2,15,52607.05,30,510,2197170
BANKNIFTY-I.NFO,16/07/2024,09:30:31,52607.05,52600.5,15,52607,30,30,2197170
BANKNIFTY-I.NFO,16/07/2024,09:30:33,52599.25,52600.9,15,52606.95,45,45,2197170
BANKNIFTY-I.NFO,16/07/2024,09:30:35,52606.55,52611.4,15,52617.85,150,1350,2197170
BANKNIFTY-I.NFO,16/07/2024,09:30:36,52629,52628.75,15,52630,30,1215,2197170
BANKNIFTY-I.NFO,16/07/2024,09:30:38,52630.9,52630.2,15,52631.6,30,180,2197170
BANKNIFTY-I.NFO,16/07/2024,09:30:40,52616.65,52616.05,45,52623.85,30,285,2197170
BANKNIFTY-I.NFO,16/07/2024,09:30:41,52624.3,52616.05,15,52624.3,15,90,2197170
BANKNIFTY-I.NFO,16/07/2024,09:30:43,52624.3,52616.55,120,52624.3,75,330,2197170
BANKNIFTY-I.NFO,16/07/2024,09:30:45,52610.5,52600.05,15,52608.95,45,135,2197170
BANKNIFTY-I.NFO,16/07/2024,09:30:46,52611.65,52600.35,15,52610.1,30,120,2197170
BANKNIFTY-I.NFO,16/07/2024,09:30:48,52600.05,52601.85,15,52611.65,30,15,2197170
BANKNIFTY-I.NFO,16/07/2024,09:30:50,52601.85,52600.1,15,52610.45,30,15,2197170
BANKNIFTY-I.NFO,16/07/2024,09:30:51,52610.85,52600.1,30,52610,45,15,2197170
BANKNIFTY-I.NFO,16/07/2024,09:30:53,52605.15,52605.6,120,52610,60,90,2197170
BANKNIFTY-I.NFO,16/07/2024,09:30:55,52614.3,52605.2,15,52615.55,15,360,2197170
BANKNIFTY-I.NFO,16/07/2024,09:30:56,52615.55,52610,120,52615.55,15,15,2197170
BANKNIFTY-I.NFO,16/07/2024,09:30:58,52613.7,52614.4,30,52623.85,15,120,2197170
BANKNIFTY-I.NFO,16/07/2024,09:31:00,52614.4,52611.45,15,52622.15,30,30,2197170
BANKNIFTY-I.NFO,16/07/2024,09:31:01,52610.05,52612.5,15,52622.05,15,30,2197170
BANKNIFTY-I.NFO,16/07/2024,09:31:03,52620.8,52617.3,15,52620.85,30,30,2197170
BANKNIFTY-I.NFO,16/07/2024,09:31:05,52622.05,52614.3,15,52618.55,45,375,2197170
BANKNIFTY-I.NFO,16/07/2024,09:31:06,52610,52610,150,52614.95,45,90,2197170
BANKNIFTY-I.NFO,16/07/2024,09:31:08,52614.3,52607.1,15,52614.95,90,180,2197170
BANKNIFTY-I.NFO,16/07/2024,09:31:10,52610,52606,15,52610.25,15,90,2197170
BANKNIFTY-I.NFO,16/07/2024,09:31:11,52594.45,52592.45,15,52601.45,15,450,2197170
BANKNIFTY-I.NFO,16/07/2024,09:31:13,52601.45,52593.95,30,52601.45,150,90,2197170
BANKNIFTY-I.NFO,16/07/2024,09:31:15,52601.45,52594.05,15,52601.4,45,120,2197170
BANKNIFTY-I.NFO,16/07/2024,09:31:16,52601.45,52592.35,150,52593.15,90,0,2197170
BANKNIFTY-I.NFO,16/07/2024,09:31:18,52593.15,52592.35,150,52593.15,135,15,2197170
BANKNIFTY-I.NFO,16/07/2024,09:31:20,52594.1,52594.15,15,52603.65,15,210,2197170
BANKNIFTY-I.NFO,16/07/2024,09:31:21,52600,52594.15,15,52600,150,360,2197170
BANKNIFTY-I.NFO,16/07/2024,09:31:23,52592.35,52595.85,120,52599.95,15,30,2197170
BANKNIFTY-I.NFO,16/07/2024,09:31:25,52602.65,52594.85,15,52603.5,45,180,2197170
BANKNIFTY-I.NFO,16/07/2024,09:31:26,52596,52594.1,105,52599.6,15,15,2197170
BANKNIFTY-I.NFO,16/07/2024,09:31:28,52599.6,52594.65,30,52599.6,75,60,2197170
BANKNIFTY-I.NFO,16/07/2024,09:31:30,52599.55,52596,15,52599.6,30,60,2197170
BANKNIFTY-I.NFO,16/07/2024,09:31:31,52592.35,52590.3,15,52595.6,15,240,2197170
BANKNIFTY-I.NFO,16/07/2024,09:31:33,52590.3,52590,300,52595.6,45,30,2197170
BANKNIFTY-I.NFO,16/07/2024,09:31:35,52595.6,52592.05,30,52595.6,30,30,2197170
BANKNIFTY-I.NFO,16/07/2024,09:31:36,52595.6,52592,15,52595.6,30,15,2197170
BANKNIFTY-I.NFO,16/07/2024,09:31:38,52605,52600,30,52605,165,90,2197170
BANKNIFTY-I.NFO,16/07/2024,09:31:40,52604.95,52603.2,120,52605,150,75,2197170
BANKNIFTY-I.NFO,16/07/2024,09:31:41,52612.9,52607.7,135,52616.8,15,225,2197170
BANKNIFTY-I.NFO,16/07/2024,09:31:43,52616.55,52608.8,120,52616.8,45,30,2197170
BANKNIFTY-I.NFO,16/07/2024,09:31:45,52616.55,52616.55,300,52616.8,45,0,2197170
BANKNIFTY-I.NFO,16/07/2024,09:31:46,52616.8,52616.55,300,52616.75,15,15,2197170
BANKNIFTY-I.NFO,16/07/2024,09:31:48,52616.8,52616.8,270,52620,90,60,2197170
BANKNIFTY-I.NFO,16/07/2024,09:31:50,52616.8,52616.8,210,52620,90,60,2197170
BANKNIFTY-I.NFO,16/07/2024,09:31:51,52616.8,52616.8,210,52620,90,0,2197170
BANKNIFTY-I.NFO,16/07/2024,09:31:53,52618.4,52616.8,225,52620,60,45,2197170
BANKNIFTY-I.NFO,16/07/2024,09:31:55,52618.4,52616.8,225,52619.95,30,0,2197170
BANKNIFTY-I.NFO,16/07/2024,09:31:56,52616.8,52616.8,225,52619.95,30,15,2197170
BANKNIFTY-I.NFO,16/07/2024,09:31:58,52616.8,52616.8,45,52619.1,45,210,2197170
BANKNIFTY-I.NFO,16/07/2024,09:31:59,52609.55,52605,15,52609.55,15,420,2197170
BANKNIFTY-I.NFO,16/07/2024,09:32:01,52609.55,52605,15,52609.55,30,0,2197170
BANKNIFTY-I.NFO,16/07/2024,09:32:03,52604.15,52604.15,120,52613.6,15,120,2197170
BANKNIFTY-I.NFO,16/07/2024,09:32:04,52604.15,52604.9,135,52614.1,15,0,2197170
BANKNIFTY-I.NFO,16/07/2024,09:32:06,52614.8,52606.75,120,52615,15,15,2197170
BANKNIFTY-I.NFO,16/07/2024,09:32:08,52619.55,52610.05,120,52619.35,30,45,2197170
BANKNIFTY-I.NFO,16/07/2024,09:32:09,52618.7,52610.65,120,52619.65,30,30,2197170
BANKNIFTY-I.NFO,16/07/2024,09:32:11,52610.05,52615.15,15,52618.9,30,15,2197170
BANKNIFTY-I.NFO,16/07/2024,09:32:13,52619.95,52610.6,15,52619.95,15,390,2197170
BANKNIFTY-I.NFO,16/07/2024,09:32:14,52611.85,52615.65,60,52620,60,120,2197170
BANKNIFTY-I.NFO,16/07/2024,09:32:16,52624.95,52614,120,52622.75,15,300,2197170
BANKNIFTY-I.NFO,16/07/2024,09:32:18,52613.95,52613.95,90,52622.35,15,60,2197170
BANKNIFTY-I.NFO,16/07/2024,09:32:19,52620.75,52611.85,60,52621.15,15,45,2197170
BANKNIFTY-I.NFO,16/07/2024,09:32:21,52612.45,52610,45,52618.85,45,30,2197170
BANKNIFTY-I.NFO,16/07/2024,09:32:22,52621.2,52617.55,30,52625,75,300,2197170
BANKNIFTY-I.NFO,16/07/2024,09:32:24,52625,52620.4,300,52628.45,75,75,2197170
BANKNIFTY-I.NFO,16/07/2024,09:32:26,52628.6,52620.4,300,52628.15,30,240,2197170
BANKNIFTY-I.NFO,16/07/2024,09:32:27,52626.4,52620.4,285,52626.4,15,45,2197170
BANKNIFTY-I.NFO,16/07/2024,09:32:29,52624.1,52620.4,240,52626.6,60,75,2197170
BANKNIFTY-I.NFO,16/07/2024,09:32:30,52623.5,52620.4,255,52624.8,75,30,2197170
BANKNIFTY-I.NFO,16/07/2024,09:32:32,52622.65,52614.35,30,52622.45,15,375,2197170
BANKNIFTY-I.NFO,16/07/2024,09:32:34,52611.95,52611.95,15,52620.3,15,30,2197170
BANKNIFTY-I.NFO,16/07/2024,09:32:35,52620.25,52610,60,52611.6,465,15,2197170
BANKNIFTY-I.NFO,16/07/2024,09:32:37,52611.6,52610,45,52611.6,450,30,2197170
BANKNIFTY-I.NFO,16/07/2024,09:32:39,52610,52610,30,52611.6,405,60,2197170
BANKNIFTY-I.NFO,16/07/2024,09:32:40,52610,52610,30,52611.6,405,0,2197170
BANKNIFTY-I.NFO,16/07/2024,09:32:42,52610,52605,15,52611.6,405,30,2197170
BANKNIFTY-I.NFO,16/07/2024,09:32:43,52611.6,52602,15,52609.45,60,75,2197170
BANKNIFTY-I.NFO,16/07/2024,09:32:45,52611.6,52602,15,52610.9,45,0,2197170
BANKNIFTY-I.NFO,16/07/2024,09:32:47,52611.6,52602,15,52610.2,30,0,2197170
BANKNIFTY-I.NFO,16/07/2024,09:32:48,52610.2,52602.05,30,52611.6,345,15,2197170
BANKNIFTY-I.NFO,16/07/2024,09:32:50,52611,52601.95,15,52611.05,30,60,2197170
BANKNIFTY-I.NFO,16/07/2024,09:32:51,52601,52600.05,45,52601.95,90,30,2197170
BANKNIFTY-I.NFO,16/07/2024,09:32:53,52590,52585.25,30,52593,30,1095,2197170
BANKNIFTY-I.NFO,16/07/2024,09:32:55,52593.25,52593.2,30,52601.95,15,15,2197170
BANKNIFTY-I.NFO,16/07/2024,09:32:56,52591.7,52590.8,45,52600.3,15,15,2197170
BANKNIFTY-I.NFO,16/07/2024,09:32:58,52589.55,52591.2,30,52600.2,30,75,2197170
BANKNIFTY-I.NFO,16/07/2024,09:33:00,52596.2,52601.95,15,52609.85,45,120,2197170
BANKNIFTY-I.NFO,16/07/2024,09:33:01,52596.2,52602.1,30,52610,15,0,2197170
BANKNIFTY-I.NFO,16/07/2024,09:33:03,52607.8,52600.1,30,52609.95,75,45,2197170
BANKNIFTY-I.NFO,16/07/2024,09:33:05,52607.8,52606.85,30,52610,15,0,2197170
BANKNIFTY-I.NFO,16/07/2024,09:33:06,52610,52609.7,120,52611.6,360,15,2197170
BANKNIFTY-I.NFO,16/07/2024,09:33:08,52632,52618,30,52626.5,30,1065,2197170
BANKNIFTY-I.NFO,16/07/2024,09:33:10,52622.55,52612.8,120,52621.6,45,60,2197170
BANKNIFTY-I.NFO,16/07/2024,09:33:11,52615.4,52611.65,105,52615.4,30,60,2197170
BANKNIFTY-I.NFO,16/07/2024,09:33:13,52615.55,52613.2,60,52621.95,15,105,2197170
BANKNIFTY-I.NFO,16/07/2024,09:33:15,52613.65,52612.8,30,52615.6,15,195,2197170
BANKNIFTY-I.NFO,16/07/2024,09:33:16,52614.35,52614.5,15,52624.15,15,225,2197170
BANKNIFTY-I.NFO,16/07/2024,09:33:18,52608.45,52608.5,45,52614.35,15,5865,2197170
BANKNIFTY-I.NFO,16/07/2024,09:33:20,52615.4,52614.35,225,52619.4,15,30,2197170
BANKNIFTY-I.NFO,16/07/2024,09:33:21,52614.45,52615.2,45,52624.25,15,150,2197170
BANKNIFTY-I.NFO,16/07/2024,09:33:23,52614.4,52615.45,30,52622.85,15,15,2197170
BANKNIFTY-I.NFO,16/07/2024,09:33:25,52615.45,52616.35,45,52622.85,30,15,2197170
BANKNIFTY-I.NFO,16/07/2024,09:33:26,52615.45,52615.55,60,52622.85,30,0,2197170
BANKNIFTY-I.NFO,16/07/2024,09:33:28,52615.45,52616,45,52621.7,30,0,2197170
BANKNIFTY-I.NFO,16/07/2024,09:33:30,52624.3,52616,60,52624.65,30,540,2197170
BANKNIFTY-I.NFO,16/07/2024,09:33:31,52616,52616,45,52623.9,30,15,2196720
BANKNIFTY-I.NFO,16/07/2024,09:33:33,52616,52616,45,52619.95,15,0,2196720
BANKNIFTY-I.NFO,16/07/2024,09:33:35,52616,52621.25,90,52625,15,60,2196720
BANKNIFTY-I.NFO,16/07/2024,09:33:36,52630,52620.05,15,52626.8,15,120,2196720
BANKNIFTY-I.NFO,16/07/2024,09:33:38,52626.8,52620.05,30,52627,300,15,2196720
BANKNIFTY-I.NFO,16/07/2024,09:33:40,52625.35,52620.05,15,52624.95,30,30,2196720
BANKNIFTY-I.NFO,16/07/2024,09:33:41,52620.1,52613.5,45,52620.1,15,315,2196720
BANKNIFTY-I.NFO,16/07/2024,09:33:43,52620.1,52616.15,30,52620.1,30,30,2196720
BANKNIFTY-I.NFO,16/07/2024,09:33:45,52620.1,52619.65,15,52627,285,345,2196720
BANKNIFTY-I.NFO,16/07/2024,09:33:46,52630,52631.55,30,52635,15,495,2196720
BANKNIFTY-I.NFO,16/07/2024,09:33:48,52635,52624.95,45,52633.95,15,15,2196720
BANKNIFTY-I.NFO,16/07/2024,09:33:50,52625,52625.45,15,52632.95,15,105,2196720
BANKNIFTY-I.NFO,16/07/2024,09:33:51,52625,52630.6,15,52632.95,30,0,2196720
BANKNIFTY-I.NFO,16/07/2024,09:33:53,52639.95,52628.2,45,52638.75,120,195,2196720
BANKNIFTY-I.NFO,16/07/2024,09:33:55,52636.45,52635,15,52638.35,120,30,2196720
BANKNIFTY-I.NFO,16/07/2024,09:33:56,52625.45,52624.2,30,52634.15,120,105,2196720
BANKNIFTY-I.NFO,16/07/2024,09:33:58,52621.75,52620.45,15,52631.05,15,75,2196720
BANKNIFTY-I.NFO,16/07/2024,09:33:59,52632.6,52625,15,52631.05,30,15,2196720
BANKNIFTY-I.NFO,16/07/2024,09:34:01,52625.05,52625,30,52631,15,75,2196720
BANKNIFTY-I.NFO,16/07/2024,09:34:03,52631,52621.85,30,52631,30,120,2196720
BANKNIFTY-I.NFO,16/07/2024,09:34:04,52627.7,52617.3,30,52627.7,15,195,2196720
BANKNIFTY-I.NFO,16/07/2024,09:34:06,52627.55,52618.55,45,52627.7,60,15,2196720
BANKNIFTY-I.NFO,16/07/2024,09:34:08,52627.55,52620,30,52627.6,30,0,2196720
BANKNIFTY-I.NFO,16/07/2024,09:34:09,52627.55,52620,30,52625.6,120,0,2196720
BANKNIFTY-I.NFO,16/07/2024,09:34:11,52625.55,52622.1,15,52624.85,135,75,2196720
BANKNIFTY-I.NFO,16/07/2024,09:34:13,52622.1,52620,30,52624.8,60,15,2196720
BANKNIFTY-I.NFO,16/07/2024,09:34:14,52624.8,52621,15,52627.5,120,60,2196720
BANKNIFTY-I.NFO,16/07/2024,09:34:16,52627.3,52621,15,52627.6,120,15,2196720
BANKNIFTY-I.NFO,16/07/2024,09:34:18,52627.3,52626.1,300,52627.65,15,0,2196720
BANKNIFTY-I.NFO,16/07/2024,09:34:19,52631,52630.9,75,52638,15,105,2196720
BANKNIFTY-I.NFO,16/07/2024,09:34:21,52631,52626.15,75,52635.25,30,0,2196720
BANKNIFTY-I.NFO,16/07/2024,09:34:23,52635.25,52627.05,90,52637.55,15,30,2196720
BANKNIFTY-I.NFO,16/07/2024,09:34:24,52629.9,52627.05,15,52629.9,45,15,2196720
BANKNIFTY-I.NFO,16/07/2024,09:34:26,52629.9,52627.1,90,52629.9,30,15,2196720
BANKNIFTY-I.NFO,16/07/2024,09:34:27,52630,52628.35,90,52635,15,75,2196720
BANKNIFTY-I.NFO,16/07/2024,09:34:29,52641.8,52631.65,90,52641.55,15,645,2196720
BANKNIFTY-I.NFO,16/07/2024,09:34:31,52631.15,52629.9,15,52635.85,120,15,2196720
BANKNIFTY-I.NFO,16/07/2024,09:34:32,52644.3,52632.5,30,52642.3,45,255,2196720
BANKNIFTY-I.NFO,16/07/2024,09:34:34,52644.8,52635.55,15,52644.8,15,135,2196720
BANKNIFTY-I.NFO,16/07/2024,09:34:36,52639.75,52630,780,52638.85,90,120,2196720
BANKNIFTY-I.NFO,16/07/2024,09:34:37,52630,52634.25,15,52638.85,15,75,2196720
BANKNIFTY-I.NFO,16/07/2024,09:34:39,52646.6,52639.75,15,52643.95,45,120,2196720
BANKNIFTY-I.NFO,16/07/2024,09:34:41,52648.9,52639.75,15,52645.85,30,105,2196720
BANKNIFTY-I.NFO,16/07/2024,09:34:42,52645.85,52639.75,15,52645.9,30,15,2196720
BANKNIFTY-I.NFO,16/07/2024,09:34:44,52647,52639.75,15,52645.8,30,30,2196720
BANKNIFTY-I.NFO,16/07/2024,09:34:46,52634.45,52631.7,15,52642.2,30,60,2196720
BANKNIFTY-I.NFO,16/07/2024,09:34:47,52644.1,52634.55,30,52644.45,15,60,2196720
BANKNIFTY-I.NFO,16/07/2024,09:34:49,52645.85,52640,45,52646.35,45,45,2196720
BANKNIFTY-I.NFO,16/07/2024,09:34:51,52648,52640,45,52648,30,15,2196720
BANKNIFTY-I.NFO,16/07/2024,09:34:52,52647,52644.1,15,52647,15,30,2196720
BANKNIFTY-I.NFO,16/07/2024,09:34:54,52647,52645.85,15,52647,15,0,2196720
BANKNIFTY-I.NFO,16/07/2024,09:34:56,52645.85,52644.1,15,52647,45,15,2196720
BANKNIFTY-I.NFO,16/07/2024,09:34:58,52648,52644.1,15,52646.95,30,75,2196720
BANKNIFTY-I.NFO,16/07/2024,09:34:59,52646.95,52644.1,15,52649,15,45,2196720
BANKNIFTY-I.NFO,16/07/2024,09:35:01,52645.85,52645.85,450,52647,15,45,2196720
BANKNIFTY-I.NFO,16/07/2024,09:35:03,52647,52645.85,450,52650,495,45,2196720
BANKNIFTY-I.NFO,16/07/2024,09:35:04,52647,52645.85,450,52650,510,0,2196720
BANKNIFTY-I.NFO,16/07/2024,09:35:06,52645.85,52647,15,52650,510,15,2196720
BANKNIFTY-I.NFO,16/07/2024,09:35:07,52648.2,52645.85,435,52650,510,30,2196720
BANKNIFTY-I.NFO,16/07/2024,09:35:09,52648.2,52645.85,435,52647,615,0,2196720
BANKNIFTY-I.NFO,16/07/2024,09:35:11,52647,52644.1,15,52647,555,585,2196720
BANKNIFTY-I.NFO,16/07/2024,09:35:12,52645.45,52640,45,52646.9,45,75,2196720
BANKNIFTY-I.NFO,16/07/2024,09:35:14,52643.1,52634.9,135,52646.05,30,90,2196720
BANKNIFTY-I.NFO,16/07/2024,09:35:16,52645.75,52634.7,15,52645.1,30,15,2196720
BANKNIFTY-I.NFO,16/07/2024,09:35:17,52633.5,52630.85,120,52641.35,60,45,2196720
BANKNIFTY-I.NFO,16/07/2024,09:35:19,52630,52631.05,120,52635.8,60,45,2196720
BANKNIFTY-I.NFO,16/07/2024,09:35:21,52635.8,52631.5,120,52635.8,60,30,2196720
BANKNIFTY-I.NFO,16/07/2024,09:35:22,52635.8,52630.65,120,52634.75,15,0,2196720
BANKNIFTY-I.NFO,16/07/2024,09:35:24,52635.8,52630.05,120,52634.75,75,0,2196720
BANKNIFTY-I.NFO,16/07/2024,09:35:27,52638.2,52630.05,15,52637.45,30,195,2196720
BANKNIFTY-I.NFO,16/07/2024,09:35:29,52630,52630,795,52638.3,30,15,2196720
BANKNIFTY-I.NFO,16/07/2024,09:35:31,52630,52630.95,15,52640.5,30,0,2196720
BANKNIFTY-I.NFO,16/07/2024,09:35:32,52640.5,52630,810,52637.05,30,15,2196720
BANKNIFTY-I.NFO,16/07/2024,09:35:36,52638.85,52631,15,52639.85,30,60,2196720
BANKNIFTY-I.NFO,16/07/2024,09:35:37,52634.45,52632.95,120,52639.85,30,135,2196720
BANKNIFTY-I.NFO,16/07/2024,09:35:39,52634.45,52636.4,15,52639.85,30,0,2196720
BANKNIFTY-I.NFO,16/07/2024,09:35:41,52634.45,52637,15,52639.85,60,0,2196720
BANKNIFTY-I.NFO,16/07/2024,09:35:42,52639.8,52637.05,15,52639.8,15,30,2196720
BANKNIFTY-I.NFO,16/07/2024,09:35:44,52639.8,52638.45,15,52640,15,60,2196720
BANKNIFTY-I.NFO,16/07/2024,09:35:46,52634,52634.4,120,52640.5,15,60,2196720
BANKNIFTY-I.NFO,16/07/2024,09:35:47,52645.35,52635.45,15,52645,45,180,2196720
BANKNIFTY-I.NFO,16/07/2024,09:35:49,52645.35,52637.85,30,52645.75,165,0,2196720
BANKNIFTY-I.NFO,16/07/2024,09:35:51,52645.75,52638.35,15,52645.75,150,15,2196720
BANKNIFTY-I.NFO,16/07/2024,09:35:52,52647,52643.9,15,52647,510,240,2196720
BANKNIFTY-I.NFO,16/07/2024,09:35:54,52647,52646,45,52647,75,435,2196720
BANKNIFTY-I.NFO,16/07/2024,09:35:56,52645.75,52645.75,15,52647,15,435,2196720
BANKNIFTY-I.NFO,16/07/2024,09:35:57,52647,52645.8,120,52646.95,15,15,2196720
BANKNIFTY-I.NFO,16/07/2024,09:35:59,52647,52647,15,52650,615,30,2196720
BANKNIFTY-I.NFO,16/07/2024,09:36:01,52647,52646,30,52649.85,30,15,2196720
BANKNIFTY-I.NFO,16/07/2024,09:36:02,52647.1,52646.05,135,52649.85,15,105,2196720
BANKNIFTY-I.NFO,16/07/2024,09:36:04,52669,52662.65,15,52669,15,1560,2196720
BANKNIFTY-I.NFO,16/07/2024,09:36:06,52663.25,52650,15,52656.4,120,450,2196720
BANKNIFTY-I.NFO,16/07/2024,09:36:07,52659.6,52650.7,15,52659.6,15,60,2196720
BANKNIFTY-I.NFO,16/07/2024,09:36:09,52660.05,52656.1,30,52664.95,15,45,2196720
BANKNIFTY-I.NFO,16/07/2024,09:36:11,52667.5,52657.2,15,52666.35,120,75,2196720
BANKNIFTY-I.NFO,16/07/2024,09:36:12,52667.3,52659.6,30,52667.6,15,105,2196720
BANKNIFTY-I.NFO,16/07/2024,09:36:14,52669.3,52659.7,135,52669.35,30,180,2196720
BANKNIFTY-I.NFO,16/07/2024,09:36:16,52669.95,52666.35,225,52670,120,45,2196720
BANKNIFTY-I.NFO,16/07/2024,09:36:17,52666.55,52659.05,30,52668.65,15,375,2196720
BANKNIFTY-I.NFO,16/07/2024,09:36:19,52659,52657,150,52665.4,15,30,2196720
BANKNIFTY-I.NFO,16/07/2024,09:36:20,52666,52657,165,52665.05,15,45,2196720
BANKNIFTY-I.NFO,16/07/2024,09:36:22,52662.75,52657,165,52664,45,30,2196720
BANKNIFTY-I.NFO,16/07/2024,09:36:24,52662.55,52657,165,52660.95,45,30,2196720
BANKNIFTY-I.NFO,16/07/2024,09:36:25,52660.05,52655,30,52660.85,15,210,2196720
BANKNIFTY-I.NFO,16/07/2024,09:36:27,52650,52647.35,30,52657.15,15,75,2196720
BANKNIFTY-I.NFO,16/07/2024,09:36:29,52656.65,52648.9,30,52657.15,30,45,2196720
BANKNIFTY-I.NFO,16/07/2024,09:36:30,52656.65,52648.3,30,52657.15,60,0,2196720
BANKNIFTY-I.NFO,16/07/2024,09:36:32,52656.65,52648.95,30,52657.1,30,0,2196720
BANKNIFTY-I.NFO,16/07/2024,09:36:34,52657.15,52651.8,45,52657.1,30,90,2196930
BANKNIFTY-I.NFO,16/07/2024,09:36:35,52657.15,52652.5,300,52657.1,30,0,2196930
BANKNIFTY-I.NFO,16/07/2024,09:36:37,52657,52653,60,52655.9,60,15,2196930
BANKNIFTY-I.NFO,16/07/2024,09:36:39,52650.85,52641.9,135,52650.9,15,630,2196930
BANKNIFTY-I.NFO,16/07/2024,09:36:40,52650.85,52644.3,30,52650.9,90,0,2196930
BANKNIFTY-I.NFO,16/07/2024,09:36:42,52650.9,52646.15,30,52650.9,30,60,2196930
BANKNIFTY-I.NFO,16/07/2024,09:36:44,52650.85,52644.3,15,52650.9,30,150,2196930
BANKNIFTY-I.NFO,16/07/2024,09:36:45,52649.7,52640.2,30,52649.7,15,30,2196930
BANKNIFTY-I.NFO,16/07/2024,09:36:47,52645.05,52640,15,52645.05,75,195,2196930
BANKNIFTY-I.NFO,16/07/2024,09:36:49,52645.05,52640,15,52644.85,45,0,2196930
BANKNIFTY-I.NFO,16/07/2024,09:36:50,52640,52638.95,30,52644.85,45,30,2196930
BANKNIFTY-I.NFO,16/07/2024,09:36:52,52644.85,52639.35,120,52644.85,45,30,2196930
BANKNIFTY-I.NFO,16/07/2024,09:36:53,52644.85,52640,15,52644.85,45,0,2196930
BANKNIFTY-I.NFO,16/07/2024,09:36:55,52644.85,52640,30,52644.85,45,0,2196930
BANKNIFTY-I.NFO,16/07/2024,09:36:58,52640.05,52640,30,52644.85,15,60,2196930
BANKNIFTY-I.NFO,16/07/2024,09:37:00,52644.85,52640,30,52648.15,60,15,2196930
BANKNIFTY-I.NFO,16/07/2024,09:37:02,52640,52640,255,52640.05,15,15,2196930
BANKNIFTY-I.NFO,16/07/2024,09:37:03,52640,52635.85,120,52640.05,15,270,2196930
BANKNIFTY-I.NFO,16/07/2024,09:37:05,52640.85,52638.75,120,52644.85,15,45,2196930
BANKNIFTY-I.NFO,16/07/2024,09:37:07,52640,52635.85,15,52640,30,30,2196930
BANKNIFTY-I.NFO,16/07/2024,09:37:08,52645,52635.85,15,52643.75,15,225,2196930
BANKNIFTY-I.NFO,16/07/2024,09:37:10,52644.45,52639.8,15,52640.3,15,15,2196930
BANKNIFTY-I.NFO,16/07/2024,09:37:12,52639.8,52632.15,120,52639.9,15,15,2196930
BANKNIFTY-I.NFO,16/07/2024,09:37:13,52639.8,52631,30,52639.9,30,0,2196930
BANKNIFTY-I.NFO,16/07/2024,09:37:15,52631,52631.7,30,52639.9,15,30,2196930
BANKNIFTY-I.NFO,16/07/2024,09:37:17,52627,52621.95,15,52628.3,45,315,2196930
BANKNIFTY-I.NFO,16/07/2024,09:37:18,52614.9,52620.15,30,52621.9,30,240,2196930
BANKNIFTY-I.NFO,16/07/2024,09:37:20,52624.5,52625,15,52633.35,15,495,2196930
BANKNIFTY-I.NFO,16/07/2024,09:37:22,52633.35,52626.65,30,52636.2,30,15,2196930
BANKNIFTY-I.NFO,16/07/2024,09:37:23,52626.25,52625.35,15,52636.65,15,75,2196930
BANKNIFTY-I.NFO,16/07/2024,09:37:25,52626.25,52627.85,45,52638,15,0,2196930
BANKNIFTY-I.NFO,16/07/2024,09:37:27,52626.25,52627.6,30,52631.15,15,0,2196930
BANKNIFTY-I.NFO,16/07/2024,09:37:28,52631.15,52630,15,52631.15,15,15,2196930
BANKNIFTY-I.NFO,16/07/2024,09:37:30,52631.15,52630,15,52636.45,75,15,2196930
BANKNIFTY-I.NFO,16/07/2024,09:37:31,52630,52627.6,15,52636,30,15,2196930
BANKNIFTY-I.NFO,16/07/2024,09:37:33,52619.6,52616.85,15,52629.25,15,60,2196930
BANKNIFTY-I.NFO,16/07/2024,09:37:35,52596,52595,45,52596.1,15,1380,2196930
BANKNIFTY-I.NFO,16/07/2024,09:37:36,52599.3,52598.05,135,52605.5,30,105,2196930
BANKNIFTY-I.NFO,16/07/2024,09:37:38,52596.1,52595.75,15,52605.45,30,1185,2196930
BANKNIFTY-I.NFO,16/07/2024,09:37:40,52605.45,52598.4,45,52605.45,15,210,2196930
BANKNIFTY-I.NFO,16/07/2024,09:37:41,52612.35,52604.8,45,52610.85,30,75,2196930
BANKNIFTY-I.NFO,16/07/2024,09:37:43,52612.2,52607,30,52612.35,15,165,2196930
BANKNIFTY-I.NFO,16/07/2024,09:37:45,52610.55,52605.45,15,52610.55,15,120,2196930
BANKNIFTY-I.NFO,16/07/2024,09:37:46,52616.15,52608.9,30,52614.7,15,60,2196930
BANKNIFTY-I.NFO,16/07/2024,09:37:48,52619.5,52613.4,15,52620.8,15,60,2196930
BANKNIFTY-I.NFO,16/07/2024,09:37:49,52627.5,52623.9,45,52630,45,240,2196930
BANKNIFTY-I.NFO,16/07/2024,09:37:51,52623.9,52615.35,15,52627.6,135,15,2196930
BANKNIFTY-I.NFO,16/07/2024,09:37:53,52617.45,52615,30,52625.95,15,165,2196930
BANKNIFTY-I.NFO,16/07/2024,09:37:54,52622.55,52617.45,45,52622.55,90,30,2196930
BANKNIFTY-I.NFO,16/07/2024,09:37:56,52622.55,52618.05,30,52622.55,60,45,2196930
BANKNIFTY-I.NFO,16/07/2024,09:37:58,52622.55,52616.1,45,52622.55,75,0,2196930
BANKNIFTY-I.NFO,16/07/2024,09:37:59,52622.55,52616.6,30,52622.55,105,0,2196930
BANKNIFTY-I.NFO,16/07/2024,09:38:01,52620.95,52615,75,52620.95,30,15,2196930
BANKNIFTY-I.NFO,16/07/2024,09:38:03,52614.95,52605.45,15,52613.4,15,135,2196930
BANKNIFTY-I.NFO,16/07/2024,09:38:04,52613.05,52603.2,30,52613.3,15,135,2196930
BANKNIFTY-I.NFO,16/07/2024,09:38:06,52617.45,52607.4,60,52617.55,120,210,2196930
BANKNIFTY-I.NFO,16/07/2024,09:38:08,52615.4,52605.95,120,52615.85,60,120,2196930
BANKNIFTY-I.NFO,16/07/2024,09:38:09,52613.6,52605,15,52613.6,60,45,2196930
BANKNIFTY-I.NFO,16/07/2024,09:38:11,52603.9,52604.05,30,52610,60,150,2196930
BANKNIFTY-I.NFO,16/07/2024,09:38:13,52612.65,52603.35,105,52610,30,120,2196930
BANKNIFTY-I.NFO,16/07/2024,09:38:14,52603.95,52600,30,52603.95,105,120,2196930
BANKNIFTY-I.NFO,16/07/2024,09:38:16,52610.45,52600,30,52608.2,60,75,2196930
BANKNIFTY-I.NFO,16/07/2024,09:38:18,52607.45,52595.55,120,52605.75,30,60,2196930
BANKNIFTY-I.NFO,16/07/2024,09:38:19,52597.2,52601,45,52611.05,105,90,2196930
BANKNIFTY-I.NFO,16/07/2024,09:38:21,52614.4,52604.2,15,52614.35,90,90,2196930
BANKNIFTY-I.NFO,16/07/2024,09:38:23,52604.45,52603,45,52613,135,165,2196930
BANKNIFTY-I.NFO,16/07/2024,09:38:24,52601.15,52601.9,45,52603.95,30,15,2196930
BANKNIFTY-I.NFO,16/07/2024,09:38:26,52601.15,52599,120,52603.95,30,0,2196930
BANKNIFTY-I.NFO,16/07/2024,09:38:28,52598.55,52599.95,90,52603.95,15,75,2196930
BANKNIFTY-I.NFO,16/07/2024,09:38:29,52599.5,52599.4,30,52603.95,390,45,2196930
BANKNIFTY-I.NFO,16/07/2024,09:38:31,52599.05,52597.45,60,52603.95,420,135,2196930
BANKNIFTY-I.NFO,16/07/2024,09:38:33,52604.4,52600.05,30,52603.95,60,435,2196930
BANKNIFTY-I.NFO,16/07/2024,09:38:34,52603.95,52600.85,15,52603.95,30,30,2196930
BANKNIFTY-I.NFO,16/07/2024,09:38:36,52609.95,52606.6,60,52610,60,75,2196930
BANKNIFTY-I.NFO,16/07/2024,09:38:37,52616.15,52606.6,15,52608.65,60,90,2196930
BANKNIFTY-I.NFO,16/07/2024,09:38:39,52606.05,52601,90,52605.65,30,105,2196930
BANKNIFTY-I.NFO,16/07/2024,09:38:41,52600,52599.5,15,52600,195,165,2196930
BANKNIFTY-I.NFO,16/07/2024,09:38:42,52590,52590.05,15,52598.7,45,375,2196930
BANKNIFTY-I.NFO,16/07/2024,09:38:44,52594.7,52588.15,15,52592.75,45,165,2196930
BANKNIFTY-I.NFO,16/07/2024,09:38:46,52587.05,52588.1,30,52598.45,120,285,2196930
BANKNIFTY-I.NFO,16/07/2024,09:38:47,52588.15,52590.05,30,52598.6,120,225,2196930
BANKNIFTY-I.NFO,16/07/2024,09:38:49,52588.7,52588.9,60,52598.6,120,165,2196930
BANKNIFTY-I.NFO,16/07/2024,09:38:51,52598.6,52589.95,30,52598.65,75,75,2196930
BANKNIFTY-I.NFO,16/07/2024,09:38:52,52598.6,52585.25,30,52587.75,75,0,2196930
BANKNIFTY-I.NFO,16/07/2024,09:38:54,52580.35,52582.05,30,52588.1,240,630,2196930
BANKNIFTY-I.NFO,16/07/2024,09:38:56,52588.1,52582.4,30,52588.1,225,15,2196930
BANKNIFTY-I.NFO,16/07/2024,09:38:57,52577.6,52570.25,15,52577.55,45,7470,2196930
BANKNIFTY-I.NFO,16/07/2024,09:38:59,52566,52566,150,52570.25,15,1005,2196930
BANKNIFTY-I.NFO,16/07/2024,09:39:01,52576.5,52576.5,195,52577.5,120,195,2196930
BANKNIFTY-I.NFO,16/07/2024,09:39:02,52570.85,52570.95,30,52577.5,105,435,2196930
BANKNIFTY-I.NFO,16/07/2024,09:39:04,52577.45,52572.6,30,52577.45,30,210,2196930
BANKNIFTY-I.NFO,16/07/2024,09:39:06,52570,52561.85,15,52572.85,30,315,2196930
BANKNIFTY-I.NFO,16/07/2024,09:39:07,52570,52565.1,15,52572.85,15,465,2196930
BANKNIFTY-I.NFO,16/07/2024,09:39:09,52572.85,52572.85,15,52577.5,210,615,2196930
BANKNIFTY-I.NFO,16/07/2024,09:39:11,52579.8,52576.55,150,52578.7,30,225,2196930
BANKNIFTY-I.NFO,16/07/2024,09:39:12,52570,52564.45,15,52569.3,15,390,2196930
BANKNIFTY-I.NFO,16/07/2024,09:39:14,52573.25,52577.5,15,52584.95,15,1140,2196930
BANKNIFTY-I.NFO,16/07/2024,09:39:16,52577.35,52575.75,15,52584.9,15,120,2196930
BANKNIFTY-I.NFO,16/07/2024,09:39:17,52584.9,52584.25,15,52594.45,15,75,2196930
BANKNIFTY-I.NFO,16/07/2024,09:39:19,52600,52589.2,15,52599.95,15,105,2196930
BANKNIFTY-I.NFO,16/07/2024,09:39:21,52600,52591,30,52600,120,105,2196930
BANKNIFTY-I.NFO,16/07/2024,09:39:23,52588.1,52588.1,90,52597.7,30,105,2196930
BANKNIFTY-I.NFO,16/07/2024,09:39:24,52596.4,52588.15,30,52598.15,45,165,2196930
BANKNIFTY-I.NFO,16/07/2024,09:39:26,52599.55,52594.45,90,52599.7,45,30,2196930
BANKNIFTY-I.NFO,16/07/2024,09:39:28,52594.45,52594.45,45,52598.1,45,45,2196930
BANKNIFTY-I.NFO,16/07/2024,09:39:29,52589.65,52579.2,30,52588.8,15,165,2196930
BANKNIFTY-I.NFO,16/07/2024,09:39:31,52579.25,52579.4,15,52588.75,45,60,2194125
BANKNIFTY-I.NFO,16/07/2024,09:39:33,52588.75,52582,30,52588.75,15,105,2194125
BANKNIFTY-I.NFO,16/07/2024,09:39:34,52583.25,52579.85,45,52588.75,45,60,2194125
BANKNIFTY-I.NFO,16/07/2024,09:39:36,52576.5,52576.8,15,52587,45,180,2194125
BANKNIFTY-I.NFO,16/07/2024,09:39:38,52586.95,52581.75,15,52586.95,15,60,2194125
BANKNIFTY-I.NFO,16/07/2024,09:39:39,52585.15,52575,225,52581.6,30,90,2194125
BANKNIFTY-I.NFO,16/07/2024,09:39:41,52575,52575,195,52581.55,60,45,2194125
BANKNIFTY-I.NFO,16/07/2024,09:39:43,52581.7,52575,105,52584.95,75,195,2194125
BANKNIFTY-I.NFO,16/07/2024,09:39:44,52575.1,52575.25,30,52585.25,15,30,2194125
BANKNIFTY-I.NFO,16/07/2024,09:39:46,52572.45,52575.25,15,52582.2,15,3660,2194125
BANKNIFTY-I.NFO,16/07/2024,09:39:48,52575.25,52574.2,15,52584.3,120,15,2194125
BANKNIFTY-I.NFO,16/07/2024,09:39:49,52583.95,52574.8,30,52584.75,120,75,2194125
BANKNIFTY-I.NFO,16/07/2024,09:39:51,52586.95,52586.8,15,52588.75,60,75,2194125
BANKNIFTY-I.NFO,16/07/2024,09:39:53,52586.8,52578.15,30,52586.8,30,30,2194125
BANKNIFTY-I.NFO,16/07/2024,09:39:54,52578.15,52572.4,45,52581.85,30,30,2194125
BANKNIFTY-I.NFO,16/07/2024,09:39:56,52580,52572.15,15,52583,120,60,2194125
BANKNIFTY-I.NFO,16/07/2024,09:39:58,52570.05,52570,465,52572.6,30,75,2194125
BANKNIFTY-I.NFO,16/07/2024,09:39:59,52566,52565.1,15,52575.05,15,975,2194125
BANKNIFTY-I.NFO,16/07/2024,09:40:01,52575,52570,15,52575.05,15,225,2194125
BANKNIFTY-I.NFO,16/07/2024,09:40:02,52566.1,52567.25,15,52575.05,15,30,2194125
BANKNIFTY-I.NFO,16/07/2024,09:40:04,52551.65,52550.7,30,52561.15,30,7125,2194125
BANKNIFTY-I.NFO,16/07/2024,09:40:04,52550.05,52550.7,30,52561.15,30,0,2194125
BANKNIFTY-I.NFO,16/07/2024,09:40:06,52551.7,52551.7,30,52562.1,45,3270,2194125
BANKNIFTY-I.NFO,16/07/2024,09:40:07,52551.1,52550.55,30,52561.75,15,3600,2194125
BANKNIFTY-I.NFO,16/07/2024,09:40:09,52551.15,52551.15,30,52559.8,30,750,2194125
BANKNIFTY-I.NFO,16/07/2024,09:40:11,52551.05,52551.05,60,52559.75,45,210,2194125
BANKNIFTY-I.NFO,16/07/2024,09:40:12,52559.7,52551.95,75,52559.7,15,345,2194125
BANKNIFTY-I.NFO,16/07/2024,09:40:12,52550,52551.95,75,52559.7,15,0,2194125
BANKNIFTY-I.NFO,16/07/2024,09:40:14,52544.35,52544.35,75,52550.7,600,1035,2194125
BANKNIFTY-I.NFO,16/07/2024,09:40:14,52544.35,52544.35,75,52550.7,600,0,2194125
BANKNIFTY-I.NFO,16/07/2024,09:40:16,52544.75,52545.1,150,52552.2,150,900,2194125
BANKNIFTY-I.NFO,16/07/2024,09:40:16,52543,52545.1,150,52552.2,150,0,2194125
BANKNIFTY-I.NFO,16/07/2024,09:40:17,52550,52543,45,52550,15,255,2194125
BANKNIFTY-I.NFO,16/07/2024,09:40:19,52549.85,52545,15,52549.8,60,435,2194125
BANKNIFTY-I.NFO,16/07/2024,09:40:21,52538.65,52537.4,120,52548.5,15,765,2194125
BANKNIFTY-I.NFO,16/07/2024,09:40:21,52532.1,52537.4,120,52548.5,15,0,2194125
BANKNIFTY-I.NFO,16/07/2024,09:40:22,52534.05,52538.3,45,52548.15,120,840,2194125
BANKNIFTY-I.NFO,16/07/2024,09:40:24,52548.85,52544.25,45,52549.75,15,630,2194125
BANKNIFTY-I.NFO,16/07/2024,09:40:26,52545.15,52542.55,60,52549.75,15,585,2194125
BANKNIFTY-I.NFO,16/07/2024,09:40:27,52545.5,52546.1,15,52554.9,30,495,2194125
BANKNIFTY-I.NFO,16/07/2024,09:40:29,52557.1,52552.25,30,52562.1,15,390,2194125
BANKNIFTY-I.NFO,16/07/2024,09:40:31,52564.45,52558.45,90,52569.6,120,210,2194125
BANKNIFTY-I.NFO,16/07/2024,09:40:32,52558.45,52551,45,52561.5,120,240,2194125
BANKNIFTY-I.NFO,16/07/2024,09:40:34,52561.5,52553.85,15,52563.75,120,195,2194125
BANKNIFTY-I.NFO,16/07/2024,09:40:36,52554.65,52555.9,45,52563.6,15,450,2194125
BANKNIFTY-I.NFO,16/07/2024,09:40:37,52554.55,52561.5,15,52562,195,45,2194125
BANKNIFTY-I.NFO,16/07/2024,09:40:39,52557.05,52563.4,15,52565,15,300,2194125
BANKNIFTY-I.NFO,16/07/2024,09:40:41,52569.95,52559.05,30,52569.15,15,75,2194125
BANKNIFTY-I.NFO,16/07/2024,09:40:42,52568.5,52565.7,15,52575.75,15,60,2194125
BANKNIFTY-I.NFO,16/07/2024,09:40:44,52563.55,52565,15,52569.95,270,15,2194125
BANKNIFTY-I.NFO,16/07/2024,09:40:46,52570,52567.9,150,52576.9,120,360,2194125
BANKNIFTY-I.NFO,16/07/2024,09:40:47,52574.95,52570,15,52575.3,120,30,2194125
BANKNIFTY-I.NFO,16/07/2024,09:40:49,52579.95,52570,30,52578.9,105,270,2194125
BANKNIFTY-I.NFO,16/07/2024,09:40:51,52577.65,52570,15,52577.65,120,150,2194125
BANKNIFTY-I.NFO,16/07/2024,09:40:52,52570,52567.8,225,52577.7,105,90,2194125
BANKNIFTY-I.NFO,16/07/2024,09:40:54,52579.85,52575,15,52577.95,45,300,2194125
BANKNIFTY-I.NFO,16/07/2024,09:40:56,52572.15,52566.9,15,52570.35,45,150,2194125
BANKNIFTY-I.NFO,16/07/2024,09:40:57,52559.25,52560.7,15,52562.9,30,195,2194125
BANKNIFTY-I.NFO,16/07/2024,09:40:59,52554.55,52554,60,52555.5,45,105,2194125
BANKNIFTY-I.NFO,16/07/2024,09:41:01,52559.7,52552.05,30,52562.1,30,150,2194125
BANKNIFTY-I.NFO,16/07/2024,09:41:02,52560.95,52559.15,30,52568.9,15,60,2194125
BANKNIFTY-I.NFO,16/07/2024,09:41:04,52573.25,52563.1,30,52568.9,60,315,2194125
BANKNIFTY-I.NFO,16/07/2024,09:41:06,52563.5,52562,45,52568.9,60,30,2194125
BANKNIFTY-I.NFO,16/07/2024,09:41:07,52560.35,52560.35,15,52568,315,195,2194125
BANKNIFTY-I.NFO,16/07/2024,09:41:09,52560,52560.55,30,52567.95,60,180,2194125
BANKNIFTY-I.NFO,16/07/2024,09:41:10,52567.95,52561.1,150,52567.95,45,15,2194125
BANKNIFTY-I.NFO,16/07/2024,09:41:12,52567.95,52560.8,15,52568,165,405,2194125
BANKNIFTY-I.NFO,16/07/2024,09:41:14,52561.75,52562.55,90,52568,165,60,2194125
BANKNIFTY-I.NFO,16/07/2024,09:41:15,52568.95,52568.3,15,52577.15,120,255,2194125
BANKNIFTY-I.NFO,16/07/2024,09:41:17,52560,52560,75,52564.75,90,165,2194125
BANKNIFTY-I.NFO,16/07/2024,09:41:19,52567,52560.3,15,52566.8,75,15,2194125
BANKNIFTY-I.NFO,16/07/2024,09:41:20,52567.15,52561.45,15,52563.85,60,15,2194125
BANKNIFTY-I.NFO,16/07/2024,09:41:22,52567.15,52561.45,15,52563.8,15,0,2194125
BANKNIFTY-I.NFO,16/07/2024,09:41:23,52563.8,52564.15,15,52568.75,30,165,2194125
BANKNIFTY-I.NFO,16/07/2024,09:41:25,52560,52560,60,52570.45,60,150,2194125
BANKNIFTY-I.NFO,16/07/2024,09:41:27,52572.6,52568,15,52570.45,30,135,2194125
BANKNIFTY-I.NFO,16/07/2024,09:41:28,52572.6,52567.95,15,52575,30,0,2194125
BANKNIFTY-I.NFO,16/07/2024,09:41:30,52566,52565.05,15,52566,375,45,2194125
BANKNIFTY-I.NFO,16/07/2024,09:41:32,52566.4,52569.05,30,52575,15,435,2194125
BANKNIFTY-I.NFO,16/07/2024,09:41:33,52577.1,52570.45,15,52578,60,75,2194125
BANKNIFTY-I.NFO,16/07/2024,09:41:35,52578,52570,15,52577.65,45,90,2194125
BANKNIFTY-I.NFO,16/07/2024,09:41:37,52570,52570.15,30,52577.65,15,15,2194125
BANKNIFTY-I.NFO,16/07/2024,09:41:38,52579.45,52569.75,30,52577.65,15,75,2194125
BANKNIFTY-I.NFO,16/07/2024,09:41:40,52569.35,52569.5,15,52577.65,15,90,2194125
BANKNIFTY-I.NFO,16/07/2024,09:41:42,52569.5,52569.35,15,52576.45,45,180,2194125
BANKNIFTY-I.NFO,16/07/2024,09:41:43,52577.35,52570,150,52576.4,15,90,2194125
BANKNIFTY-I.NFO,16/07/2024,09:41:45,52570,52570,120,52570.15,405,195,2194125
BANKNIFTY-I.NFO,16/07/2024,09:41:47,52570.1,52570,120,52570.15,360,75,2194125
BANKNIFTY-I.NFO,16/07/2024,09:41:48,52570.15,52570,15,52570.15,270,195,2194125
BANKNIFTY-I.NFO,16/07/2024,09:41:50,52570.15,52570,15,52570.15,240,30,2194125
BANKNIFTY-I.NFO,16/07/2024,09:41:52,52569.5,52569.35,15,52570.15,90,195,2194125
BANKNIFTY-I.NFO,16/07/2024,09:41:53,52570.15,52565,30,52570.15,75,195,2194125
BANKNIFTY-I.NFO,16/07/2024,09:41:55,52567.9,52562.9,90,52570.15,15,780,2194125
BANKNIFTY-I.NFO,16/07/2024,09:41:56,52567.9,52567.9,15,52570.15,75,0,2194125
BANKNIFTY-I.NFO,16/07/2024,09:41:58,52567.9,52567.9,15,52569.95,60,15,2194125
BANKNIFTY-I.NFO,16/07/2024,09:42:00,52569.1,52567.9,15,52569.75,60,15,2194125
BANKNIFTY-I.NFO,16/07/2024,09:42:01,52567.9,52565.85,195,52569.55,15,90,2194125
BANKNIFTY-I.NFO,16/07/2024,09:42:03,52568.25,52561.1,15,52569.65,15,225,2194125
BANKNIFTY-I.NFO,16/07/2024,09:42:05,52560.05,52567.9,30,52573.8,120,120,2194125
BANKNIFTY-I.NFO,16/07/2024,09:42:06,52567,52561.95,15,52567,15,180,2194125
BANKNIFTY-I.NFO,16/07/2024,09:42:08,52568.25,52567.95,15,52573.75,15,30,2194125
BANKNIFTY-I.NFO,16/07/2024,09:42:10,52570.85,52568.65,45,52572,15,90,2194125
BANKNIFTY-I.NFO,16/07/2024,09:42:11,52580,52575.1,15,52580,210,120,2194125
BANKNIFTY-I.NFO,16/07/2024,09:42:13,52570.75,52569,120,52577.55,15,30,2194125
BANKNIFTY-I.NFO,16/07/2024,09:42:15,52572.2,52574.25,300,52579,15,45,2194125
BANKNIFTY-I.NFO,16/07/2024,09:42:16,52579,52575.5,315,52580,210,90,2194125
BANKNIFTY-I.NFO,16/07/2024,09:42:18,52579,52577.55,15,52580,30,540,2194125
BANKNIFTY-I.NFO,16/07/2024,09:42:20,52579.2,52577.55,15,52586.35,15,150,2194125
BANKNIFTY-I.NFO,16/07/2024,09:42:21,52574.6,52570.75,15,52577.2,45,120,2194125
BANKNIFTY-I.NFO,16/07/2024,09:42:23,52573,52573,30,52577.55,15,120,2194125
BANKNIFTY-I.NFO,16/07/2024,09:42:25,52570.75,52570.05,30,52570.75,90,90,2194125
BANKNIFTY-I.NFO,16/07/2024,09:42:26,52574.8,52566.35,15,52574.8,30,270,2194125
BANKNIFTY-I.NFO,16/07/2024,09:42:28,52571.8,52572.55,135,52574.8,30,60,2194125
BANKNIFTY-I.NFO,16/07/2024,09:42:30,52577.55,52574.2,120,52579,15,60,2194125
BANKNIFTY-I.NFO,16/07/2024,09:42:31,52577.55,52571.25,15,52579,45,0,2194125
BANKNIFTY-I.NFO,16/07/2024,09:42:33,52577.55,52575.15,15,52579,45,0,2194125
BANKNIFTY-I.NFO,16/07/2024,09:42:35,52571.05,52571,15,52579,45,60,2182170
BANKNIFTY-I.NFO,16/07/2024,09:42:36,52577.95,52571,15,52578.75,45,45,2182170
BANKNIFTY-I.NFO,16/07/2024,09:42:38,52577.95,52574.8,60,52578.25,30,0,2182170
BANKNIFTY-I.NFO,16/07/2024,09:42:40,52578.9,52574.8,60,52578.9,90,90,2182170
BANKNIFTY-I.NFO,16/07/2024,09:42:41,52577.05,52576.4,15,52585,150,180,2182170
BANKNIFTY-I.NFO,16/07/2024,09:42:43,52577.05,52579.7,15,52585,150,0,2182170
BANKNIFTY-I.NFO,16/07/2024,09:42:45,52586.1,52585.25,15,52590,45,165,2182170
BANKNIFTY-I.NFO,16/07/2024,09:42:46,52589.2,52585.25,15,52590,45,45,2182170
BANKNIFTY-I.NFO,16/07/2024,09:42:48,52589.85,52581.05,15,52589.65,30,30,2182170
BANKNIFTY-I.NFO,16/07/2024,09:42:50,52579.2,52577,90,52586.9,15,135,2182170
BANKNIFTY-I.NFO,16/07/2024,09:42:51,52589.85,52578.9,15,52588.75,120,300,2182170
BANKNIFTY-I.NFO,16/07/2024,09:42:53,52588.15,52580,45,52588.05,90,45,2182170
BANKNIFTY-I.NFO,16/07/2024,09:42:55,52586.9,52580,30,52586.65,45,75,2182170
BANKNIFTY-I.NFO,16/07/2024,09:42:56,52584.15,52575.65,15,52584.25,30,90,2182170
BANKNIFTY-I.NFO,16/07/2024,09:42:58,52581.85,52580.05,15,52584.55,15,30,2182170
BANKNIFTY-I.NFO,16/07/2024,09:42:59,52580,52575.65,15,52582.75,15,60,2182170
BANKNIFTY-I.NFO,16/07/2024,09:43:01,52575.25,52575.35,15,52584.9,15,180,2182170
BANKNIFTY-I.NFO,16/07/2024,09:43:03,52585.3,52577.8,15,52585.3,15,30,2182170
BANKNIFTY-I.NFO,16/07/2024,09:43:04,52588.05,52580,15,52588.05,15,15,2182170
BANKNIFTY-I.NFO,16/07/2024,09:43:06,52585,52582,30,52588.05,60,45,2182170
BANKNIFTY-I.NFO,16/07/2024,09:43:08,52578.55,52578.5,120,52587,15,90,2182170
BANKNIFTY-I.NFO,16/07/2024,09:43:09,52578.55,52578.2,120,52587,75,15,2182170
BANKNIFTY-I.NFO,16/07/2024,09:43:11,52578.55,52576.45,15,52584.85,60,0,2182170
BANKNIFTY-I.NFO,16/07/2024,09:43:13,52584.75,52575.9,45,52584.75,45,30,2182170
BANKNIFTY-I.NFO,16/07/2024,09:43:14,52590,52587.55,15,52593,45,150,2182170
BANKNIFTY-I.NFO,16/07/2024,09:43:16,52581.7,52581.65,15,52590.5,45,15,2182170
BANKNIFTY-I.NFO,16/07/2024,09:43:18,52590.5,52590.4,120,52593.85,15,135,2182170
BANKNIFTY-I.NFO,16/07/2024,09:43:19,52592.15,52587.95,120,52593.85,15,405,2182170
BANKNIFTY-I.NFO,16/07/2024,09:43:21,52588.25,52588.45,120,52593.85,30,60,2182170
BANKNIFTY-I.NFO,16/07/2024,09:43:23,52588.65,52593.8,45,52599.9,105,75,2182170
BANKNIFTY-I.NFO,16/07/2024,09:43:24,52601.15,52600,765,52605,60,510,2182170
BANKNIFTY-I.NFO,16/07/2024,09:43:26,52607.75,52600.1,120,52608.65,30,30,2182170
BANKNIFTY-I.NFO,16/07/2024,09:43:28,52610,52601.95,120,52608.65,30,90,2182170
BANKNIFTY-I.NFO,16/07/2024,09:43:29,52605.5,52608.65,15,52610,105,60,2182170
BANKNIFTY-I.NFO,16/07/2024,09:43:31,52605.15,52605.1,30,52610,90,60,2182170
BANKNIFTY-I.NFO,16/07/2024,09:43:33,52614.65,52611.4,105,52614.65,15,195,2182170
BANKNIFTY-I.NFO,16/07/2024,09:43:34,52620,52616.35,15,52619.95,60,675,2182170
BANKNIFTY-I.NFO,16/07/2024,09:43:36,52616.35,52611.9,15,52616.35,105,135,2182170
BANKNIFTY-I.NFO,16/07/2024,09:43:37,52615.65,52610.15,15,52614.6,15,195,2182170
BANKNIFTY-I.NFO,16/07/2024,09:43:39,52600,52593.9,30,52602.5,15,615,2182170
BANKNIFTY-I.NFO,16/07/2024,09:43:41,52594.9,52594.85,15,52603.55,15,135,2182170
BANKNIFTY-I.NFO,16/07/2024,09:43:42,52603.95,52595.65,15,52604.25,15,45,2182170
BANKNIFTY-I.NFO,16/07/2024,09:43:44,52595.5,52595.45,15,52598.7,105,195,2182170
BANKNIFTY-I.NFO,16/07/2024,09:43:46,52600,52599.8,15,52609.55,120,225,2182170
BANKNIFTY-I.NFO,16/07/2024,09:43:48,52600,52603.05,15,52609.6,120,0,2182170
BANKNIFTY-I.NFO,16/07/2024,09:43:49,52609.3,52603.05,15,52609.55,120,30,2182170
BANKNIFTY-I.NFO,16/07/2024,09:43:51,52605.8,52596.2,15,52605.8,120,540,2182170
BANKNIFTY-I.NFO,16/07/2024,09:43:52,52600,52593.85,15,52599.45,15,45,2182170
BANKNIFTY-I.NFO,16/07/2024,09:43:54,52590.6,52590.6,15,52595.8,120,90,2182170
BANKNIFTY-I.NFO,16/07/2024,09:43:56,52585.35,52585.35,30,52592.6,15,45,2182170
BANKNIFTY-I.NFO,16/07/2024,09:43:57,52592.6,52592.6,15,52594.45,105,15,2182170
BANKNIFTY-I.NFO,16/07/2024,09:43:59,52592.6,52584.8,90,52594.15,120,105,2182170
BANKNIFTY-I.NFO,16/07/2024,09:44:01,52584.8,52584.8,30,52591.7,15,60,2182170
BANKNIFTY-I.NFO,16/07/2024,09:44:02,52585.8,52587.15,60,52591.7,45,105,2182170
BANKNIFTY-I.NFO,16/07/2024,09:44:04,52593.5,52595,45,52600,15,300,2182170
BANKNIFTY-I.NFO,16/07/2024,09:44:06,52600.9,52596.05,15,52604,30,90,2182170
BANKNIFTY-I.NFO,16/07/2024,09:44:07,52601.25,52595.45,15,52599.3,30,345,2182170
BANKNIFTY-I.NFO,16/07/2024,09:44:09,52598.3,52589,30,52598.4,15,45,2182170
BANKNIFTY-I.NFO,16/07/2024,09:44:11,52590.7,52590.65,15,52599.3,30,45,2182170
BANKNIFTY-I.NFO,16/07/2024,09:44:12,52590.7,52590.05,15,52593.05,15,0,2182170
BANKNIFTY-I.NFO,16/07/2024,09:44:14,52590.05,52590.05,15,52593.05,15,15,2182170
BANKNIFTY-I.NFO,16/07/2024,09:44:16,52590,52590,90,52593.05,15,15,2182170
BANKNIFTY-I.NFO,16/07/2024,09:44:17,52593.05,52590,90,52593.5,15,30,2182170
BANKNIFTY-I.NFO,16/07/2024,09:44:19,52593.05,52590.7,15,52593.5,15,0,2182170
BANKNIFTY-I.NFO,16/07/2024,09:44:21,52590.7,52590.05,75,52599.75,120,180,2182170
BANKNIFTY-I.NFO,16/07/2024,09:44:22,52599.95,52593.05,15,52598.2,30,30,2182170
BANKNIFTY-I.NFO,16/07/2024,09:44:24,52594,52588.15,1800,52595.75,120,165,2182170
BANKNIFTY-I.NFO,16/07/2024,09:44:26,52588.5,52588.85,15,52595.75,15,90,2182170
BANKNIFTY-I.NFO,16/07/2024,09:44:27,52599.6,52590.9,120,52594,15,195,2182170
BANKNIFTY-I.NFO,16/07/2024,09:44:29,52594,52591.65,15,52599.95,15,15,2182170
BANKNIFTY-I.NFO,16/07/2024,09:44:31,52594,52589.35,15,52598.95,90,0,2182170
BANKNIFTY-I.NFO,16/07/2024,09:44:32,52589.65,52589.6,15,52598.8,90,15,2182170
BANKNIFTY-I.NFO,16/07/2024,09:44:34,52588.15,52588.15,2685,52594.35,15,195,2182170
BANKNIFTY-I.NFO,16/07/2024,09:44:36,52588.15,52588.15,2565,52594.35,15,210,2182170
BANKNIFTY-I.NFO,16/07/2024,09:44:37,52588.15,52588.15,2565,52593.35,15,0,2182170
BANKNIFTY-I.NFO,16/07/2024,09:44:39,52588.15,52588.15,2565,52591.8,15,0,2182170
BANKNIFTY-I.NFO,16/07/2024,09:44:41,52588.15,52588.15,2430,52591.8,15,165,2182170
BANKNIFTY-I.NFO,16/07/2024,09:44:42,52592.45,52588.15,2430,52591.9,15,30,2182170
BANKNIFTY-I.NFO,16/07/2024,09:44:44,52588.15,52588.15,2325,52596.5,15,120,2182170
BANKNIFTY-I.NFO,16/07/2024,09:44:46,52588.15,52589.6,15,52597.2,15,0,2182170
BANKNIFTY-I.NFO,16/07/2024,09:44:47,52588.4,52588.15,2340,52596.25,15,15,2182170
BANKNIFTY-I.NFO,16/07/2024,09:44:49,52588.2,52588.15,2355,52596.8,75,45,2182170
BANKNIFTY-I.NFO,16/07/2024,09:44:51,52585,52582.15,15,52589.9,15,2490,2182170
BANKNIFTY-I.NFO,16/07/2024,09:44:52,52588.15,52587.6,15,52594.7,15,15,2182170
BANKNIFTY-I.NFO,16/07/2024,09:44:54,52588.15,52586.6,30,52588.15,15,0,2182170
BANKNIFTY-I.NFO,16/07/2024,09:44:56,52583.05,52582.5,15,52588.15,30,225,2182170
BANKNIFTY-I.NFO,16/07/2024,09:44:57,52583.05,52583.05,15,52588.1,15,15,2182170
BANKNIFTY-I.NFO,16/07/2024,09:44:59,52588.1,52581.2,30,52588.15,15,75,2182170
BANKNIFTY-I.NFO,16/07/2024,09:45:01,52581.2,52580.15,15,52587.15,15,30,2182170
BANKNIFTY-I.NFO,16/07/2024,09:45:02,52581.3,52580.5,30,52588.15,15,150,2182170
BANKNIFTY-I.NFO,16/07/2024,09:45:04,52578.55,52578,30,52580.5,15,450,2182170
BANKNIFTY-I.NFO,16/07/2024,09:45:06,52581.85,52582.55,30,52588.9,15,390,2182170
BANKNIFTY-I.NFO,16/07/2024,09:45:07,52587.75,52583.65,15,52589,15,45,2182170
BANKNIFTY-I.NFO,16/07/2024,09:45:09,52581.2,52583.4,30,52588.85,15,90,2182170
BANKNIFTY-I.NFO,16/07/2024,09:45:11,52592.6,52591.6,45,52598,15,105,2182170
BANKNIFTY-I.NFO,16/07/2024,09:45:12,52591,52590.1,15,52597,15,30,2182170
BANKNIFTY-I.NFO,16/07/2024,09:45:14,52595.2,52588.8,45,52594.2,15,30,2182170
BANKNIFTY-I.NFO,16/07/2024,09:45:16,52593.4,52586.4,45,52593.3,60,15,2182170
BANKNIFTY-I.NFO,16/07/2024,09:45:17,52586.2,52584.1,105,52592.05,15,255,2182170
BANKNIFTY-I.NFO,16/07/2024,09:45:19,52586.2,52584.8,105,52592.05,30,0,2182170
BANKNIFTY-I.NFO,16/07/2024,09:45:21,52586.2,52581.25,45,52585.05,15,0,2182170
BANKNIFTY-I.NFO,16/07/2024,09:45:22,52584.4,52581.25,45,52583.65,15,15,2182170
BANKNIFTY-I.NFO,16/07/2024,09:45:24,52584.4,52581.25,45,52583.65,90,0,2182170
BANKNIFTY-I.NFO,16/07/2024,09:45:27,52582.9,52582.2,75,52583.65,30,285,2182170
BANKNIFTY-I.NFO,16/07/2024,09:45:29,52583.65,52581.25,45,52583.65,30,30,2182170
BANKNIFTY-I.NFO,16/07/2024,09:45:31,52575,52575,105,52577.6,15,450,2182170
BANKNIFTY-I.NFO,16/07/2024,09:45:32,52575,52575,75,52576.05,15,90,2182800
BANKNIFTY-I.NFO,16/07/2024,09:45:34,52575,52575,30,52576.6,30,180,2182800
BANKNIFTY-I.NFO,16/07/2024,09:45:36,52569.25,52575.1,30,52577.65,15,615,2182800
BANKNIFTY-I.NFO,16/07/2024,09:45:37,52574.4,52570.1,30,52573.75,15,120,2182800
BANKNIFTY-I.NFO,16/07/2024,09:45:39,52578.45,52578.45,15,52581.5,15,75,2182800
BANKNIFTY-I.NFO,16/07/2024,09:45:41,52579.7,52579.7,15,52582.3,135,60,2182800
BANKNIFTY-I.NFO,16/07/2024,09:45:42,52573.25,52573.15,60,52578.45,15,75,2182800
BANKNIFTY-I.NFO,16/07/2024,09:45:44,52570.95,52568.15,15,52577.35,120,225,2182800
BANKNIFTY-I.NFO,16/07/2024,09:45:45,52565,52562,15,52570.15,135,105,2182800
BANKNIFTY-I.NFO,16/07/2024,09:45:47,52562,52561,60,52568.3,45,150,2182800
BANKNIFTY-I.NFO,16/07/2024,09:45:49,52560,52560,75,52563.65,135,120,2182800
BANKNIFTY-I.NFO,16/07/2024,09:45:50,52555,52552,45,52559.45,120,405,2182800
BANKNIFTY-I.NFO,16/07/2024,09:45:52,52552,52552,30,52559.3,15,120,2182800
BANKNIFTY-I.NFO,16/07/2024,09:45:54,52555,52552,15,52558.65,15,45,2182800
BANKNIFTY-I.NFO,16/07/2024,09:45:56,52551.35,52553.45,45,52558.65,45,60,2182800
BANKNIFTY-I.NFO,16/07/2024,09:45:57,52554.5,52554.3,75,52558.65,30,30,2182800
BANKNIFTY-I.NFO,16/07/2024,09:45:59,52554.45,52555.3,15,52558.65,15,120,2182800
BANKNIFTY-I.NFO,16/07/2024,09:46:01,52558.65,52554.9,45,52558.65,30,90,2182800
BANKNIFTY-I.NFO,16/07/2024,09:46:02,52556.2,52554.55,90,52558.65,15,105,2182800
BANKNIFTY-I.NFO,16/07/2024,09:46:04,52561.1,52560.1,45,52569.95,30,225,2182800
BANKNIFTY-I.NFO,16/07/2024,09:46:06,52572.15,52562.4,15,52571.8,60,135,2182800
BANKNIFTY-I.NFO,16/07/2024,09:46:07,52562.25,52564.8,90,52573.95,120,915,2182800
BANKNIFTY-I.NFO,16/07/2024,09:46:09,52560.75,52558.65,15,52566.65,120,15,2182800
BANKNIFTY-I.NFO,16/07/2024,09:46:10,52558.65,52555,15,52558.65,30,30,2182800
BANKNIFTY-I.NFO,16/07/2024,09:46:12,52555.1,52555.05,75,52558.65,30,135,2182800
BANKNIFTY-I.NFO,16/07/2024,09:46:14,52558.65,52554.5,45,52563.7,15,60,2182800
BANKNIFTY-I.NFO,16/07/2024,09:46:15,52550.2,52552.25,15,52554.85,45,135,2182800
BANKNIFTY-I.NFO,16/07/2024,09:46:17,52560,52552.25,15,52559.4,120,330,2182800
BANKNIFTY-I.NFO,16/07/2024,09:46:19,52558.5,52550,390,52558.55,15,90,2182800
BANKNIFTY-I.NFO,16/07/2024,09:46:20,52550,52550,195,52558.45,120,195,2182800
BANKNIFTY-I.NFO,16/07/2024,09:46:22,52551.45,52551.45,60,52555.75,135,90,2182800
BANKNIFTY-I.NFO,16/07/2024,09:46:24,52554.85,52551.45,60,52555.75,60,30,2182800
BANKNIFTY-I.NFO,16/07/2024,09:46:25,52555.75,52550,135,52555.75,30,135,2182800
BANKNIFTY-I.NFO,16/07/2024,09:46:27,52540.95,52541.45,75,52549.3,90,690,2182800
BANKNIFTY-I.NFO,16/07/2024,09:46:29,52549.3,52543.2,45,52549.3,90,360,2182800
BANKNIFTY-I.NFO,16/07/2024,09:46:30,52544.2,52544.5,45,52549.3,30,210,2182800
BANKNIFTY-I.NFO,16/07/2024,09:46:32,52549.3,52549.3,15,52551.45,15,45,2182800
BANKNIFTY-I.NFO,16/07/2024,09:46:34,52544.05,52544.2,15,52551.3,45,75,2182800
BANKNIFTY-I.NFO,16/07/2024,09:46:35,52541.5,52545.05,90,52551.45,15,105,2182800
BANKNIFTY-I.NFO,16/07/2024,09:46:37,52558.85,52558.05,15,52567.2,45,45,2182800
BANKNIFTY-I.NFO,16/07/2024,09:46:39,52567.15,52558.3,15,52568.2,60,30,2182800
BANKNIFTY-I.NFO,16/07/2024,09:46:40,52567.15,52558.3,15,52565,45,0,2182800
BANKNIFTY-I.NFO,16/07/2024,09:46:42,52556.4,52556.65,45,52566.45,30,105,2182800
BANKNIFTY-I.NFO,16/07/2024,09:46:44,52560,52560,75,52565.65,45,105,2182800
BANKNIFTY-I.NFO,16/07/2024,09:46:45,52555.95,52554.55,75,52565.1,30,90,2182800
BANKNIFTY-I.NFO,16/07/2024,09:46:47,52560.45,52560.45,15,52565.15,15,30,2182800
BANKNIFTY-I.NFO,16/07/2024,09:46:49,52567.15,52565.25,15,52567.1,30,45,2182800
BANKNIFTY-I.NFO,16/07/2024,09:46:50,52565.25,52562.95,30,52567.1,30,15,2182800
BANKNIFTY-I.NFO,16/07/2024,09:46:52,52563.1,52562.55,30,52567.15,15,210,2182800
BANKNIFTY-I.NFO,16/07/2024,09:46:54,52567.15,52565.15,90,52570,75,120,2182800
BANKNIFTY-I.NFO,16/07/2024,09:46:55,52570,52565.15,90,52574.55,30,135,2182800
BANKNIFTY-I.NFO,16/07/2024,09:46:57,52570,52566.1,120,52575.25,45,0,2182800
BANKNIFTY-I.NFO,16/07/2024,09:46:58,52570,52566.9,45,52575.95,30,0,2182800
BANKNIFTY-I.NFO,16/07/2024,09:47:00,52572.5,52571.75,135,52575.95,15,180,2182800
BANKNIFTY-I.NFO,16/07/2024,09:47:02,52575,52568.65,45,52577.15,30,120,2182800
BANKNIFTY-I.NFO,16/07/2024,09:47:03,52570,52570,45,52575,15,30,2182800
BANKNIFTY-I.NFO,16/07/2024,09:47:05,52570,52570,30,52572.5,15,0,2182800
BANKNIFTY-I.NFO,16/07/2024,09:47:07,52575,52568,90,52576.6,30,300,2182800
BANKNIFTY-I.NFO,16/07/2024,09:47:08,52574.35,52568,90,52573.5,30,15,2182800
BANKNIFTY-I.NFO,16/07/2024,09:47:10,52573.45,52566.05,15,52574.4,120,300,2182800
BANKNIFTY-I.NFO,16/07/2024,09:47:12,52564.2,52562.15,60,52572.3,15,90,2182800
BANKNIFTY-I.NFO,16/07/2024,09:47:13,52564.2,52565,15,52572.65,45,0,2182800
BANKNIFTY-I.NFO,16/07/2024,09:47:15,52563.2,52571.35,15,52573,45,90,2182800
BANKNIFTY-I.NFO,16/07/2024,09:47:17,52562.45,52560.05,15,52569.45,15,120,2182800
BANKNIFTY-I.NFO,16/07/2024,09:47:18,52560.6,52560.7,30,52569.45,45,75,2182800
BANKNIFTY-I.NFO,16/07/2024,09:47:20,52560.6,52561.7,30,52569.45,45,0,2182800
BANKNIFTY-I.NFO,16/07/2024,09:47:22,52561.2,52560.65,15,52563.2,195,105,2182800
BANKNIFTY-I.NFO,16/07/2024,09:47:23,52561.3,52560.6,75,52563.15,45,15,2182800
BANKNIFTY-I.NFO,16/07/2024,09:47:27,52563.2,52560.05,30,52563.1,45,285,2182800
BANKNIFTY-I.NFO,16/07/2024,09:47:28,52558,52555.95,15,52560.6,15,135,2182800
BANKNIFTY-I.NFO,16/07/2024,09:47:30,52563.1,52555.5,15,52560.6,30,120,2182800
BANKNIFTY-I.NFO,16/07/2024,09:47:32,52564.2,52564.8,120,52570,75,135,2182800
BANKNIFTY-I.NFO,16/07/2024,09:47:33,52564.2,52566.6,15,52570,75,0,2182800
BANKNIFTY-I.NFO,16/07/2024,09:47:35,52566.35,52565.8,15,52569.95,15,225,2182800
BANKNIFTY-I.NFO,16/07/2024,09:47:37,52569.7,52561.35,45,52569.95,15,15,2182800
BANKNIFTY-I.NFO,16/07/2024,09:47:38,52566.35,52560.65,45,52569,30,30,2182800
BANKNIFTY-I.NFO,16/07/2024,09:47:40,52559.35,52555.25,15,52564.2,45,225,2182800
BANKNIFTY-I.NFO,16/07/2024,09:47:42,52559.35,52558,75,52564,15,0,2182800
BANKNIFTY-I.NFO,16/07/2024,09:47:43,52559.35,52559.3,15,52564,30,0,2182800
BANKNIFTY-I.NFO,16/07/2024,09:47:45,52564,52560,15,52564,15,105,2182800
BANKNIFTY-I.NFO,16/07/2024,09:47:47,52560,52557.35,15,52564,15,15,2182800
BANKNIFTY-I.NFO,16/07/2024,09:47:48,52560,52557.4,15,52564,15,0,2182800
BANKNIFTY-I.NFO,16/07/2024,09:47:50,52564,52564,30,52566.15,45,105,2182800
BANKNIFTY-I.NFO,16/07/2024,09:47:52,52564,52564,30,52565.8,45,0,2182800
BANKNIFTY-I.NFO,16/07/2024,09:47:53,52567.85,52564,30,52567.85,135,30,2182800
BANKNIFTY-I.NFO,16/07/2024,09:47:55,52564,52558.35,15,52566.7,120,30,2182800
BANKNIFTY-I.NFO,16/07/2024,09:47:56,52555.95,52555.85,15,52565.35,135,180,2182800
BANKNIFTY-I.NFO,16/07/2024,09:47:58,52555.6,52555.75,150,52560,60,165,2182800
BANKNIFTY-I.NFO,16/07/2024,09:48:00,52560,52558,15,52560,105,15,2182800
BANKNIFTY-I.NFO,16/07/2024,09:48:01,52563.05,52557.9,45,52559.8,60,165,2182800
BANKNIFTY-I.NFO,16/07/2024,09:48:03,52557.9,52555.65,150,52559.8,60,45,2182800
BANKNIFTY-I.NFO,16/07/2024,09:48:05,52559.75,52555.65,150,52559.75,15,90,2182800
BANKNIFTY-I.NFO,16/07/2024,09:48:06,52559.95,52558.45,120,52563.1,15,90,2182800
BANKNIFTY-I.NFO,16/07/2024,09:48:08,52565.45,52556.7,135,52566.4,135,45,2182800
BANKNIFTY-I.NFO,16/07/2024,09:48:10,52555.95,52555.65,135,52564.25,120,45,2182800
BANKNIFTY-I.NFO,16/07/2024,09:48:12,52555.65,52562,30,52566.4,135,15,2182800
BANKNIFTY-I.NFO,16/07/2024,09:48:13,52570.75,52562,45,52565.45,15,300,2182800
BANKNIFTY-I.NFO,16/07/2024,09:48:15,52565.45,52560,30,52566.55,15,90,2182800
BANKNIFTY-I.NFO,16/07/2024,09:48:16,52570.35,52561.95,45,52570.4,15,75,2182800
BANKNIFTY-I.NFO,16/07/2024,09:48:18,52569.15,52560,30,52569.05,45,30,2182800
BANKNIFTY-I.NFO,16/07/2024,09:48:20,52568.25,52563,30,52568.7,30,30,2182800
BANKNIFTY-I.NFO,16/07/2024,09:48:21,52567.95,52560,30,52568.65,15,45,2182800
BANKNIFTY-I.NFO,16/07/2024,09:48:23,52568.5,52560,45,52568.25,30,120,2182800
BANKNIFTY-I.NFO,16/07/2024,09:48:25,52569.05,52560,60,52568.25,30,30,2182800
BANKNIFTY-I.NFO,16/07/2024,09:48:26,52572.25,52560,60,52567.15,30,165,2182800
BANKNIFTY-I.NFO,16/07/2024,09:48:28,52566.75,52560.55,30,52567.4,60,30,2182800
BANKNIFTY-I.NFO,16/07/2024,09:48:30,52567.4,52560.55,30,52568.85,30,30,2182800
BANKNIFTY-I.NFO,16/07/2024,09:48:31,52567.4,52560.85,45,52570.35,15,0,2182800
BANKNIFTY-I.NFO,16/07/2024,09:48:33,52560.9,52561,45,52571.2,30,75,2183610
BANKNIFTY-I.NFO,16/07/2024,09:48:35,52561.05,52561.3,45,52571.5,30,75,2183610
BANKNIFTY-I.NFO,16/07/2024,09:48:36,52568.85,52565,30,52571.4,90,15,2183610
BANKNIFTY-I.NFO,16/07/2024,09:48:38,52561.85,52561.3,15,52561.85,705,60,2183610
BANKNIFTY-I.NFO,16/07/2024,09:48:39,52561.3,52560.55,15,52561.3,30,30,2183610
BANKNIFTY-I.NFO,16/07/2024,09:48:41,52561.3,52561,15,52561.3,75,15,2183610
BANKNIFTY-I.NFO,16/07/2024,09:48:43,52560,52560,930,52561.25,60,330,2183610
BANKNIFTY-I.NFO,16/07/2024,09:48:44,52560,52560,885,52561.25,75,60,2183610
BANKNIFTY-I.NFO,16/07/2024,09:48:46,52560,52560,615,52561.25,60,285,2183610
BANKNIFTY-I.NFO,16/07/2024,09:48:48,52560,52560,615,52561.25,60,0,2183610
BANKNIFTY-I.NFO,16/07/2024,09:48:49,52561.25,52561.05,15,52561.25,45,15,2183610
BANKNIFTY-I.NFO,16/07/2024,09:48:51,52561.05,52560.05,15,52561.85,480,315,2183610
BANKNIFTY-I.NFO,16/07/2024,09:48:52,52560.05,52560,615,52561.85,450,60,2183610
BANKNIFTY-I.NFO,16/07/2024,09:48:54,52560,52560,630,52561.85,495,15,2183610
BANKNIFTY-I.NFO,16/07/2024,09:48:56,52560,52560,630,52561.85,495,0,2183610
BANKNIFTY-I.NFO,16/07/2024,09:48:57,52560,52560.05,15,52561.85,480,30,2183610
BANKNIFTY-I.NFO,16/07/2024,09:48:59,52561.65,52560.05,30,52561.65,15,30,2183610
BANKNIFTY-I.NFO,16/07/2024,09:49:01,52556.4,52557.15,15,52561.5,60,705,2183610
BANKNIFTY-I.NFO,16/07/2024,09:49:02,52560.35,52556,90,52560.95,60,120,2183610
BANKNIFTY-I.NFO,16/07/2024,09:49:04,52560.95,52556,90,52560.95,60,30,2183610
BANKNIFTY-I.NFO,16/07/2024,09:49:06,52553.35,52545.05,75,52553,75,1110,2183610
BANKNIFTY-I.NFO,16/07/2024,09:49:07,52548.75,52548.75,15,52553,60,135,2183610
BANKNIFTY-I.NFO,16/07/2024,09:49:09,52548.75,52550,15,52552.95,45,0,2183610
BANKNIFTY-I.NFO,16/07/2024,09:49:11,52552,52545.55,15,52552.75,15,45,2183610
BANKNIFTY-I.NFO,16/07/2024,09:49:12,52540.75,52542.25,30,52550.75,15,165,2183610
BANKNIFTY-I.NFO,16/07/2024,09:49:14,52540.75,52543,15,52548.75,15,0,2183610
BANKNIFTY-I.NFO,16/07/2024,09:49:16,52548.6,52540,480,52548.55,30,120,2183610
BANKNIFTY-I.NFO,16/07/2024,09:49:17,52536,52540.05,15,52543.5,45,675,2183610
BANKNIFTY-I.NFO,16/07/2024,09:49:19,52543.5,52536.7,30,52543.45,15,105,2183610
BANKNIFTY-I.NFO,16/07/2024,09:49:21,52535.4,52535.25,30,52543,15,15,2183610
BANKNIFTY-I.NFO,16/07/2024,09:49:22,52532.9,52532.9,15,52541,495,90,2183610
BANKNIFTY-I.NFO,16/07/2024,09:49:24,52536.5,52532.1,30,52536.5,195,165,2183610
BANKNIFTY-I.NFO,16/07/2024,09:49:26,52542.5,52532.55,15,52542.3,30,360,2183610
BANKNIFTY-I.NFO,16/07/2024,09:49:27,52530.2,52530.05,15,52536.3,75,240,2183610
BANKNIFTY-I.NFO,16/07/2024,09:49:27,52530.2,52530.05,15,52536.3,75,0,2183610
BANKNIFTY-I.NFO,16/07/2024,09:49:29,52530,52531.4,30,52536.3,15,405,2183610
BANKNIFTY-I.NFO,16/07/2024,09:49:29,52530,52531.4,30,52536.3,15,0,2183610
BANKNIFTY-I.NFO,16/07/2024,09:49:30,52530.2,52530.6,30,52536.3,15,105,2183610
BANKNIFTY-I.NFO,16/07/2024,09:49:32,52538.2,52532,15,52538.7,60,105,2183610
BANKNIFTY-I.NFO,16/07/2024,09:49:34,52531.9,52532.65,30,52541.95,45,225,2183610
BANKNIFTY-I.NFO,16/07/2024,09:49:35,52534.7,52535.55,45,52541.95,15,15,2183610
BANKNIFTY-I.NFO,16/07/2024,09:49:37,52538.35,52538.5,60,52543,15,105,2183610
BANKNIFTY-I.NFO,16/07/2024,09:49:39,52543,52540.95,15,52549.95,60,45,2183610
