Ticker,Date,Time,LTP,BuyPrice,BuyQty,SellPrice,SellQty,LTQ,OpenInterest
NIFTY-III.NFO,19/02/2025,09:15:00,23250,23187.6,150,23204.7,150,75,0
NIFTY-III.NFO,19/02/2025,09:15:00,23250,23187.6,150,23204.7,150,0,0
NIFTY-III.NFO,19/02/2025,09:15:00,23250,23187.6,150,23204.7,150,0,0
NIFTY-III.NFO,19/02/2025,09:15:00,23250,23187.6,150,23204.7,150,0,0
NIFTY-III.NFO,19/02/2025,09:15:02,23182.55,23160.3,150,23179.5,75,525,383025
NIFTY-III.NFO,19/02/2025,09:15:02,23182.55,23160.3,150,23179.5,75,0,383025
NIFTY-III.NFO,19/02/2025,09:15:03,23171.4,23156.5,150,23171.4,75,225,383025
NIFTY-III.NFO,19/02/2025,09:15:03,23171.4,23156.5,150,23171.4,75,0,383025
NIFTY-III.NFO,19/02/2025,09:15:05,23160.6,23158.05,150,23168.4,150,150,383025
NIFTY-III.NFO,19/02/2025,09:15:05,23160.6,23158.05,150,23168.4,150,0,383025
NIFTY-III.NFO,19/02/2025,09:15:07,23160.6,23158.05,150,23166.1,150,0,383025
NIFTY-III.NFO,19/02/2025,09:15:08,23166.1,23162.5,150,23172.85,150,75,383025
NIFTY-III.NFO,19/02/2025,09:15:10,23174.2,23168.1,150,23177.9,75,300,383025
NIFTY-III.NFO,19/02/2025,09:15:12,23174.2,23167.5,150,23177.75,75,0,383025
NIFTY-III.NFO,19/02/2025,09:15:13,23174.2,23167.25,150,23177.55,75,0,383025
NIFTY-III.NFO,19/02/2025,09:15:15,23174.2,23170.75,150,23180.85,75,75,383025
NIFTY-III.NFO,19/02/2025,09:15:17,23174.2,23168.65,150,23177.85,75,75,383025
NIFTY-III.NFO,19/02/2025,09:15:18,23174.2,23168.5,75,23177.1,75,0,383025
NIFTY-III.NFO,19/02/2025,09:15:20,23177.5,23168.5,75,23177.55,300,75,383025
NIFTY-III.NFO,19/02/2025,09:15:21,23177.5,23168.75,150,23178.55,750,0,383025
NIFTY-III.NFO,19/02/2025,09:15:23,23177.25,23168.55,150,23177.65,300,75,383025
NIFTY-III.NFO,19/02/2025,09:15:25,23177.7,23177.65,75,23178.25,750,75,383025
NIFTY-III.NFO,19/02/2025,09:15:26,23177.7,23177.65,75,23180.9,75,0,383025
NIFTY-III.NFO,19/02/2025,09:15:31,23180.9,23174.35,150,23182.75,300,75,383400
NIFTY-III.NFO,19/02/2025,09:15:33,23182.55,23174.3,75,23182.3,225,75,383400
NIFTY-III.NFO,19/02/2025,09:15:34,23180,23178.05,75,23180.15,225,75,383400
NIFTY-III.NFO,19/02/2025,09:15:36,23178,23175,75,23178.3,750,150,383400
NIFTY-III.NFO,19/02/2025,09:15:38,23178,23175,75,23180.35,225,0,383400
NIFTY-III.NFO,19/02/2025,09:15:39,23178,23175,75,23177.65,3600,0,383400
NIFTY-III.NFO,19/02/2025,09:15:41,23178,23175.1,75,23177.65,3600,0,383400
NIFTY-III.NFO,19/02/2025,09:15:43,23175.1,23175.05,75,23177.65,3600,75,383400
NIFTY-III.NFO,19/02/2025,09:15:44,23177.65,23175.05,75,23177.65,3525,75,383400
NIFTY-III.NFO,19/02/2025,09:15:46,23177.65,23175.05,75,23177.45,75,0,383400
NIFTY-III.NFO,19/02/2025,09:15:48,23177.65,23175,75,23177.65,3600,0,383400
NIFTY-III.NFO,19/02/2025,09:15:49,23175,23170,75,23175,375,75,383400
NIFTY-III.NFO,19/02/2025,09:15:51,23170,23169,375,23175,375,150,383400
NIFTY-III.NFO,19/02/2025,09:15:53,23170,23168.05,225,23175,375,0,383400
NIFTY-III.NFO,19/02/2025,09:15:54,23175,23168,450,23174.55,75,75,383400
NIFTY-III.NFO,19/02/2025,09:15:56,23175,23170,75,23175,225,0,383400
NIFTY-III.NFO,19/02/2025,09:15:58,23175,23171.65,225,23175,225,0,383400
NIFTY-III.NFO,19/02/2025,09:15:59,23175,23170,75,23174.95,150,225,383400
NIFTY-III.NFO,19/02/2025,09:16:01,23175,23170,75,23173.15,225,0,383400
NIFTY-III.NFO,19/02/2025,09:16:03,23170,23165,75,23167.4,225,75,383400
NIFTY-III.NFO,19/02/2025,09:16:04,23170,23165,75,23169,225,0,383400
NIFTY-III.NFO,19/02/2025,09:16:06,23165,23161.05,375,23165,2925,75,383400
NIFTY-III.NFO,19/02/2025,09:16:08,23165,23160.65,150,23165,2925,0,383400
NIFTY-III.NFO,19/02/2025,09:16:09,23165,23160.6,225,23165,2925,0,383400
NIFTY-III.NFO,19/02/2025,09:16:11,23165,23160.05,150,23165,2925,0,383400
NIFTY-III.NFO,19/02/2025,09:16:13,23160,23159.65,375,23165,2925,150,383400
NIFTY-III.NFO,19/02/2025,09:16:13,23160,23159.65,375,23165,2925,0,383400
NIFTY-III.NFO,19/02/2025,09:16:14,23165,23160.05,150,23165,2850,75,383400
NIFTY-III.NFO,19/02/2025,09:16:16,23165,23160,375,23165,2850,0,383400
NIFTY-III.NFO,19/02/2025,09:16:17,23165,23160.05,150,23165,2775,75,383400
NIFTY-III.NFO,19/02/2025,09:16:19,23165,23160.05,150,23165,2775,0,383400
NIFTY-III.NFO,19/02/2025,09:16:21,23165,23161.1,150,23165,2775,0,383400
NIFTY-III.NFO,19/02/2025,09:16:22,23165,23160.1,75,23165,2775,0,383400
NIFTY-III.NFO,19/02/2025,09:16:24,23165,23160.15,150,23165,2775,0,383400
NIFTY-III.NFO,19/02/2025,09:16:26,23165,23160.1,75,23165,2775,0,383400
NIFTY-III.NFO,19/02/2025,09:16:27,23165,23160.1,75,23164.95,150,75,383400
NIFTY-III.NFO,19/02/2025,09:16:29,23165,23160.1,75,23164.95,150,0,383400
NIFTY-III.NFO,19/02/2025,09:16:32,23165,23160.05,150,23165,2700,0,383400
NIFTY-III.NFO,19/02/2025,09:16:34,23165,23160,450,23165,2625,75,383400
NIFTY-III.NFO,19/02/2025,09:16:35,23165,23163,300,23165,2625,0,383400
NIFTY-III.NFO,19/02/2025,09:16:40,23165,23163,300,23165,2175,450,383400
NIFTY-III.NFO,19/02/2025,09:16:42,23165,23163,300,23165,2100,75,383400
NIFTY-III.NFO,19/02/2025,09:16:43,23165,23164.3,75,23165,1800,300,383400
NIFTY-III.NFO,19/02/2025,09:16:45,23165,23163.1,450,23165,1725,75,383400
NIFTY-III.NFO,19/02/2025,09:16:47,23165,23163.1,75,23165,1725,0,383400
NIFTY-III.NFO,19/02/2025,09:16:48,23165,23163.45,450,23165,1575,150,383400
NIFTY-III.NFO,19/02/2025,09:16:50,23165,23163.15,150,23165,1575,0,383400
NIFTY-III.NFO,19/02/2025,09:16:51,23165,23164.25,150,23173.35,225,1650,383400
NIFTY-III.NFO,19/02/2025,09:16:53,23172.95,23168,375,23172.95,75,75,383400
NIFTY-III.NFO,19/02/2025,09:16:55,23172.95,23168,300,23172.95,75,0,383400
NIFTY-III.NFO,19/02/2025,09:16:56,23172.95,23168,300,23172.8,75,0,383400
NIFTY-III.NFO,19/02/2025,09:16:58,23172.8,23168,300,23172.05,150,75,383400
NIFTY-III.NFO,19/02/2025,09:16:59,23172.8,23168,300,23172.55,150,0,383400
NIFTY-III.NFO,19/02/2025,09:17:01,23172.8,23168,300,23171.75,150,0,383400
NIFTY-III.NFO,19/02/2025,09:17:03,23172.8,23168,375,23173.65,150,0,383400
NIFTY-III.NFO,19/02/2025,09:17:04,23172.8,23170,150,23173.65,150,0,383400
NIFTY-III.NFO,19/02/2025,09:17:06,23172.8,23170,150,23172.8,525,0,383400
NIFTY-III.NFO,19/02/2025,09:17:08,23172.8,23170,150,23172.6,150,75,383400
NIFTY-III.NFO,19/02/2025,09:17:09,23172.8,23170,150,23172.45,150,0,383400
NIFTY-III.NFO,19/02/2025,09:17:11,23169,23168,375,23169,2550,450,383400
NIFTY-III.NFO,19/02/2025,09:17:13,23169,23168,75,23169,2250,300,383400
NIFTY-III.NFO,19/02/2025,09:17:14,23169,23168,75,23169,2250,0,383400
NIFTY-III.NFO,19/02/2025,09:17:18,23169,23168.05,75,23169,2250,0,383400
NIFTY-III.NFO,19/02/2025,09:17:19,23169,23168.05,75,23169,2175,75,383400
NIFTY-III.NFO,19/02/2025,09:17:21,23168.05,23166,225,23169,2100,150,383400
NIFTY-III.NFO,19/02/2025,09:17:22,23168.05,23166,450,23169,2100,0,383400
NIFTY-III.NFO,19/02/2025,09:17:24,23168.05,23166.65,225,23169,2100,0,383400
NIFTY-III.NFO,19/02/2025,09:17:25,23168.05,23166.8,75,23169,2100,0,383400
NIFTY-III.NFO,19/02/2025,09:17:27,23168.05,23168,225,23169,2100,0,383400
NIFTY-III.NFO,19/02/2025,09:17:29,23169,23169.65,150,23175,75,2550,383400
NIFTY-III.NFO,19/02/2025,09:17:30,23175,23172.6,150,23177.65,3525,75,383400
NIFTY-III.NFO,19/02/2025,09:17:32,23175,23173.2,75,23177.65,3525,0,383400
NIFTY-III.NFO,19/02/2025,09:17:34,23175,23173.45,75,23177.65,3525,0,383400
NIFTY-III.NFO,19/02/2025,09:17:37,23171.35,23172.4,450,23177.65,3525,3000,383400
NIFTY-III.NFO,19/02/2025,09:17:38,23177.65,23175,225,23177.65,3450,75,383400
NIFTY-III.NFO,19/02/2025,09:17:40,23177.65,23175,225,23177.65,3450,0,383400
NIFTY-III.NFO,19/02/2025,09:17:42,23177.65,23176.2,450,23177.65,3450,0,383400
NIFTY-III.NFO,19/02/2025,09:17:43,23177.65,23175.55,450,23177.65,3450,0,383400
NIFTY-III.NFO,19/02/2025,09:17:45,23177.65,23176.85,450,23177.65,3450,0,383400
NIFTY-III.NFO,19/02/2025,09:17:47,23177.65,23179.25,150,23190.1,225,3450,383400
NIFTY-III.NFO,19/02/2025,09:17:48,23190,23180.5,225,23190.05,150,375,383400
NIFTY-III.NFO,19/02/2025,09:17:50,23190,23182.05,150,23191.65,225,0,383400
NIFTY-III.NFO,19/02/2025,09:17:52,23190,23180.5,75,23187.5,150,0,383400
NIFTY-III.NFO,19/02/2025,09:17:53,23190,23179.3,150,23188.4,75,0,383400
NIFTY-III.NFO,19/02/2025,09:17:55,23186.85,23178.95,75,23185.95,75,75,383400
NIFTY-III.NFO,19/02/2025,09:17:56,23186.85,23179.55,150,23186.95,75,0,383400
NIFTY-III.NFO,19/02/2025,09:17:58,23186.85,23180.15,75,23188.05,150,0,383400
NIFTY-III.NFO,19/02/2025,09:18:00,23186.85,23182.05,150,23190.25,225,0,383400
NIFTY-III.NFO,19/02/2025,09:18:02,23186.85,23183.35,150,23192.45,75,0,383400
NIFTY-III.NFO,19/02/2025,09:18:03,23186.85,23182.95,225,23191.5,150,0,383400
NIFTY-III.NFO,19/02/2025,09:18:05,23186.85,23182.85,225,23186.85,75,0,383400
NIFTY-III.NFO,19/02/2025,09:18:07,23186.85,23186.85,150,23189.75,150,75,383400
NIFTY-III.NFO,19/02/2025,09:18:08,23186.85,23186.85,150,23187.9,75,0,383400
NIFTY-III.NFO,19/02/2025,09:18:10,23186.85,23186.85,150,23186.95,75,0,383400
NIFTY-III.NFO,19/02/2025,09:18:11,23186.85,23178.65,450,23186.95,150,150,383400
NIFTY-III.NFO,19/02/2025,09:18:13,23186.85,23178.1,375,23183,75,0,383400
NIFTY-III.NFO,19/02/2025,09:18:15,23183,23176.2,600,23183,75,150,383400
NIFTY-III.NFO,19/02/2025,09:18:16,23183,23177.35,450,23184.2,150,0,383400
NIFTY-III.NFO,19/02/2025,09:18:18,23183,23177.85,450,23185.15,150,0,383400
NIFTY-III.NFO,19/02/2025,09:18:20,23183,23177.85,375,23184,75,0,383400
NIFTY-III.NFO,19/02/2025,09:18:21,23184,23179.3,225,23187.5,150,75,383400
NIFTY-III.NFO,19/02/2025,09:18:23,23184,23182,150,23190.3,150,0,383400
NIFTY-III.NFO,19/02/2025,09:18:24,23184,23181.35,150,23190.4,450,0,383400
NIFTY-III.NFO,19/02/2025,09:18:26,23184,23181.6,225,23189.6,75,0,383400
NIFTY-III.NFO,19/02/2025,09:18:28,23189.6,23181.6,225,23190.45,150,75,383400
NIFTY-III.NFO,19/02/2025,09:18:29,23189.6,23182.6,150,23191.1,225,0,383400
NIFTY-III.NFO,19/02/2025,09:18:31,23189.6,23181.75,75,23189.65,225,0,383400
NIFTY-III.NFO,19/02/2025,09:18:32,23189.6,23180.35,225,23188.6,450,0,383400
NIFTY-III.NFO,19/02/2025,09:18:34,23189.6,23180,150,23187.75,450,0,383400
NIFTY-III.NFO,19/02/2025,09:18:36,23189.6,23183,75,23187.35,150,0,383400
NIFTY-III.NFO,19/02/2025,09:18:37,23189.6,23183,75,23186.75,225,0,383400
NIFTY-III.NFO,19/02/2025,09:18:39,23189.6,23183,75,23185.7,450,0,383400
NIFTY-III.NFO,19/02/2025,09:18:41,23189.6,23183,75,23185.7,75,0,383400
NIFTY-III.NFO,19/02/2025,09:18:42,23189.6,23183,75,23185.45,825,0,383400
NIFTY-III.NFO,19/02/2025,09:18:44,23189.6,23183,75,23186.7,450,0,383400
NIFTY-III.NFO,19/02/2025,09:18:46,23189.6,23183,75,23187.65,825,0,383400
NIFTY-III.NFO,19/02/2025,09:18:47,23189.6,23183,75,23187.65,750,0,383400
NIFTY-III.NFO,19/02/2025,09:18:49,23189.6,23183,75,23187.95,450,0,383400
NIFTY-III.NFO,19/02/2025,09:18:51,23188.85,23183,75,23188.85,450,75,383400
NIFTY-III.NFO,19/02/2025,09:18:52,23188.85,23183,75,23188.15,450,0,393150
NIFTY-III.NFO,19/02/2025,09:18:54,23188.85,23183,75,23187.35,300,0,393150
NIFTY-III.NFO,19/02/2025,09:18:55,23188.85,23183,75,23187.35,75,0,393150
NIFTY-III.NFO,19/02/2025,09:18:57,23188.85,23183,150,23188.85,75,0,393150
NIFTY-III.NFO,19/02/2025,09:18:59,23188.9,23183,75,23188.45,75,150,393150
NIFTY-III.NFO,19/02/2025,09:19:00,23188.9,23183.65,75,23189.45,750,0,393150
NIFTY-III.NFO,19/02/2025,09:19:02,23188.9,23183,150,23189.45,825,0,393150
NIFTY-III.NFO,19/02/2025,09:19:03,23189.45,23186.1,150,23190.05,150,75,393150
NIFTY-III.NFO,19/02/2025,09:19:05,23189.45,23183.3,150,23190.05,150,0,393150
NIFTY-III.NFO,19/02/2025,09:19:07,23189.45,23184.85,225,23190.05,150,0,393150
NIFTY-III.NFO,19/02/2025,09:19:08,23189.45,23184.6,150,23190.95,750,0,393150
NIFTY-III.NFO,19/02/2025,09:19:10,23189.45,23187.8,150,23190.95,750,0,393150
NIFTY-III.NFO,19/02/2025,09:19:11,23189.45,23187.2,150,23190.4,300,0,393150
NIFTY-III.NFO,19/02/2025,09:19:13,23190.35,23187.2,150,23190.1,75,300,393150
NIFTY-III.NFO,19/02/2025,09:19:15,23187.2,23183,75,23188.25,375,150,393150
NIFTY-III.NFO,19/02/2025,09:19:16,23187.2,23183,75,23186.2,375,0,393150
NIFTY-III.NFO,19/02/2025,09:19:18,23187.2,23183,75,23184.9,375,0,393150
NIFTY-III.NFO,19/02/2025,09:19:19,23185.5,23183,75,23186.3,750,75,393150
NIFTY-III.NFO,19/02/2025,09:19:21,23185.5,23183,75,23184.6,225,0,393150
NIFTY-III.NFO,19/02/2025,09:19:23,23185.5,23183,75,23185,675,0,393150
NIFTY-III.NFO,19/02/2025,09:19:24,23185.5,23184,75,23184.4,300,0,393150
NIFTY-III.NFO,19/02/2025,09:19:26,23184.3,23180,375,23183,300,225,393150
NIFTY-III.NFO,19/02/2025,09:19:27,23184.3,23180,375,23181.5,300,0,393150
NIFTY-III.NFO,19/02/2025,09:19:29,23184.3,23180,375,23184.5,225,0,393150
NIFTY-III.NFO,19/02/2025,09:19:31,23184.3,23180,375,23183,375,0,393150
NIFTY-III.NFO,19/02/2025,09:19:32,23180,23176.85,75,23180.5,450,450,393150
NIFTY-III.NFO,19/02/2025,09:19:34,23180,23176.85,75,23181.65,825,0,393150
NIFTY-III.NFO,19/02/2025,09:19:36,23180,23176.9,225,23183.4,300,0,393150
NIFTY-III.NFO,19/02/2025,09:19:37,23180,23176.9,225,23185.45,300,0,393150
NIFTY-III.NFO,19/02/2025,09:19:38,23180,23176.9,225,23184.75,225,0,393150
NIFTY-III.NFO,19/02/2025,09:19:40,23180,23180.05,225,23185.6,750,0,393150
NIFTY-III.NFO,19/02/2025,09:19:42,23180,23180,75,23183.35,225,0,393150
NIFTY-III.NFO,19/02/2025,09:19:43,23180,23180,75,23182.05,225,0,393150
NIFTY-III.NFO,19/02/2025,09:19:45,23180,23180,150,23180.95,225,0,393150
NIFTY-III.NFO,19/02/2025,09:19:47,23180,23180,150,23180.65,225,0,393150
NIFTY-III.NFO,19/02/2025,09:19:48,23180,23180,150,23183.15,225,0,393150
NIFTY-III.NFO,19/02/2025,09:19:50,23182.45,23180,150,23181.75,75,75,393150
NIFTY-III.NFO,19/02/2025,09:19:52,23182.45,23180,150,23185.15,225,0,393150
NIFTY-III.NFO,19/02/2025,09:19:53,23182.45,23180,150,23185.25,450,0,393150
NIFTY-III.NFO,19/02/2025,09:19:55,23182.45,23180,225,23183.75,225,0,393150
NIFTY-III.NFO,19/02/2025,09:19:57,23182.45,23180,225,23183.1,225,0,393150
NIFTY-III.NFO,19/02/2025,09:19:58,23182.45,23180,225,23182.55,225,0,393150
NIFTY-III.NFO,19/02/2025,09:20:00,23182.55,23181,75,23181.65,150,75,393150
NIFTY-III.NFO,19/02/2025,09:20:02,23181,23180,150,23180.35,75,75,393150
NIFTY-III.NFO,19/02/2025,09:20:03,23180,23180,75,23182,450,75,393150
NIFTY-III.NFO,19/02/2025,09:20:05,23180,23176.85,75,23180.05,1200,75,393150
NIFTY-III.NFO,19/02/2025,09:20:07,23180,23176.85,75,23178.95,450,0,393150
NIFTY-III.NFO,19/02/2025,09:20:08,23178.85,23175.55,150,23181.05,825,150,393150
NIFTY-III.NFO,19/02/2025,09:20:10,23178.85,23175.55,225,23180.8,750,0,393150
NIFTY-III.NFO,19/02/2025,09:20:12,23178.85,23175.55,150,23181.35,225,0,393150
NIFTY-III.NFO,19/02/2025,09:20:14,23178.85,23175.5,75,23180,75,0,393150
NIFTY-III.NFO,19/02/2025,09:20:15,23178.85,23175.5,75,23177.95,750,75,393150
NIFTY-III.NFO,19/02/2025,09:20:17,23178.85,23175.5,75,23177.1,375,0,393150
NIFTY-III.NFO,19/02/2025,09:20:19,23178.85,23177.35,75,23178.3,750,0,393150
NIFTY-III.NFO,19/02/2025,09:20:20,23178.85,23177.35,75,23180,75,0,393150
NIFTY-III.NFO,19/02/2025,09:20:22,23178.85,23177.35,75,23177.75,375,0,393150
NIFTY-III.NFO,19/02/2025,09:20:24,23178.85,23177.35,75,23177.65,375,0,393150
NIFTY-III.NFO,19/02/2025,09:20:25,23178.85,23177.35,75,23177.7,225,0,393150
NIFTY-III.NFO,19/02/2025,09:20:29,23178.85,23177.35,75,23178,75,0,393150
NIFTY-III.NFO,19/02/2025,09:20:30,23175.5,23173,225,23173.5,750,150,393150
NIFTY-III.NFO,19/02/2025,09:20:32,23173,23170,225,23173.25,375,225,393150
NIFTY-III.NFO,19/02/2025,09:20:34,23173,23170,225,23173.3,225,0,393150
NIFTY-III.NFO,19/02/2025,09:20:35,23173,23170,225,23172.4,375,0,393150
NIFTY-III.NFO,19/02/2025,09:20:37,23173,23170,225,23172.1,375,0,393150
NIFTY-III.NFO,19/02/2025,09:20:39,23173,23170,225,23172.4,750,0,393150
NIFTY-III.NFO,19/02/2025,09:20:42,23172.4,23170,225,23170.6,1125,75,393150
NIFTY-III.NFO,19/02/2025,09:20:44,23166,23165,150,23170.55,375,300,393150
NIFTY-III.NFO,19/02/2025,09:20:45,23166,23165,150,23168.05,1200,0,393150
NIFTY-III.NFO,19/02/2025,09:20:47,23166,23165,150,23167.75,375,0,393150
NIFTY-III.NFO,19/02/2025,09:20:48,23166,23165,150,23168.85,750,0,393150
NIFTY-III.NFO,19/02/2025,09:20:50,23165,23160.95,150,23166.8,825,150,393150
NIFTY-III.NFO,19/02/2025,09:20:52,23165,23160.05,75,23166.6,750,0,393150
NIFTY-III.NFO,19/02/2025,09:20:53,23165,23160.55,225,23166.6,750,0,393150
NIFTY-III.NFO,19/02/2025,09:20:55,23165,23160,150,23165,75,0,393150
NIFTY-III.NFO,19/02/2025,09:20:57,23165,23160,150,23164.85,375,75,393150
NIFTY-III.NFO,19/02/2025,09:20:58,23165,23160.65,150,23169.05,825,0,393150
NIFTY-III.NFO,19/02/2025,09:21:00,23165,23162.7,150,23169.05,750,0,393150
NIFTY-III.NFO,19/02/2025,09:21:02,23165,23160.15,150,23169.05,1200,0,393150
NIFTY-III.NFO,19/02/2025,09:21:03,23165,23160.85,150,23169.2,750,0,393150
NIFTY-III.NFO,19/02/2025,09:21:05,23165,23160.15,150,23168.6,375,0,393150
NIFTY-III.NFO,19/02/2025,09:21:06,23165,23160.05,225,23167.15,75,0,393150
NIFTY-III.NFO,19/02/2025,09:21:08,23165,23160.05,225,23168.9,75,0,393150
NIFTY-III.NFO,19/02/2025,09:21:10,23165,23160.05,225,23168.4,375,0,393150
NIFTY-III.NFO,19/02/2025,09:21:11,23165,23160.7,150,23169.2,450,0,393150
NIFTY-III.NFO,19/02/2025,09:21:13,23165,23160.1,225,23168.3,75,0,393150
NIFTY-III.NFO,19/02/2025,09:21:15,23165,23160.1,150,23167.85,375,0,393150
NIFTY-III.NFO,19/02/2025,09:21:16,23165,23161.6,150,23168.45,750,0,393150
NIFTY-III.NFO,19/02/2025,09:21:18,23165,23165,225,23170,75,0,393150
NIFTY-III.NFO,19/02/2025,09:21:19,23165,23165.05,225,23170,75,0,393150
NIFTY-III.NFO,19/02/2025,09:21:23,23165,23166.2,150,23170,75,0,393150
NIFTY-III.NFO,19/02/2025,09:21:24,23165,23165.3,225,23170,75,0,393150
NIFTY-III.NFO,19/02/2025,09:21:26,23165,23165.05,225,23170,75,0,393150
NIFTY-III.NFO,19/02/2025,09:21:28,23165,23166.65,225,23170,75,0,393150
NIFTY-III.NFO,19/02/2025,09:21:29,23165,23167.3,225,23170,75,0,393150
NIFTY-III.NFO,19/02/2025,09:21:31,23165,23168,150,23170,75,0,393150
NIFTY-III.NFO,19/02/2025,09:21:34,23177.65,23168.65,225,23178.05,750,150,393075
NIFTY-III.NFO,19/02/2025,09:21:36,23177.65,23170.9,150,23178.05,750,0,393075
NIFTY-III.NFO,19/02/2025,09:21:37,23177.65,23173.35,150,23180,75,0,393075
NIFTY-III.NFO,19/02/2025,09:21:39,23177.65,23174.3,150,23180,75,0,393075
NIFTY-III.NFO,19/02/2025,09:21:41,23177.65,23174.25,150,23180,75,0,393075
NIFTY-III.NFO,19/02/2025,09:21:42,23177.65,23175,150,23180,75,0,393075
NIFTY-III.NFO,19/02/2025,09:21:44,23177.65,23175.6,75,23180,75,0,393075
NIFTY-III.NFO,19/02/2025,09:21:46,23180,23174.25,150,23182.15,375,75,393075
NIFTY-III.NFO,19/02/2025,09:21:47,23180,23174.45,150,23183.75,825,0,393075
NIFTY-III.NFO,19/02/2025,09:21:49,23180,23180.6,150,23188.35,75,0,393075
NIFTY-III.NFO,19/02/2025,09:21:51,23180,23178.9,150,23188,150,0,393075
NIFTY-III.NFO,19/02/2025,09:21:52,23180,23178.9,150,23186.75,75,0,393075
NIFTY-III.NFO,19/02/2025,09:21:54,23180,23180,75,23184.4,375,0,393075
NIFTY-III.NFO,19/02/2025,09:21:55,23185.1,23180,75,23184.4,75,75,393075
NIFTY-III.NFO,19/02/2025,09:21:57,23185.1,23180,150,23186.4,75,0,393075
NIFTY-III.NFO,19/02/2025,09:21:59,23185.1,23180.05,150,23189.55,825,0,393075
NIFTY-III.NFO,19/02/2025,09:22:00,23185.1,23181.7,150,23189.55,750,0,393075
NIFTY-III.NFO,19/02/2025,09:22:02,23185.1,23180,150,23186.85,75,0,393075
NIFTY-III.NFO,19/02/2025,09:22:04,23185.1,23180.05,150,23189.4,375,0,393075
NIFTY-III.NFO,19/02/2025,09:22:05,23185.1,23181.95,225,23190.25,75,0,393075
NIFTY-III.NFO,19/02/2025,09:22:07,23185.1,23181.1,150,23189.15,375,0,393075
NIFTY-III.NFO,19/02/2025,09:22:09,23181.1,23180,75,23187.2,150,75,393075
NIFTY-III.NFO,19/02/2025,09:22:10,23181.1,23180,150,23186.6,150,0,393075
NIFTY-III.NFO,19/02/2025,09:22:12,23181.1,23180,150,23187.05,150,0,393075
NIFTY-III.NFO,19/02/2025,09:22:13,23181.1,23180,150,23187.05,75,0,393075
NIFTY-III.NFO,19/02/2025,09:22:15,23181.1,23181,150,23187.6,75,0,393075
NIFTY-III.NFO,19/02/2025,09:22:17,23181.1,23181,75,23186.5,75,0,393075
NIFTY-III.NFO,19/02/2025,09:22:19,23181.1,23181,75,23185.95,150,0,393075
NIFTY-III.NFO,19/02/2025,09:22:20,23181.1,23181,75,23186.35,75,0,393075
NIFTY-III.NFO,19/02/2025,09:22:22,23181.1,23181,75,23185.45,375,0,393075
NIFTY-III.NFO,19/02/2025,09:22:23,23181.1,23181,75,23185.3,75,0,393075
NIFTY-III.NFO,19/02/2025,09:22:25,23181.1,23181,75,23185.15,75,0,393075
NIFTY-III.NFO,19/02/2025,09:22:27,23181.1,23181,75,23186.25,150,0,393075
NIFTY-III.NFO,19/02/2025,09:22:28,23181.1,23181,75,23183.05,75,0,393075
NIFTY-III.NFO,19/02/2025,09:22:30,23181.1,23183.75,75,23186.65,375,0,393075
NIFTY-III.NFO,19/02/2025,09:22:32,23181.1,23180.05,225,23186.45,75,0,393075
NIFTY-III.NFO,19/02/2025,09:22:33,23181.1,23180.05,225,23186.9,150,0,393075
NIFTY-III.NFO,19/02/2025,09:22:35,23181.1,23180.65,150,23186.65,150,0,393075
NIFTY-III.NFO,19/02/2025,09:22:36,23186.65,23181.85,150,23186.65,75,75,393075
NIFTY-III.NFO,19/02/2025,09:22:38,23186.65,23186,150,23186.65,75,0,393075
NIFTY-III.NFO,19/02/2025,09:22:41,23186.65,23186.05,150,23186.65,75,0,393075
NIFTY-III.NFO,19/02/2025,09:22:43,23186.65,23186.05,225,23189,75,75,393075
NIFTY-III.NFO,19/02/2025,09:22:45,23186.65,23186.05,225,23189,75,0,393075
NIFTY-III.NFO,19/02/2025,09:22:46,23186.65,23186,150,23189,75,0,393075
NIFTY-III.NFO,19/02/2025,09:22:48,23186.65,23187,75,23189,75,0,393075
NIFTY-III.NFO,19/02/2025,09:22:50,23186.65,23187.05,225,23189,75,0,393075
NIFTY-III.NFO,19/02/2025,09:22:53,23189,23189.05,225,23193.9,75,75,393075
NIFTY-III.NFO,19/02/2025,09:22:55,23189,23189.05,225,23193.9,75,0,393075
NIFTY-III.NFO,19/02/2025,09:22:56,23189,23189.05,75,23193.9,75,0,393075
NIFTY-III.NFO,19/02/2025,09:22:58,23193.9,23193,75,23195.75,75,75,393075
NIFTY-III.NFO,19/02/2025,09:23:00,23193,23192.05,75,23194.45,75,75,393075
NIFTY-III.NFO,19/02/2025,09:23:01,23193,23192.05,75,23196.7,75,0,393075
NIFTY-III.NFO,19/02/2025,09:23:03,23193,23192.05,75,23195.95,75,0,393075
NIFTY-III.NFO,19/02/2025,09:23:05,23193,23193,225,23196.8,225,0,393075
NIFTY-III.NFO,19/02/2025,09:23:06,23193,23193,225,23195,75,0,393075
NIFTY-III.NFO,19/02/2025,09:23:08,23192.05,23189,75,23191.55,75,300,393075
NIFTY-III.NFO,19/02/2025,09:23:10,23192.05,23189,75,23191.05,75,0,393075
NIFTY-III.NFO,19/02/2025,09:23:11,23192.05,23189,75,23194.55,75,0,393075
NIFTY-III.NFO,19/02/2025,09:23:13,23192.9,23189,75,23192.95,75,75,393075
NIFTY-III.NFO,19/02/2025,09:23:15,23192.9,23189,75,23189.9,300,0,393075
NIFTY-III.NFO,19/02/2025,09:23:16,23192.9,23189,75,23189.75,300,0,393075
NIFTY-III.NFO,19/02/2025,09:23:18,23192.9,23189,75,23192.05,75,0,393075
NIFTY-III.NFO,19/02/2025,09:23:20,23192.9,23189,75,23191.05,75,0,393075
NIFTY-III.NFO,19/02/2025,09:23:21,23192.9,23189,75,23190.55,300,0,393075
NIFTY-III.NFO,19/02/2025,09:23:23,23189,23187,75,23188.1,300,75,393075
NIFTY-III.NFO,19/02/2025,09:23:25,23187.6,23187,75,23187.8,825,75,393075
NIFTY-III.NFO,19/02/2025,09:23:26,23187,23185,75,23185.55,75,75,393075
NIFTY-III.NFO,19/02/2025,09:23:28,23186.25,23185,75,23186.75,300,75,393075
NIFTY-III.NFO,19/02/2025,09:23:30,23187.2,23185,75,23186.2,750,300,393075
NIFTY-III.NFO,19/02/2025,09:23:31,23185,23180,225,23184.55,375,75,393075
NIFTY-III.NFO,19/02/2025,09:23:33,23185,23180,225,23183.9,225,0,393075
NIFTY-III.NFO,19/02/2025,09:23:35,23185,23185,75,23185.7,225,0,393075
NIFTY-III.NFO,19/02/2025,09:23:36,23185,23180,150,23184.5,750,75,393075
NIFTY-III.NFO,19/02/2025,09:23:38,23185,23180,150,23183.3,750,0,393075
NIFTY-III.NFO,19/02/2025,09:23:40,23185,23180,150,23185.05,750,0,393075
NIFTY-III.NFO,19/02/2025,09:23:41,23185,23180,150,23184.95,375,0,393075
NIFTY-III.NFO,19/02/2025,09:23:43,23185,23180,150,23185,750,0,393075
NIFTY-III.NFO,19/02/2025,09:23:45,23185,23180,150,23185,1125,0,393075
NIFTY-III.NFO,19/02/2025,09:23:46,23185,23180,150,23183.2,375,0,393075
NIFTY-III.NFO,19/02/2025,09:23:48,23182.3,23180,150,23181.95,150,150,393075
NIFTY-III.NFO,19/02/2025,09:23:50,23182.3,23180,150,23180.7,750,0,393075
NIFTY-III.NFO,19/02/2025,09:23:51,23182.3,23180,150,23181.3,375,0,393075
NIFTY-III.NFO,19/02/2025,09:23:53,23180,23171.25,225,23179.2,75,225,393075
NIFTY-III.NFO,19/02/2025,09:23:55,23180,23171.25,225,23180.85,75,0,393075
NIFTY-III.NFO,19/02/2025,09:23:56,23180,23170.05,150,23176.75,150,0,393075
NIFTY-III.NFO,19/02/2025,09:23:58,23177.55,23170.05,150,23177.05,375,75,393075
NIFTY-III.NFO,19/02/2025,09:24:00,23177.55,23170.05,150,23176.5,450,0,393075
NIFTY-III.NFO,19/02/2025,09:24:01,23177.55,23170.05,225,23176.75,825,0,393075
NIFTY-III.NFO,19/02/2025,09:24:03,23176.75,23170,300,23176.35,75,75,393075
NIFTY-III.NFO,19/02/2025,09:24:05,23176.9,23170,300,23175.65,450,75,393075
NIFTY-III.NFO,19/02/2025,09:24:06,23176.9,23170.05,150,23176.35,450,0,393075
NIFTY-III.NFO,19/02/2025,09:24:08,23176.9,23170,225,23174.5,375,0,393075
NIFTY-III.NFO,19/02/2025,09:24:10,23176.9,23170.05,225,23176.75,300,0,393075
NIFTY-III.NFO,19/02/2025,09:24:11,23176.9,23170.05,225,23176.75,750,0,393075
NIFTY-III.NFO,19/02/2025,09:24:13,23176.9,23172.85,150,23181.1,75,0,393075
NIFTY-III.NFO,19/02/2025,09:24:15,23176.9,23170.7,150,23178.75,375,0,393075
NIFTY-III.NFO,19/02/2025,09:24:16,23176.9,23170.05,225,23177.45,75,0,393075
NIFTY-III.NFO,19/02/2025,09:24:18,23176.9,23176.9,150,23178.35,750,0,393075
NIFTY-III.NFO,19/02/2025,09:24:20,23176.9,23176.9,150,23180.2,750,0,393075
NIFTY-III.NFO,19/02/2025,09:24:21,23176.9,23176.9,150,23179.9,75,0,393075
NIFTY-III.NFO,19/02/2025,09:24:23,23176.9,23176.9,150,23178.9,375,0,393075
NIFTY-III.NFO,19/02/2025,09:24:25,23176.9,23176.9,150,23177.2,450,0,393075
NIFTY-III.NFO,19/02/2025,09:24:26,23176.9,23176.9,150,23177.65,750,0,393075
NIFTY-III.NFO,19/02/2025,09:24:28,23176.9,23176.9,150,23177.5,375,0,393075
NIFTY-III.NFO,19/02/2025,09:24:30,23175.5,23172,525,23175.25,75,225,393075
NIFTY-III.NFO,19/02/2025,09:24:31,23172,23170,300,23171.35,375,525,393225
NIFTY-III.NFO,19/02/2025,09:24:33,23172,23170,300,23171.6,675,0,393225
NIFTY-III.NFO,19/02/2025,09:24:35,23172,23170,300,23170.65,375,0,393225
NIFTY-III.NFO,19/02/2025,09:24:36,23172,23170,300,23171.35,750,0,393225
NIFTY-III.NFO,19/02/2025,09:24:38,23172,23170,300,23176.15,300,0,393225
NIFTY-III.NFO,19/02/2025,09:24:40,23172,23170.05,225,23177.7,300,0,393225
NIFTY-III.NFO,19/02/2025,09:24:41,23172,23170,300,23175.9,300,0,393225
NIFTY-III.NFO,19/02/2025,09:24:43,23172,23170,300,23172.65,450,0,393225
NIFTY-III.NFO,19/02/2025,09:24:45,23172,23170,300,23171.9,300,0,393225
NIFTY-III.NFO,19/02/2025,09:24:46,23170,23165,150,23169.95,750,300,393225
NIFTY-III.NFO,19/02/2025,09:24:48,23170,23165.05,225,23171.8,750,0,393225
NIFTY-III.NFO,19/02/2025,09:24:51,23170,23165,150,23170.3,300,0,393225
NIFTY-III.NFO,19/02/2025,09:24:53,23170,23165.05,150,23171.75,750,0,393225
NIFTY-III.NFO,19/02/2025,09:24:55,23170,23165,150,23171.55,300,0,393225
NIFTY-III.NFO,19/02/2025,09:24:56,23170,23165.05,225,23172.65,750,0,393225
NIFTY-III.NFO,19/02/2025,09:24:58,23170,23167.15,225,23175.25,75,0,393225
NIFTY-III.NFO,19/02/2025,09:25:00,23170,23168.95,150,23177.75,75,0,393225
NIFTY-III.NFO,19/02/2025,09:25:01,23170,23166,750,23171.5,300,0,393225
NIFTY-III.NFO,19/02/2025,09:25:03,23170,23166.05,225,23171.85,300,0,393225
NIFTY-III.NFO,19/02/2025,09:25:05,23170,23166,750,23171.2,300,0,393225
NIFTY-III.NFO,19/02/2025,09:25:06,23170,23166.05,225,23173.25,300,0,393225
NIFTY-III.NFO,19/02/2025,09:25:08,23170,23170,75,23170.35,300,0,393225
NIFTY-III.NFO,19/02/2025,09:25:10,23170,23168,600,23169.15,300,75,393225
NIFTY-III.NFO,19/02/2025,09:25:11,23169.05,23168,600,23169.25,375,75,393225
NIFTY-III.NFO,19/02/2025,09:25:13,23168,23166,150,23168.05,300,600,393225
NIFTY-III.NFO,19/02/2025,09:25:15,23168,23166,150,23168.8,450,0,393225
NIFTY-III.NFO,19/02/2025,09:25:16,23168,23166,150,23168,300,0,393225
NIFTY-III.NFO,19/02/2025,09:25:18,23168,23166,150,23168,300,150,393225
NIFTY-III.NFO,19/02/2025,09:25:20,23168,23166,150,23168.1,375,0,393225
NIFTY-III.NFO,19/02/2025,09:25:21,23168,23166,150,23166.8,375,0,393225
NIFTY-III.NFO,19/02/2025,09:25:23,23168,23166,150,23168.9,300,0,393225
NIFTY-III.NFO,19/02/2025,09:25:24,23168,23168,75,23170.4,75,0,393225
NIFTY-III.NFO,19/02/2025,09:25:26,23168,23168,75,23169.4,300,0,393225
NIFTY-III.NFO,19/02/2025,09:25:28,23170,23168,75,23168.95,375,150,393225
NIFTY-III.NFO,19/02/2025,09:25:29,23168,23166,150,23167.25,300,75,393225
NIFTY-III.NFO,19/02/2025,09:25:31,23168,23166,150,23166.2,300,0,393225
NIFTY-III.NFO,19/02/2025,09:25:33,23165,23160.25,75,23165.4,750,525,393225
NIFTY-III.NFO,19/02/2025,09:25:34,23165,23160.3,225,23166.5,375,0,393225
NIFTY-III.NFO,19/02/2025,09:25:36,23165,23166.2,75,23170.2,300,0,393225
NIFTY-III.NFO,19/02/2025,09:25:38,23165,23166.2,75,23171.65,300,0,393225
NIFTY-III.NFO,19/02/2025,09:25:39,23165,23166.7,150,23175.3,375,0,393225
NIFTY-III.NFO,19/02/2025,09:25:41,23165,23169.85,225,23178.7,450,0,393225
NIFTY-III.NFO,19/02/2025,09:25:43,23165,23171.45,150,23179.8,750,0,393225
NIFTY-III.NFO,19/02/2025,09:25:44,23165,23172.6,150,23180.75,300,0,393225
NIFTY-III.NFO,19/02/2025,09:25:46,23165,23168.45,150,23176.45,225,0,393225
NIFTY-III.NFO,19/02/2025,09:25:48,23167.2,23168.4,225,23176.55,75,75,393225
NIFTY-III.NFO,19/02/2025,09:25:49,23167.2,23167.2,150,23174.65,75,0,393225
NIFTY-III.NFO,19/02/2025,09:25:51,23167.2,23166.25,225,23173.75,150,0,393225
NIFTY-III.NFO,19/02/2025,09:25:52,23167.4,23167.4,225,23176.35,825,75,393225
NIFTY-III.NFO,19/02/2025,09:25:54,23167.4,23170.05,225,23178.2,750,0,393225
NIFTY-III.NFO,19/02/2025,09:25:56,23167.4,23170.05,225,23178.1,150,0,393225
NIFTY-III.NFO,19/02/2025,09:25:57,23167.4,23170,75,23174.85,150,0,393225
NIFTY-III.NFO,19/02/2025,09:25:59,23167.4,23170,75,23173.85,150,0,393225
NIFTY-III.NFO,19/02/2025,09:26:01,23167.4,23170,75,23171.35,150,0,393225
NIFTY-III.NFO,19/02/2025,09:26:02,23167.4,23170,75,23172.05,150,0,393225
NIFTY-III.NFO,19/02/2025,09:26:04,23167.4,23170,75,23175.25,150,0,393225
NIFTY-III.NFO,19/02/2025,09:26:05,23167.4,23170,75,23174.9,375,0,393225
NIFTY-III.NFO,19/02/2025,09:26:07,23167.4,23170,75,23175,150,0,393225
NIFTY-III.NFO,19/02/2025,09:26:09,23167.4,23170,75,23175.9,150,0,393225
NIFTY-III.NFO,19/02/2025,09:26:10,23167.4,23170.05,225,23176.9,300,0,393225
NIFTY-III.NFO,19/02/2025,09:26:12,23167.4,23170.05,225,23176.8,225,0,393225
NIFTY-III.NFO,19/02/2025,09:26:13,23167.4,23170,75,23175.4,150,0,393225
NIFTY-III.NFO,19/02/2025,09:26:15,23167.4,23170,75,23174.15,150,0,393225
NIFTY-III.NFO,19/02/2025,09:26:17,23167.4,23170,150,23175.85,150,0,393225
NIFTY-III.NFO,19/02/2025,09:26:18,23167.4,23170,75,23173.8,225,0,393225
NIFTY-III.NFO,19/02/2025,09:26:20,23167.4,23170,75,23173.65,75,0,393225
NIFTY-III.NFO,19/02/2025,09:26:23,23167.4,23170,75,23174.05,375,0,393225
NIFTY-III.NFO,19/02/2025,09:26:25,23174.05,23170,75,23172.95,225,75,393225
NIFTY-III.NFO,19/02/2025,09:26:26,23171.6,23170,75,23171.5,150,75,393225
NIFTY-III.NFO,19/02/2025,09:26:28,23172.05,23170,75,23172.45,300,75,393225
NIFTY-III.NFO,19/02/2025,09:26:30,23172.05,23170,75,23173.1,375,0,393225
NIFTY-III.NFO,19/02/2025,09:26:33,23172.05,23170,75,23173.05,900,0,393225
NIFTY-III.NFO,19/02/2025,09:26:35,23172.05,23170,75,23172.45,300,0,393225
NIFTY-III.NFO,19/02/2025,09:26:36,23172.05,23170,150,23172.4,150,0,393225
NIFTY-III.NFO,19/02/2025,09:26:38,23172.05,23170,150,23171.4,300,0,393225
NIFTY-III.NFO,19/02/2025,09:26:39,23172.05,23170,150,23170.85,150,0,393225
NIFTY-III.NFO,19/02/2025,09:26:41,23172.05,23170,150,23171,150,0,393225
NIFTY-III.NFO,19/02/2025,09:26:43,23172.05,23170,150,23171.05,450,0,393225
NIFTY-III.NFO,19/02/2025,09:26:44,23170,23165,300,23169,150,150,393225
NIFTY-III.NFO,19/02/2025,09:26:46,23170,23165,300,23169,150,0,393225
NIFTY-III.NFO,19/02/2025,09:26:48,23170,23165,300,23169.3,300,0,393225
NIFTY-III.NFO,19/02/2025,09:26:49,23170,23165,300,23170.75,225,0,393225
NIFTY-III.NFO,19/02/2025,09:26:51,23170,23165,300,23167.35,75,0,393225
NIFTY-III.NFO,19/02/2025,09:26:53,23170,23165,300,23167.6,450,0,393225
NIFTY-III.NFO,19/02/2025,09:26:54,23167.6,23165,300,23167.6,75,75,393225
NIFTY-III.NFO,19/02/2025,09:26:56,23167.6,23165,300,23167.75,150,0,393225
NIFTY-III.NFO,19/02/2025,09:26:58,23167.6,23165,300,23168.65,150,0,393225
NIFTY-III.NFO,19/02/2025,09:26:59,23165,23165,225,23168.45,150,75,393225
NIFTY-III.NFO,19/02/2025,09:27:01,23165,23165,225,23167.85,300,0,393225
NIFTY-III.NFO,19/02/2025,09:27:03,23165,23165,225,23169.75,150,0,393225
NIFTY-III.NFO,19/02/2025,09:27:04,23165,23165,225,23169.7,75,0,393225
NIFTY-III.NFO,19/02/2025,09:27:06,23165,23165,225,23170.5,75,0,393225
NIFTY-III.NFO,19/02/2025,09:27:08,23165,23165.05,225,23171.7,75,0,393225
NIFTY-III.NFO,19/02/2025,09:27:09,23165,23165.85,225,23172.05,75,0,393225
NIFTY-III.NFO,19/02/2025,09:27:11,23165,23167.25,225,23172.05,75,0,393225
NIFTY-III.NFO,19/02/2025,09:27:12,23165,23167.45,150,23172.05,75,0,393225
NIFTY-III.NFO,19/02/2025,09:27:14,23165,23166.95,225,23172.05,75,0,393225
NIFTY-III.NFO,19/02/2025,09:27:16,23165,23165.05,225,23171.7,150,0,393225
NIFTY-III.NFO,19/02/2025,09:27:17,23165,23165,375,23170.55,150,0,393225
NIFTY-III.NFO,19/02/2025,09:27:19,23165,23165.2,150,23170.6,150,0,393225
NIFTY-III.NFO,19/02/2025,09:27:21,23165,23165.2,225,23171.1,150,0,393225
NIFTY-III.NFO,19/02/2025,09:27:22,23165,23165.85,150,23172.05,75,0,393225
NIFTY-III.NFO,19/02/2025,09:27:24,23172.5,23166.55,225,23173.8,225,150,393225
NIFTY-III.NFO,19/02/2025,09:27:26,23172.5,23168.1,150,23176.2,225,0,393225
NIFTY-III.NFO,19/02/2025,09:27:27,23172.5,23168.1,150,23175.6,300,0,393225
NIFTY-III.NFO,19/02/2025,09:27:29,23172.5,23168.8,150,23176.75,825,0,393225
NIFTY-III.NFO,19/02/2025,09:27:30,23172.5,23168.95,150,23176.7,225,0,393225
NIFTY-III.NFO,19/02/2025,09:27:32,23172.5,23168.25,150,23175.75,225,0,393225
NIFTY-III.NFO,19/02/2025,09:27:34,23172.5,23168.15,150,23176.2,225,0,393225
NIFTY-III.NFO,19/02/2025,09:27:35,23172.5,23168.15,150,23176.1,225,0,393225
NIFTY-III.NFO,19/02/2025,09:27:37,23172.5,23171.5,150,23179.8,225,0,393225
NIFTY-III.NFO,19/02/2025,09:27:39,23172.5,23172.05,225,23179.4,225,0,393225
NIFTY-III.NFO,19/02/2025,09:27:40,23172.5,23172.05,150,23179,225,0,393225
NIFTY-III.NFO,19/02/2025,09:27:42,23172.5,23172.05,150,23179.8,150,0,393225
NIFTY-III.NFO,19/02/2025,09:27:44,23172.5,23172.6,225,23180.8,225,0,393225
NIFTY-III.NFO,19/02/2025,09:27:45,23172.5,23172.05,150,23180,225,0,393225
NIFTY-III.NFO,19/02/2025,09:27:47,23172.5,23172.85,225,23180.35,150,0,393225
NIFTY-III.NFO,19/02/2025,09:27:49,23172.5,23174,600,23183.05,225,0,393225
NIFTY-III.NFO,19/02/2025,09:27:50,23172.5,23174,150,23182,225,0,393225
NIFTY-III.NFO,19/02/2025,09:27:52,23172.5,23173.6,150,23182,225,0,393225
NIFTY-III.NFO,19/02/2025,09:27:54,23172.5,23173.6,150,23181.85,225,0,393225
NIFTY-III.NFO,19/02/2025,09:27:55,23172.5,23177.1,150,23184.75,225,0,393225
NIFTY-III.NFO,19/02/2025,09:27:57,23172.5,23177,225,23183.95,150,0,393225
NIFTY-III.NFO,19/02/2025,09:27:59,23172.5,23177,225,23184.55,225,0,393225
NIFTY-III.NFO,19/02/2025,09:28:00,23172.5,23177,225,23183.1,150,0,393225
NIFTY-III.NFO,19/02/2025,09:28:02,23172.5,23177,150,23182.45,150,0,393225
NIFTY-III.NFO,19/02/2025,09:28:04,23172.5,23177,150,23179.55,150,0,393225
NIFTY-III.NFO,19/02/2025,09:28:05,23177,23170.8,150,23178.8,225,150,393825
NIFTY-III.NFO,19/02/2025,09:28:07,23178.65,23170,150,23175.6,75,75,393825
NIFTY-III.NFO,19/02/2025,09:28:09,23178.65,23170,225,23176.4,75,0,393825
NIFTY-III.NFO,19/02/2025,09:28:12,23178.65,23170,150,23175.6,75,0,393825
NIFTY-III.NFO,19/02/2025,09:28:14,23178.65,23170,225,23176.2,75,0,393825
NIFTY-III.NFO,19/02/2025,09:28:15,23178.65,23170,225,23176.75,150,0,393825
NIFTY-III.NFO,19/02/2025,09:28:17,23178.65,23170,150,23174.4,75,0,393825
NIFTY-III.NFO,19/02/2025,09:28:19,23178.65,23170,150,23173.25,75,0,393825
NIFTY-III.NFO,19/02/2025,09:28:20,23178.65,23170,150,23174.7,75,0,393825
NIFTY-III.NFO,19/02/2025,09:28:22,23178.65,23170,150,23173.4,75,0,393825
NIFTY-III.NFO,19/02/2025,09:28:24,23178.65,23170.05,225,23177.15,150,0,393825
NIFTY-III.NFO,19/02/2025,09:28:25,23178.65,23175,75,23177.55,750,0,393825
NIFTY-III.NFO,19/02/2025,09:28:27,23178.65,23175,75,23176.35,75,0,393825
NIFTY-III.NFO,19/02/2025,09:28:29,23178.65,23175,75,23175.5,75,0,393825
NIFTY-III.NFO,19/02/2025,09:28:30,23175,23170,75,23173.9,75,75,393825
NIFTY-III.NFO,19/02/2025,09:28:32,23175,23170,75,23172.65,75,0,393825
NIFTY-III.NFO,19/02/2025,09:28:34,23175,23170,75,23174.15,75,0,393825
NIFTY-III.NFO,19/02/2025,09:28:35,23175,23170.05,225,23178.45,900,0,393825
NIFTY-III.NFO,19/02/2025,09:28:37,23175,23170.05,225,23175.9,750,0,393825
NIFTY-III.NFO,19/02/2025,09:28:39,23175,23170,75,23175.3,375,0,393825
NIFTY-III.NFO,19/02/2025,09:28:40,23175,23170,75,23175.5,75,0,393825
NIFTY-III.NFO,19/02/2025,09:28:42,23175,23170.05,225,23177.35,150,0,393825
NIFTY-III.NFO,19/02/2025,09:28:44,23175,23170.1,150,23178.05,225,0,393825
NIFTY-III.NFO,19/02/2025,09:28:45,23175,23170.05,225,23177.7,75,0,393825
NIFTY-III.NFO,19/02/2025,09:28:47,23175,23170.05,225,23176.65,75,0,393825
NIFTY-III.NFO,19/02/2025,09:28:49,23175,23170,75,23174.55,75,0,393825
NIFTY-III.NFO,19/02/2025,09:28:50,23174.6,23170,150,23175.05,750,75,393825
NIFTY-III.NFO,19/02/2025,09:28:52,23174.6,23170,150,23173.5,375,0,393825
NIFTY-III.NFO,19/02/2025,09:28:54,23173.5,23170,150,23173.6,300,600,393825
NIFTY-III.NFO,19/02/2025,09:28:55,23173.5,23170.05,225,23175.9,300,0,393825
NIFTY-III.NFO,19/02/2025,09:28:57,23173.5,23170.05,225,23176.6,300,0,393825
NIFTY-III.NFO,19/02/2025,09:28:59,23173.5,23170,150,23173.5,375,0,393825
NIFTY-III.NFO,19/02/2025,09:29:01,23173.5,23170,150,23172.25,375,0,393825
NIFTY-III.NFO,19/02/2025,09:29:02,23173.5,23170,150,23175.5,750,0,393825
NIFTY-III.NFO,19/02/2025,09:29:06,23173.5,23170,225,23175.15,75,0,393825
NIFTY-III.NFO,19/02/2025,09:29:07,23173.5,23170,225,23175.2,675,0,393825
NIFTY-III.NFO,19/02/2025,09:29:09,23173.5,23170,300,23175.65,375,0,393825
NIFTY-III.NFO,19/02/2025,09:29:11,23173.5,23170,225,23174.25,300,0,393825
NIFTY-III.NFO,19/02/2025,09:29:12,23173.5,23170,225,23174,75,0,393825
NIFTY-III.NFO,19/02/2025,09:29:14,23173.5,23170.6,150,23178.7,150,0,393825
NIFTY-III.NFO,19/02/2025,09:29:16,23173.5,23170.95,150,23178.7,75,0,393825
NIFTY-III.NFO,19/02/2025,09:29:17,23173.5,23170.1,150,23178.3,150,0,393825
NIFTY-III.NFO,19/02/2025,09:29:19,23173.5,23171,150,23179.3,450,0,393825
NIFTY-III.NFO,19/02/2025,09:29:21,23173.5,23171.5,150,23179.3,750,0,393825
NIFTY-III.NFO,19/02/2025,09:29:22,23173.5,23172.8,150,23180,75,0,393825
NIFTY-III.NFO,19/02/2025,09:29:24,23173.5,23174.65,150,23180,75,0,393825
NIFTY-III.NFO,19/02/2025,09:29:27,23173.5,23177.6,225,23180,75,0,393825
NIFTY-III.NFO,19/02/2025,09:29:29,23180,23177.65,150,23184.95,150,75,393825
NIFTY-III.NFO,19/02/2025,09:29:31,23180,23176.05,225,23183.85,450,0,393825
NIFTY-III.NFO,19/02/2025,09:29:32,23180,23177.2,150,23184.95,75,0,393825
NIFTY-III.NFO,19/02/2025,09:29:34,23180,23177.4,150,23184.95,150,0,393825
NIFTY-III.NFO,19/02/2025,09:29:36,23180,23176.3,150,23183.8,150,0,393825
NIFTY-III.NFO,19/02/2025,09:29:37,23180,23174.85,150,23183.5,75,0,393825
NIFTY-III.NFO,19/02/2025,09:29:39,23180,23176.05,150,23184.5,150,0,393825
NIFTY-III.NFO,19/02/2025,09:29:41,23180,23170.55,150,23178.35,75,0,393825
NIFTY-III.NFO,19/02/2025,09:29:42,23180,23172.1,150,23178.4,750,0,393825
NIFTY-III.NFO,19/02/2025,09:29:44,23180,23173.7,150,23180.6,750,0,393825
NIFTY-III.NFO,19/02/2025,09:29:46,23180,23174.4,150,23182.35,900,0,393825
NIFTY-III.NFO,19/02/2025,09:29:47,23180,23172.1,150,23180,150,0,393825
NIFTY-III.NFO,19/02/2025,09:29:49,23180,23174.5,525,23182.3,75,0,393825
NIFTY-III.NFO,19/02/2025,09:29:51,23180,23176.55,525,23184.95,900,0,393825
NIFTY-III.NFO,19/02/2025,09:29:52,23180,23176.65,225,23184.75,525,0,393825
NIFTY-III.NFO,19/02/2025,09:29:54,23180,23174.5,150,23182.3,375,0,393825
NIFTY-III.NFO,19/02/2025,09:29:56,23180,23173.9,75,23181.65,450,0,393825
NIFTY-III.NFO,19/02/2025,09:29:57,23180,23174.55,150,23182.4,150,0,393825
NIFTY-III.NFO,19/02/2025,09:29:59,23181,23173.4,150,23180.75,375,600,393825
NIFTY-III.NFO,19/02/2025,09:30:01,23181,23171.75,150,23179.55,300,0,393825
NIFTY-III.NFO,19/02/2025,09:30:02,23181,23171.8,150,23179.85,750,0,393825
NIFTY-III.NFO,19/02/2025,09:30:04,23181,23172.65,150,23179.95,750,0,393825
NIFTY-III.NFO,19/02/2025,09:30:06,23181,23171.8,150,23179.55,375,0,393825
NIFTY-III.NFO,19/02/2025,09:30:07,23179.55,23175,150,23183.45,75,75,393825
NIFTY-III.NFO,19/02/2025,09:30:09,23179.55,23176.4,150,23184.6,375,0,393825
NIFTY-III.NFO,19/02/2025,09:30:11,23179.55,23177.65,150,23184.75,750,0,393825
NIFTY-III.NFO,19/02/2025,09:30:12,23179.55,23178.7,150,23185,75,0,393825
NIFTY-III.NFO,19/02/2025,09:30:14,23179.55,23180.8,225,23185,75,0,393825
NIFTY-III.NFO,19/02/2025,09:30:16,23179.55,23179.8,225,23185,75,0,393825
NIFTY-III.NFO,19/02/2025,09:30:17,23179.55,23176.75,150,23185,150,0,393825
NIFTY-III.NFO,19/02/2025,09:30:19,23179.55,23175.15,150,23183.15,825,0,393825
NIFTY-III.NFO,19/02/2025,09:30:21,23179.55,23174.4,75,23182.5,450,0,393825
NIFTY-III.NFO,19/02/2025,09:30:22,23179.55,23172.8,75,23181.2,375,0,393825
NIFTY-III.NFO,19/02/2025,09:30:24,23179.55,23170.55,150,23178.8,825,0,393825
NIFTY-III.NFO,19/02/2025,09:30:26,23179.55,23179.55,75,23183,375,0,393825
NIFTY-III.NFO,19/02/2025,09:30:27,23179.55,23179.55,75,23185,150,0,393825
NIFTY-III.NFO,19/02/2025,09:30:29,23179.55,23179.55,75,23185,75,0,393825
NIFTY-III.NFO,19/02/2025,09:30:31,23179.55,23179.55,75,23184.8,825,0,393825
NIFTY-III.NFO,19/02/2025,09:30:32,23179.55,23179.55,75,23182.9,300,0,393825
NIFTY-III.NFO,19/02/2025,09:30:34,23179.55,23179.55,75,23182.2,450,0,393825
NIFTY-III.NFO,19/02/2025,09:30:36,23179.55,23179.55,75,23181.35,375,0,393825
NIFTY-III.NFO,19/02/2025,09:30:37,23179.55,23171.95,150,23178.55,75,75,393600
NIFTY-III.NFO,19/02/2025,09:30:39,23179.55,23173.4,225,23183,75,0,393600
NIFTY-III.NFO,19/02/2025,09:30:41,23179.55,23174.45,225,23182.8,750,0,393600
NIFTY-III.NFO,19/02/2025,09:30:42,23179.55,23173.9,225,23181.7,375,0,393600
NIFTY-III.NFO,19/02/2025,09:30:44,23179.55,23172.95,225,23180.3,450,0,393600
NIFTY-III.NFO,19/02/2025,09:30:46,23179.55,23172.55,225,23179.2,450,0,393600
NIFTY-III.NFO,19/02/2025,09:30:47,23179.55,23173.3,225,23180.6,825,0,393600
NIFTY-III.NFO,19/02/2025,09:30:49,23179.55,23172.55,150,23179.3,450,0,393600
NIFTY-III.NFO,19/02/2025,09:30:51,23179.55,23173.25,150,23180.95,825,0,393600
NIFTY-III.NFO,19/02/2025,09:30:52,23179.55,23176.35,150,23185,150,0,393600
NIFTY-III.NFO,19/02/2025,09:30:54,23179.55,23174.85,150,23182.95,75,0,393600
NIFTY-III.NFO,19/02/2025,09:30:56,23179.55,23174.75,150,23182.5,825,0,393600
NIFTY-III.NFO,19/02/2025,09:30:57,23179.55,23176,150,23184.35,375,0,393600
NIFTY-III.NFO,19/02/2025,09:30:59,23179.55,23174.9,150,23183.35,300,0,393600
NIFTY-III.NFO,19/02/2025,09:31:01,23179.55,23173.55,150,23181.25,375,0,393600
NIFTY-III.NFO,19/02/2025,09:31:02,23179.55,23173.7,225,23182,375,0,393600
NIFTY-III.NFO,19/02/2025,09:31:04,23179.55,23173,150,23179.65,375,0,393600
NIFTY-III.NFO,19/02/2025,09:31:06,23179.55,23173.05,225,23180.25,375,0,393600
NIFTY-III.NFO,19/02/2025,09:31:07,23179.55,23173.3,150,23181.3,825,0,393600
NIFTY-III.NFO,19/02/2025,09:31:09,23179.55,23174.15,150,23181.45,750,0,393600
NIFTY-III.NFO,19/02/2025,09:31:11,23179.55,23175.4,225,23183.3,75,0,393600
NIFTY-III.NFO,19/02/2025,09:31:12,23179.55,23177.1,225,23185,150,0,393600
NIFTY-III.NFO,19/02/2025,09:31:14,23179.55,23176.85,150,23185,150,0,393600
NIFTY-III.NFO,19/02/2025,09:31:16,23179.55,23174.15,150,23181.6,375,0,393600
NIFTY-III.NFO,19/02/2025,09:31:18,23179.55,23174.15,150,23182.1,825,0,393600
NIFTY-III.NFO,19/02/2025,09:31:21,23179.55,23173.05,225,23180.65,375,75,393600
NIFTY-III.NFO,19/02/2025,09:31:23,23179.55,23173.05,225,23181.4,450,0,393600
NIFTY-III.NFO,19/02/2025,09:31:24,23179.55,23175.05,150,23181.8,750,0,393600
NIFTY-III.NFO,19/02/2025,09:31:26,23179.55,23176,150,23183.75,450,0,393600
NIFTY-III.NFO,19/02/2025,09:31:28,23179.55,23182,75,23184.45,375,0,393600
NIFTY-III.NFO,19/02/2025,09:31:29,23179.55,23182,75,23183.8,375,0,393600
NIFTY-III.NFO,19/02/2025,09:31:31,23179.55,23182,75,23184.85,300,0,393600
NIFTY-III.NFO,19/02/2025,09:31:33,23179.55,23182,75,23185,75,0,393600
NIFTY-III.NFO,19/02/2025,09:31:39,23179.55,23182,75,23183.4,225,0,393600
NIFTY-III.NFO,19/02/2025,09:31:41,23182,23180,75,23184.05,225,75,393600
NIFTY-III.NFO,19/02/2025,09:31:42,23182,23180,75,23184.3,375,0,393600
NIFTY-III.NFO,19/02/2025,09:31:44,23182,23180,75,23184.65,750,0,393600
NIFTY-III.NFO,19/02/2025,09:31:46,23182,23180,75,23184.25,225,0,393600
NIFTY-III.NFO,19/02/2025,09:31:47,23182,23180,75,23183.45,375,0,393600
NIFTY-III.NFO,19/02/2025,09:31:49,23182,23180,75,23182.85,750,0,393600
NIFTY-III.NFO,19/02/2025,09:31:51,23182,23180,75,23181.05,225,0,393600
NIFTY-III.NFO,19/02/2025,09:31:52,23182,23180,75,23180.95,375,0,393600
NIFTY-III.NFO,19/02/2025,09:31:54,23182,23180,75,23180.85,300,0,393600
NIFTY-III.NFO,19/02/2025,09:31:56,23182,23180,75,23182.65,375,0,393600
NIFTY-III.NFO,19/02/2025,09:31:57,23182,23180,75,23181.6,1125,0,393600
NIFTY-III.NFO,19/02/2025,09:31:59,23181.9,23180,75,23182.5,225,75,393600
NIFTY-III.NFO,19/02/2025,09:32:01,23180,23173,75,23178.9,450,75,393600
NIFTY-III.NFO,19/02/2025,09:32:02,23177.9,23173,75,23178.2,750,150,393600
NIFTY-III.NFO,19/02/2025,09:32:04,23177.9,23173,75,23178.2,750,0,393600
NIFTY-III.NFO,19/02/2025,09:32:06,23177.9,23173,75,23177.9,975,0,393600
NIFTY-III.NFO,19/02/2025,09:32:07,23177.9,23173,75,23177.85,750,0,393600
NIFTY-III.NFO,19/02/2025,09:32:11,23177.9,23173.05,225,23180.65,450,0,393600
NIFTY-III.NFO,19/02/2025,09:32:12,23177.9,23173.05,225,23181.2,750,0,393600
NIFTY-III.NFO,19/02/2025,09:32:14,23177.9,23174.55,225,23181.2,750,0,393600
NIFTY-III.NFO,19/02/2025,09:32:16,23177.9,23174.55,150,23182.4,750,0,393600
NIFTY-III.NFO,19/02/2025,09:32:17,23177.9,23174.7,150,23182.3,300,0,393600
NIFTY-III.NFO,19/02/2025,09:32:19,23177.9,23174.8,225,23182.55,750,0,393600
NIFTY-III.NFO,19/02/2025,09:32:21,23177.9,23175.45,225,23183.9,1050,0,393600
NIFTY-III.NFO,19/02/2025,09:32:22,23177.9,23174.85,150,23182.15,825,0,393600
NIFTY-III.NFO,19/02/2025,09:32:24,23177.9,23177.9,75,23182.15,750,0,393600
NIFTY-III.NFO,19/02/2025,09:32:26,23177.9,23177.9,75,23182.6,300,0,393600
NIFTY-III.NFO,19/02/2025,09:32:27,23177.9,23177.95,225,23185,75,0,393600
NIFTY-III.NFO,19/02/2025,09:32:31,23177.9,23177.9,75,23182.35,300,0,393600
NIFTY-III.NFO,19/02/2025,09:32:32,23177.9,23177.9,75,23183.95,375,0,393600
NIFTY-III.NFO,19/02/2025,09:32:34,23177.9,23177.9,75,23184.1,825,0,393600
NIFTY-III.NFO,19/02/2025,09:32:36,23177.9,23177.95,225,23185,75,0,393600
NIFTY-III.NFO,19/02/2025,09:32:37,23177.9,23178.1,225,23185,75,0,393600
NIFTY-III.NFO,19/02/2025,09:32:39,23177.9,23178.85,150,23185,75,0,393600
NIFTY-III.NFO,19/02/2025,09:32:42,23177.9,23180.05,150,23185,75,0,393600
NIFTY-III.NFO,19/02/2025,09:32:44,23177.9,23179.8,150,23185,75,0,393600
NIFTY-III.NFO,19/02/2025,09:32:46,23177.9,23180.05,225,23185,75,0,393600
NIFTY-III.NFO,19/02/2025,09:32:47,23177.9,23181,150,23185,75,0,393600
NIFTY-III.NFO,19/02/2025,09:32:49,23177.9,23181.95,225,23185,75,0,393600
NIFTY-III.NFO,19/02/2025,09:32:52,23177.9,23182,225,23185,75,0,393600
NIFTY-III.NFO,19/02/2025,09:32:54,23185,23184,150,23192.25,750,75,393600
NIFTY-III.NFO,19/02/2025,09:32:56,23185,23185.7,150,23194.55,300,0,393600
NIFTY-III.NFO,19/02/2025,09:32:57,23185,23187.55,150,23197.85,375,0,393600
NIFTY-III.NFO,19/02/2025,09:32:59,23185,23189.2,150,23197.9,750,0,393600
NIFTY-III.NFO,19/02/2025,09:33:01,23197.9,23189.2,150,23198.75,375,75,393600
NIFTY-III.NFO,19/02/2025,09:33:02,23197.9,23189.2,150,23198.05,900,0,393600
NIFTY-III.NFO,19/02/2025,09:33:04,23197.9,23187.7,150,23195.5,75,0,393600
NIFTY-III.NFO,19/02/2025,09:33:06,23197.9,23185.2,150,23193.55,450,0,393600
NIFTY-III.NFO,19/02/2025,09:33:07,23197.9,23186.05,150,23194.25,825,0,393600
NIFTY-III.NFO,19/02/2025,09:33:09,23197.9,23185.2,150,23192.15,825,0,393600
NIFTY-III.NFO,19/02/2025,09:33:11,23197.9,23185.2,225,23191.85,75,0,393600
NIFTY-III.NFO,19/02/2025,09:33:12,23197.9,23185.25,150,23193.4,750,0,393600
NIFTY-III.NFO,19/02/2025,09:33:14,23197.9,23185.45,150,23193.4,1500,0,393600
NIFTY-III.NFO,19/02/2025,09:33:16,23197.9,23185.55,150,23193.4,375,0,393600
NIFTY-III.NFO,19/02/2025,09:33:17,23197.9,23185.75,150,23193.4,300,0,393600
NIFTY-III.NFO,19/02/2025,09:33:19,23197.9,23185.8,150,23193,1125,0,393600
NIFTY-III.NFO,19/02/2025,09:33:21,23193.95,23185.85,150,23194,750,75,393600
NIFTY-III.NFO,19/02/2025,09:33:22,23193.95,23186.65,150,23194.1,750,0,393600
NIFTY-III.NFO,19/02/2025,09:33:24,23193.95,23185.25,150,23194.25,75,0,393600
NIFTY-III.NFO,19/02/2025,09:33:26,23193.95,23186.75,225,23195.2,825,0,393600
NIFTY-III.NFO,19/02/2025,09:33:27,23193.95,23187.45,150,23195.2,825,0,393600
NIFTY-III.NFO,19/02/2025,09:33:29,23193.95,23189.3,150,23198.3,375,0,393600
NIFTY-III.NFO,19/02/2025,09:33:31,23193.95,23189.4,225,23198.35,1575,0,393600
NIFTY-III.NFO,19/02/2025,09:33:32,23193.95,23191.95,150,23199.85,150,0,393600
NIFTY-III.NFO,19/02/2025,09:33:34,23193.95,23191.7,150,23199.85,150,0,393600
NIFTY-III.NFO,19/02/2025,09:33:36,23193.95,23193.95,225,23199.85,75,0,393600
NIFTY-III.NFO,19/02/2025,09:33:38,23193.95,23193.9,75,23199.85,150,0,393600
NIFTY-III.NFO,19/02/2025,09:33:39,23193.95,23193.95,225,23199.85,75,0,393600
NIFTY-III.NFO,19/02/2025,09:33:41,23193.95,23194.35,150,23199.85,75,0,393600
NIFTY-III.NFO,19/02/2025,09:33:43,23194,23194.5,75,23199.85,75,525,393900
NIFTY-III.NFO,19/02/2025,09:33:44,23194,23194.15,75,23199.85,75,0,393900
NIFTY-III.NFO,19/02/2025,09:33:46,23194,23194.8,450,23199.85,75,0,393900
NIFTY-III.NFO,19/02/2025,09:33:48,23194,23193.9,75,23199.85,75,0,393900
NIFTY-III.NFO,19/02/2025,09:33:49,23194,23194,75,23199.85,75,0,393900
NIFTY-III.NFO,19/02/2025,09:33:51,23199.85,23197.45,450,23200,300,75,393900
NIFTY-III.NFO,19/02/2025,09:33:53,23199.85,23197.4,525,23200,300,0,393900
NIFTY-III.NFO,19/02/2025,09:33:54,23198.1,23198.15,150,23200,300,375,393900
NIFTY-III.NFO,19/02/2025,09:33:56,23198.1,23198.6,150,23200,300,0,393900
NIFTY-III.NFO,19/02/2025,09:33:58,23200,23200.7,75,23205,75,375,393900
NIFTY-III.NFO,19/02/2025,09:33:59,23200,23198.6,75,23205,75,0,393900
NIFTY-III.NFO,19/02/2025,09:34:01,23200,23194.8,150,23203.6,225,0,393900
NIFTY-III.NFO,19/02/2025,09:34:03,23200,23194.5,150,23202.9,150,0,393900
NIFTY-III.NFO,19/02/2025,09:34:04,23200,23194.45,375,23203.1,150,0,393900
NIFTY-III.NFO,19/02/2025,09:34:06,23200,23194.85,150,23203.1,150,0,393900
NIFTY-III.NFO,19/02/2025,09:34:08,23200,23193.9,225,23202.05,150,0,393900
NIFTY-III.NFO,19/02/2025,09:34:09,23200,23193.9,150,23201.75,150,0,393900
NIFTY-III.NFO,19/02/2025,09:34:11,23200,23193.9,75,23200.1,150,0,393900
NIFTY-III.NFO,19/02/2025,09:34:13,23200,23193.9,75,23200.4,150,0,393900
NIFTY-III.NFO,19/02/2025,09:34:14,23200,23194.75,75,23203.1,150,0,393900
NIFTY-III.NFO,19/02/2025,09:34:16,23200,23200,75,23203.25,225,0,393900
NIFTY-III.NFO,19/02/2025,09:34:18,23200,23193.9,150,23202.1,150,75,393900
NIFTY-III.NFO,19/02/2025,09:34:19,23200,23193.9,150,23201.8,150,0,393900
NIFTY-III.NFO,19/02/2025,09:34:21,23200,23193.9,75,23201.8,150,0,393900
NIFTY-III.NFO,19/02/2025,09:34:23,23200.45,23193.9,75,23200.7,150,75,393900
NIFTY-III.NFO,19/02/2025,09:34:24,23200.45,23193.9,75,23199.8,150,0,393900
NIFTY-III.NFO,19/02/2025,09:34:26,23200.45,23193.95,150,23200.85,225,0,393900
NIFTY-III.NFO,19/02/2025,09:34:28,23200.45,23194.65,75,23202.65,150,0,393900
NIFTY-III.NFO,19/02/2025,09:34:29,23200.45,23196.55,75,23204.75,150,0,393900
NIFTY-III.NFO,19/02/2025,09:34:31,23200.45,23196.55,75,23200.45,75,0,393900
NIFTY-III.NFO,19/02/2025,09:34:33,23200.45,23195.35,150,23200.45,75,0,393900
NIFTY-III.NFO,19/02/2025,09:34:34,23200.45,23196.05,150,23200.45,75,0,393900
NIFTY-III.NFO,19/02/2025,09:34:36,23200.45,23197.8,150,23200.45,75,0,393900
NIFTY-III.NFO,19/02/2025,09:34:37,23200.45,23200.2,75,23200.45,75,0,393900
NIFTY-III.NFO,19/02/2025,09:34:39,23200.45,23200.6,150,23205,75,75,393900
NIFTY-III.NFO,19/02/2025,09:34:41,23200.45,23200.85,150,23205,75,0,393900
NIFTY-III.NFO,19/02/2025,09:34:42,23200.45,23200.6,150,23205,75,0,393900
NIFTY-III.NFO,19/02/2025,09:34:44,23200.45,23201.75,150,23205,75,0,393900
NIFTY-III.NFO,19/02/2025,09:34:46,23200.45,23200.65,75,23205,75,0,393900
NIFTY-III.NFO,19/02/2025,09:34:47,23200.45,23203.15,150,23205,75,0,393900
NIFTY-III.NFO,19/02/2025,09:34:49,23200.45,23202.3,150,23205,75,0,393900
NIFTY-III.NFO,19/02/2025,09:34:51,23202,23202.4,75,23205,75,150,393900
NIFTY-III.NFO,19/02/2025,09:34:52,23202,23201.45,75,23205,75,0,393900
NIFTY-III.NFO,19/02/2025,09:34:54,23202,23200.85,150,23205,75,0,393900
NIFTY-III.NFO,19/02/2025,09:34:56,23202,23200.95,150,23205,75,0,393900
NIFTY-III.NFO,19/02/2025,09:34:57,23206.5,23200.95,150,23207.35,225,150,393900
NIFTY-III.NFO,19/02/2025,09:34:59,23206.5,23201,75,23207.35,225,0,393900
NIFTY-III.NFO,19/02/2025,09:35:01,23201.05,23200.35,150,23207.35,225,75,393900
NIFTY-III.NFO,19/02/2025,09:35:02,23201.05,23200.65,150,23207.35,225,0,393900
NIFTY-III.NFO,19/02/2025,09:35:04,23201.05,23200.2,75,23206.8,225,0,393900
NIFTY-III.NFO,19/02/2025,09:35:06,23201.05,23200.2,75,23206.4,150,0,393900
NIFTY-III.NFO,19/02/2025,09:35:07,23201.05,23200.2,75,23205.95,225,0,393900
NIFTY-III.NFO,19/02/2025,09:35:11,23201.05,23200.2,75,23205.9,225,0,393900
NIFTY-III.NFO,19/02/2025,09:35:12,23201.05,23200.2,75,23201.05,225,0,393900
NIFTY-III.NFO,19/02/2025,09:35:14,23201.05,23200.25,75,23201.05,225,0,393900
NIFTY-III.NFO,19/02/2025,09:35:16,23201.05,23200.2,75,23205.95,225,225,393900
NIFTY-III.NFO,19/02/2025,09:35:17,23201.05,23200.45,150,23206,75,0,393900
NIFTY-III.NFO,19/02/2025,09:35:19,23201.05,23200.2,75,23206,75,0,393900
NIFTY-III.NFO,19/02/2025,09:35:21,23201.05,23202,75,23206,75,0,393900
NIFTY-III.NFO,19/02/2025,09:35:22,23201.05,23202.05,75,23206,75,0,393900
NIFTY-III.NFO,19/02/2025,09:35:26,23208.9,23202,75,23208.95,75,1125,393900
NIFTY-III.NFO,19/02/2025,09:35:27,23208.9,23202.05,225,23208.95,75,0,393900
NIFTY-III.NFO,19/02/2025,09:35:31,23208.9,23202.3,225,23209,75,0,393900
NIFTY-III.NFO,19/02/2025,09:35:32,23208.9,23202,75,23208.95,75,0,393900
NIFTY-III.NFO,19/02/2025,09:35:37,23208.9,23202,75,23208.4,300,0,393900
NIFTY-III.NFO,19/02/2025,09:35:39,23208.9,23202,75,23205.5,75,0,393900
NIFTY-III.NFO,19/02/2025,09:35:41,23208.9,23202,75,23207.4,300,0,393900
NIFTY-III.NFO,19/02/2025,09:35:42,23208.9,23202.35,150,23209,75,0,393900
NIFTY-III.NFO,19/02/2025,09:35:44,23208.9,23204.1,150,23209,75,0,393900
NIFTY-III.NFO,19/02/2025,09:35:46,23208.9,23202.05,225,23208.95,75,0,393900
NIFTY-III.NFO,19/02/2025,09:35:51,23208.9,23203.35,225,23209,75,0,393900
NIFTY-III.NFO,19/02/2025,09:35:52,23208.9,23203.75,225,23209,75,0,393900
NIFTY-III.NFO,19/02/2025,09:35:54,23208.9,23202.05,225,23208.95,75,0,393900
NIFTY-III.NFO,19/02/2025,09:35:57,23208.9,23202.95,600,23208.9,75,0,393900
NIFTY-III.NFO,19/02/2025,09:35:59,23208.9,23202.15,225,23208.85,75,0,393900
NIFTY-III.NFO,19/02/2025,09:36:01,23208.9,23202.1,150,23208.85,375,0,393900
NIFTY-III.NFO,19/02/2025,09:36:02,23208.9,23202,150,23208.6,75,0,393900
NIFTY-III.NFO,19/02/2025,09:36:04,23208.9,23202,150,23206.3,75,0,393900
NIFTY-III.NFO,19/02/2025,09:36:06,23208.9,23202,150,23207.05,825,0,393900
NIFTY-III.NFO,19/02/2025,09:36:07,23208.9,23202,150,23206.6,75,0,393900
NIFTY-III.NFO,19/02/2025,09:36:09,23208.9,23202,150,23206,75,0,393900
NIFTY-III.NFO,19/02/2025,09:36:11,23208.9,23202,150,23205.4,75,0,393900
NIFTY-III.NFO,19/02/2025,09:36:12,23208.9,23202,150,23204.6,75,0,393900
NIFTY-III.NFO,19/02/2025,09:36:14,23208.9,23202,150,23205,75,0,393900
NIFTY-III.NFO,19/02/2025,09:36:16,23202,23202,75,23205.2,75,75,393900
NIFTY-III.NFO,19/02/2025,09:36:17,23201,23196,150,23203.25,75,150,393900
NIFTY-III.NFO,19/02/2025,09:36:19,23201,23195.15,225,23203.3,750,0,393900
NIFTY-III.NFO,19/02/2025,09:36:21,23203.3,23195.35,225,23204,75,75,393900
NIFTY-III.NFO,19/02/2025,09:36:22,23203.3,23196.4,225,23204.6,750,0,393900
NIFTY-III.NFO,19/02/2025,09:36:24,23203.3,23197.55,150,23205,75,0,393900
NIFTY-III.NFO,19/02/2025,09:36:26,23203.3,23196.35,225,23203,75,0,393900
NIFTY-III.NFO,19/02/2025,09:36:27,23203.3,23196.2,150,23202.95,75,0,393900
NIFTY-III.NFO,19/02/2025,09:36:29,23203.3,23194.6,150,23202.95,75,0,393900
NIFTY-III.NFO,19/02/2025,09:36:31,23203.3,23195.65,150,23202.95,75,0,393900
NIFTY-III.NFO,19/02/2025,09:36:32,23203.3,23195.85,150,23202.95,75,0,393900
NIFTY-III.NFO,19/02/2025,09:36:34,23203.3,23192.3,225,23201.3,75,0,393900
NIFTY-III.NFO,19/02/2025,09:36:35,23203.3,23194.5,150,23202.95,75,0,393900
NIFTY-III.NFO,19/02/2025,09:36:37,23203.3,23195.85,150,23203,75,0,393900
NIFTY-III.NFO,19/02/2025,09:36:39,23203.3,23198.75,225,23203,75,0,393900
NIFTY-III.NFO,19/02/2025,09:36:40,23203.3,23200.15,225,23203,75,0,393900
NIFTY-III.NFO,19/02/2025,09:36:42,23203,23201.85,225,23204,75,75,396150
NIFTY-III.NFO,19/02/2025,09:36:44,23203,23202.4,225,23204,75,0,396150
NIFTY-III.NFO,19/02/2025,09:36:45,23203,23199.05,225,23204,75,0,396150
NIFTY-III.NFO,19/02/2025,09:36:47,23203,23201.2,150,23204,75,0,396150
NIFTY-III.NFO,19/02/2025,09:36:49,23203,23200.8,150,23204,75,0,396150
NIFTY-III.NFO,19/02/2025,09:36:50,23203,23197.65,225,23204,75,0,396150
NIFTY-III.NFO,19/02/2025,09:36:52,23203,23195.65,225,23204,75,0,396150
NIFTY-III.NFO,19/02/2025,09:36:54,23203,23193.9,225,23199,75,0,396150
NIFTY-III.NFO,19/02/2025,09:36:55,23203,23193.05,225,23199,75,0,396150
NIFTY-III.NFO,19/02/2025,09:36:57,23203,23194.05,225,23199,75,0,396150
NIFTY-III.NFO,19/02/2025,09:36:59,23199,23192.35,150,23201.05,75,75,396150
NIFTY-III.NFO,19/02/2025,09:37:00,23199,23192.65,150,23201.35,75,0,396150
NIFTY-III.NFO,19/02/2025,09:37:02,23199,23194.85,150,23203.45,75,0,396150
NIFTY-III.NFO,19/02/2025,09:37:04,23199,23196.15,225,23203,75,0,396150
NIFTY-III.NFO,19/02/2025,09:37:05,23199,23194.7,225,23202.95,825,0,396150
NIFTY-III.NFO,19/02/2025,09:37:07,23199,23195.7,225,23202.95,750,0,396150
NIFTY-III.NFO,19/02/2025,09:37:09,23199,23195.1,225,23202.9,75,0,396150
NIFTY-III.NFO,19/02/2025,09:37:10,23199,23194.35,225,23202.95,75,0,396150
NIFTY-III.NFO,19/02/2025,09:37:12,23199,23195.15,225,23200,75,0,396150
NIFTY-III.NFO,19/02/2025,09:37:14,23200,23197.4,225,23203,75,75,396150
NIFTY-III.NFO,19/02/2025,09:37:15,23199,23198.05,150,23203,75,75,396150
NIFTY-III.NFO,19/02/2025,09:37:17,23199,23199.7,150,23203,75,0,396150
NIFTY-III.NFO,19/02/2025,09:37:19,23199,23198.6,150,23203,75,0,396150
NIFTY-III.NFO,19/02/2025,09:37:20,23199,23197,150,23203,75,0,396150
NIFTY-III.NFO,19/02/2025,09:37:22,23198.1,23199.1,150,23203,75,75,396150
NIFTY-III.NFO,19/02/2025,09:37:24,23198.1,23201.3,150,23203,75,0,396150
NIFTY-III.NFO,19/02/2025,09:37:25,23198.1,23201.25,150,23203,75,0,396150
NIFTY-III.NFO,19/02/2025,09:37:29,23198.1,23199.6,225,23203,75,0,396150
NIFTY-III.NFO,19/02/2025,09:37:30,23198.1,23199.2,225,23203,75,0,396150
NIFTY-III.NFO,19/02/2025,09:37:32,23198.1,23199,150,23203,75,0,396150
NIFTY-III.NFO,19/02/2025,09:37:34,23198.1,23199.2,150,23203,75,0,396150
NIFTY-III.NFO,19/02/2025,09:37:35,23198.1,23198.4,225,23203,75,0,396150
NIFTY-III.NFO,19/02/2025,09:37:37,23198.1,23199.05,150,23203,75,0,396150
NIFTY-III.NFO,19/02/2025,09:37:39,23198.1,23198.7,150,23203,75,0,396150
NIFTY-III.NFO,19/02/2025,09:37:41,23198.1,23200.55,150,23203,75,0,396150
NIFTY-III.NFO,19/02/2025,09:37:42,23198.1,23201.2,225,23203,75,0,396150
NIFTY-III.NFO,19/02/2025,09:37:44,23198.1,23200.6,225,23203,75,0,396150
NIFTY-III.NFO,19/02/2025,09:37:46,23198.1,23202.1,225,23203,75,0,396150
NIFTY-III.NFO,19/02/2025,09:37:47,23198.1,23199.4,150,23203,75,0,396150
NIFTY-III.NFO,19/02/2025,09:37:49,23198.1,23200.45,150,23203,75,0,396150
NIFTY-III.NFO,19/02/2025,09:37:51,23198.1,23201.55,150,23202.1,75,0,396150
NIFTY-III.NFO,19/02/2025,09:37:52,23202.1,23202.15,150,23203,75,75,396150
NIFTY-III.NFO,19/02/2025,09:37:54,23203,23203.4,75,23206,75,75,396150
NIFTY-III.NFO,19/02/2025,09:37:56,23203,23202.95,75,23206,75,0,396150
NIFTY-III.NFO,19/02/2025,09:37:57,23203,23203.85,75,23206,75,0,396150
NIFTY-III.NFO,19/02/2025,09:37:59,23203,23202.6,75,23206,75,0,396150
NIFTY-III.NFO,19/02/2025,09:38:01,23203,23203.15,450,23208,75,0,396150
NIFTY-III.NFO,19/02/2025,09:38:02,23203,23203.8,75,23208,75,0,396150
NIFTY-III.NFO,19/02/2025,09:38:04,23203,23203.05,75,23208,75,0,396150
NIFTY-III.NFO,19/02/2025,09:38:06,23203,23203.3,150,23208,75,0,396150
NIFTY-III.NFO,19/02/2025,09:38:07,23203,23203.4,150,23208,75,0,396150
NIFTY-III.NFO,19/02/2025,09:38:09,23203.4,23203,150,23208,75,75,396150
NIFTY-III.NFO,19/02/2025,09:38:11,23203.4,23203,150,23208,75,0,396150
NIFTY-III.NFO,19/02/2025,09:38:12,23203.4,23204.55,750,23208,75,75,396150
NIFTY-III.NFO,19/02/2025,09:38:14,23203.4,23204.6,375,23208,75,0,396150
NIFTY-III.NFO,19/02/2025,09:38:16,23203.4,23204.7,675,23208,75,0,396150
NIFTY-III.NFO,19/02/2025,09:38:17,23211.9,23205.4,150,23214.35,150,450,396150
NIFTY-III.NFO,19/02/2025,09:38:19,23211.9,23205.4,150,23214.35,150,0,396150
NIFTY-III.NFO,19/02/2025,09:38:21,23211.9,23204,150,23213.45,150,0,396150
NIFTY-III.NFO,19/02/2025,09:38:22,23213.55,23204.75,150,23213.05,75,75,396150
NIFTY-III.NFO,19/02/2025,09:38:24,23213.55,23204.55,150,23213.45,75,0,396150
NIFTY-III.NFO,19/02/2025,09:38:26,23213.55,23204.65,150,23213.45,75,0,396150
NIFTY-III.NFO,19/02/2025,09:38:27,23213.55,23205.3,150,23214.25,75,0,396150
NIFTY-III.NFO,19/02/2025,09:38:29,23213.55,23204.7,150,23213.55,75,0,396150
NIFTY-III.NFO,19/02/2025,09:38:31,23213.55,23204.45,225,23213.15,75,0,396150
NIFTY-III.NFO,19/02/2025,09:38:32,23213.55,23206.65,150,23214.25,75,0,396150
NIFTY-III.NFO,19/02/2025,09:38:34,23213.55,23205.2,150,23214.15,75,0,396150
NIFTY-III.NFO,19/02/2025,09:38:36,23213.55,23206.1,150,23214.85,75,0,396150
NIFTY-III.NFO,19/02/2025,09:38:37,23213.55,23213.55,150,23214.95,75,0,396150
NIFTY-III.NFO,19/02/2025,09:38:39,23213.55,23213.55,150,23214.95,825,0,396150
NIFTY-III.NFO,19/02/2025,09:38:41,23215,23213.55,150,23217.65,75,75,396150
NIFTY-III.NFO,19/02/2025,09:38:42,23215,23213.55,150,23215.75,75,0,396150
NIFTY-III.NFO,19/02/2025,09:38:44,23215,23213.55,150,23215.7,75,0,396150
NIFTY-III.NFO,19/02/2025,09:38:46,23215,23213.55,150,23216.4,75,0,396150
NIFTY-III.NFO,19/02/2025,09:38:47,23215,23213.55,150,23216.1,75,0,396150
NIFTY-III.NFO,19/02/2025,09:38:49,23213.45,23206.45,150,23215,75,225,396150
NIFTY-III.NFO,19/02/2025,09:38:51,23213.45,23208.55,225,23217.6,75,0,396150
NIFTY-III.NFO,19/02/2025,09:38:52,23213.45,23208.45,225,23217.1,75,0,396150
NIFTY-III.NFO,19/02/2025,09:38:54,23213.45,23207.9,225,23217.1,75,0,396150
NIFTY-III.NFO,19/02/2025,09:38:56,23213.45,23209.4,150,23217.5,75,0,396150
NIFTY-III.NFO,19/02/2025,09:38:57,23213.45,23209.6,150,23217.95,75,0,396150
NIFTY-III.NFO,19/02/2025,09:38:59,23213.45,23213.45,75,23215,75,0,396150
NIFTY-III.NFO,19/02/2025,09:39:01,23213.45,23213.45,75,23214.95,75,0,396150
NIFTY-III.NFO,19/02/2025,09:39:02,23213.45,23213.45,75,23215,75,0,396150
NIFTY-III.NFO,19/02/2025,09:39:17,23215,23213,75,23217.95,75,75,396150
NIFTY-III.NFO,19/02/2025,09:39:19,23215,23213,75,23217.95,825,0,396150
NIFTY-III.NFO,19/02/2025,09:39:21,23215,23213,75,23216.95,75,0,396150
NIFTY-III.NFO,19/02/2025,09:39:22,23215,23213,75,23216.9,75,0,396150
NIFTY-III.NFO,19/02/2025,09:39:24,23215,23213,75,23213.45,75,0,396150
NIFTY-III.NFO,19/02/2025,09:39:27,23213.45,23213,75,23216.95,75,75,396150
NIFTY-III.NFO,19/02/2025,09:39:29,23213.45,23213,75,23217.4,75,0,396150
NIFTY-III.NFO,19/02/2025,09:39:31,23213.45,23213,75,23218,75,0,396150
NIFTY-III.NFO,19/02/2025,09:39:32,23213.45,23215,75,23217.95,75,0,396150
NIFTY-III.NFO,19/02/2025,09:39:34,23213.45,23215,75,23218,75,0,396150
NIFTY-III.NFO,19/02/2025,09:39:36,23215,23213,75,23217.95,75,75,396075
NIFTY-III.NFO,19/02/2025,09:39:37,23215,23213,75,23217.95,75,0,396075
NIFTY-III.NFO,19/02/2025,09:39:41,23215,23213,75,23218,75,0,396075
NIFTY-III.NFO,19/02/2025,09:39:42,23215,23213,75,23217.65,75,0,396075
NIFTY-III.NFO,19/02/2025,09:39:44,23215,23213,75,23217.75,75,0,396075
NIFTY-III.NFO,19/02/2025,09:39:46,23215,23213,75,23217.7,75,0,396075
NIFTY-III.NFO,19/02/2025,09:39:48,23215,23213,75,23217.7,450,0,396075
NIFTY-III.NFO,19/02/2025,09:39:49,23213,23209.65,150,23213,75,75,396075
NIFTY-III.NFO,19/02/2025,09:39:52,23213,23209.65,225,23217.45,75,0,396075
NIFTY-III.NFO,19/02/2025,09:39:54,23213,23208.35,225,23216.25,75,0,396075
NIFTY-III.NFO,19/02/2025,09:39:56,23213,23209,150,23216.65,75,0,396075
NIFTY-III.NFO,19/02/2025,09:39:57,23213,23208.4,225,23216.15,75,0,396075
NIFTY-III.NFO,19/02/2025,09:39:59,23213,23206.9,150,23214.25,75,0,396075
NIFTY-III.NFO,19/02/2025,09:40:01,23213,23206.95,150,23213.55,75,0,396075
NIFTY-III.NFO,19/02/2025,09:40:02,23213,23206.95,225,23213.6,750,0,396075
NIFTY-III.NFO,19/02/2025,09:40:04,23213,23207.6,225,23215,75,0,396075
NIFTY-III.NFO,19/02/2025,09:40:06,23213,23208.3,150,23215.5,75,0,396075
NIFTY-III.NFO,19/02/2025,09:40:07,23213,23208.3,150,23215.55,750,0,396075
NIFTY-III.NFO,19/02/2025,09:40:09,23213,23208.85,225,23215.85,75,0,396075
NIFTY-III.NFO,19/02/2025,09:40:11,23213,23209.65,150,23217.9,75,0,396075
NIFTY-III.NFO,19/02/2025,09:40:12,23213,23209.65,225,23217.4,75,0,396075
NIFTY-III.NFO,19/02/2025,09:40:14,23213,23209.65,225,23217,75,0,396075
NIFTY-III.NFO,19/02/2025,09:40:16,23213,23209.65,225,23217.85,75,0,396075
NIFTY-III.NFO,19/02/2025,09:40:17,23213,23209.65,225,23217.55,75,0,396075
NIFTY-III.NFO,19/02/2025,09:40:19,23213,23208.95,225,23216.7,75,0,396075
NIFTY-III.NFO,19/02/2025,09:40:21,23213,23209.7,150,23217.85,75,0,396075
NIFTY-III.NFO,19/02/2025,09:40:22,23213,23209.1,225,23217.2,75,0,396075
NIFTY-III.NFO,19/02/2025,09:40:24,23213,23207.7,150,23216.25,75,0,396075
NIFTY-III.NFO,19/02/2025,09:40:26,23213,23207.55,150,23216.25,75,0,396075
NIFTY-III.NFO,19/02/2025,09:40:27,23213,23208.45,150,23216.8,75,0,396075
NIFTY-III.NFO,19/02/2025,09:40:29,23213,23207.45,225,23215.4,75,0,396075
NIFTY-III.NFO,19/02/2025,09:40:32,23213,23207.45,225,23215,75,0,396075
NIFTY-III.NFO,19/02/2025,09:40:34,23213,23215.35,75,23215.8,750,0,396075
NIFTY-III.NFO,19/02/2025,09:40:36,23215.35,23210.6,150,23217.9,75,75,396075
NIFTY-III.NFO,19/02/2025,09:40:37,23215.35,23210.6,150,23217.95,75,0,396075
NIFTY-III.NFO,19/02/2025,09:40:39,23215.35,23211.05,150,23217.95,75,0,396075
NIFTY-III.NFO,19/02/2025,09:40:42,23215.35,23211.7,150,23217.95,75,0,396075
NIFTY-III.NFO,19/02/2025,09:40:44,23215.35,23212.35,150,23217.95,75,0,396075
NIFTY-III.NFO,19/02/2025,09:40:46,23215.35,23211.05,150,23217.9,75,0,396075
NIFTY-III.NFO,19/02/2025,09:40:47,23215.35,23211.75,150,23217.95,75,0,396075
NIFTY-III.NFO,19/02/2025,09:40:49,23215.35,23215.35,75,23217.9,75,0,396075
NIFTY-III.NFO,19/02/2025,09:40:51,23215.35,23210.3,225,23215.35,75,75,396075
NIFTY-III.NFO,19/02/2025,09:40:52,23215.35,23211.2,225,23215.35,75,0,396075
NIFTY-III.NFO,19/02/2025,09:40:54,23215.35,23210.1,225,23217.9,75,75,396075
NIFTY-III.NFO,19/02/2025,09:40:56,23215.35,23210.8,150,23217.95,75,0,396075
NIFTY-III.NFO,19/02/2025,09:40:57,23215.35,23211.45,150,23217.95,75,0,396075
NIFTY-III.NFO,19/02/2025,09:40:59,23215.35,23210.9,225,23217.9,75,0,396075
NIFTY-III.NFO,19/02/2025,09:41:01,23215.35,23209.85,150,23217.9,75,0,396075
NIFTY-III.NFO,19/02/2025,09:41:02,23215.35,23206.5,150,23214.9,75,0,396075
NIFTY-III.NFO,19/02/2025,09:41:04,23215.35,23206.1,225,23214.85,75,0,396075
NIFTY-III.NFO,19/02/2025,09:41:06,23215.35,23206.2,225,23214.8,75,0,396075
NIFTY-III.NFO,19/02/2025,09:41:07,23215.35,23205,225,23213.15,75,0,396075
NIFTY-III.NFO,19/02/2025,09:41:09,23215.35,23204.95,225,23213,75,0,396075
NIFTY-III.NFO,19/02/2025,09:41:11,23215.35,23204.55,150,23212.25,75,0,396075
NIFTY-III.NFO,19/02/2025,09:41:14,23215.35,23204.15,150,23211.55,75,0,396075
NIFTY-III.NFO,19/02/2025,09:41:16,23215.35,23203.25,150,23212.25,75,0,396075
NIFTY-III.NFO,19/02/2025,09:41:17,23215.35,23203.25,225,23211.4,75,0,396075
NIFTY-III.NFO,19/02/2025,09:41:19,23215.35,23205.8,150,23214.45,75,0,396075
NIFTY-III.NFO,19/02/2025,09:41:21,23215.35,23205.8,150,23214.3,75,0,396075
NIFTY-III.NFO,19/02/2025,09:41:22,23215.35,23204.95,150,23213.5,75,0,396075
NIFTY-III.NFO,19/02/2025,09:41:24,23215.35,23204.95,150,23213.9,450,0,396075
NIFTY-III.NFO,19/02/2025,09:41:26,23215.35,23204.95,150,23213.5,75,0,396075
NIFTY-III.NFO,19/02/2025,09:41:27,23215.35,23204.7,225,23212.7,300,0,396075
NIFTY-III.NFO,19/02/2025,09:41:29,23215.35,23204.7,225,23212.95,75,0,396075
NIFTY-III.NFO,19/02/2025,09:41:31,23215.35,23204.7,225,23213.5,75,0,396075
NIFTY-III.NFO,19/02/2025,09:41:32,23215.35,23204.7,225,23213,75,0,396075
NIFTY-III.NFO,19/02/2025,09:41:34,23215.35,23204.65,225,23211.9,75,0,396075
NIFTY-III.NFO,19/02/2025,09:41:36,23215.35,23203.55,150,23211.85,75,0,396075
NIFTY-III.NFO,19/02/2025,09:41:37,23215.35,23204,150,23212.55,75,0,396075
NIFTY-III.NFO,19/02/2025,09:41:39,23215.35,23203.25,225,23210.95,75,0,396075
NIFTY-III.NFO,19/02/2025,09:41:41,23215.35,23203.45,150,23210.95,75,0,396075
NIFTY-III.NFO,19/02/2025,09:41:42,23215.35,23202.7,225,23210.95,75,0,396075
NIFTY-III.NFO,19/02/2025,09:41:44,23215.35,23201.25,225,23210,75,0,396075
NIFTY-III.NFO,19/02/2025,09:41:46,23215.35,23201.05,225,23209.15,75,0,396075
NIFTY-III.NFO,19/02/2025,09:41:47,23215.35,23200.85,150,23209.95,75,0,396075
NIFTY-III.NFO,19/02/2025,09:41:49,23215.35,23201.15,150,23209.3,75,0,396075
NIFTY-III.NFO,19/02/2025,09:41:51,23215.35,23201.6,150,23209.8,75,0,396075
NIFTY-III.NFO,19/02/2025,09:41:52,23215.35,23202.25,150,23209.8,75,0,396075
NIFTY-III.NFO,19/02/2025,09:41:54,23215.35,23201.15,150,23209.65,75,0,396075
NIFTY-III.NFO,19/02/2025,09:41:56,23215.35,23200.35,225,23208.95,75,0,396075
NIFTY-III.NFO,19/02/2025,09:41:57,23215.35,23200,75,23206.5,75,0,396075
NIFTY-III.NFO,19/02/2025,09:41:59,23215.35,23200,75,23205.25,75,0,396075
NIFTY-III.NFO,19/02/2025,09:42:01,23215.35,23200,75,23205.1,75,0,396075
NIFTY-III.NFO,19/02/2025,09:42:03,23215.35,23200,75,23206.3,75,0,396075
NIFTY-III.NFO,19/02/2025,09:42:04,23215.35,23201.8,150,23209.3,750,0,396075
NIFTY-III.NFO,19/02/2025,09:42:08,23215.35,23202.1,150,23210.75,75,0,396075
NIFTY-III.NFO,19/02/2025,09:42:09,23215.35,23203.35,150,23211,75,0,396075
NIFTY-III.NFO,19/02/2025,09:42:11,23215.35,23201.9,225,23210.55,75,0,396075
NIFTY-III.NFO,19/02/2025,09:42:13,23215.35,23200.4,225,23210.9,75,0,396075
NIFTY-III.NFO,19/02/2025,09:42:14,23215.35,23204.05,225,23210.95,750,0,396075
NIFTY-III.NFO,19/02/2025,09:42:16,23215.35,23202.55,150,23210.95,75,0,396075
NIFTY-III.NFO,19/02/2025,09:42:19,23215.35,23200.3,225,23208.6,75,0,396075
NIFTY-III.NFO,19/02/2025,09:42:21,23215.35,23200.05,225,23208.4,75,0,396075
NIFTY-III.NFO,19/02/2025,09:42:23,23215.35,23200.05,150,23207.8,75,0,396075
NIFTY-III.NFO,19/02/2025,09:42:24,23215.35,23200.9,150,23209.8,825,0,396075
NIFTY-III.NFO,19/02/2025,09:42:26,23215.35,23202.15,150,23210.3,75,0,396075
NIFTY-III.NFO,19/02/2025,09:42:28,23215.35,23200.9,225,23208.9,75,0,396075
NIFTY-III.NFO,19/02/2025,09:42:29,23215.35,23200.05,150,23207.05,75,0,396075
NIFTY-III.NFO,19/02/2025,09:42:31,23215.35,23200,75,23205.25,75,0,396075
NIFTY-III.NFO,19/02/2025,09:42:33,23215.35,23200,75,23204.5,75,0,396075
NIFTY-III.NFO,19/02/2025,09:42:34,23215.35,23200,75,23204.45,75,0,396075
NIFTY-III.NFO,19/02/2025,09:42:36,23200,23194.65,225,23202.9,75,75,396150
NIFTY-III.NFO,19/02/2025,09:42:38,23200,23194.65,150,23201.9,75,0,396150
NIFTY-III.NFO,19/02/2025,09:42:39,23201.95,23194.6,150,23201.35,750,375,396150
NIFTY-III.NFO,19/02/2025,09:42:41,23201.95,23192.35,150,23200.15,750,0,396150
NIFTY-III.NFO,19/02/2025,09:42:43,23201.95,23194,150,23202.8,750,0,396150
NIFTY-III.NFO,19/02/2025,09:42:44,23201.95,23195.2,225,23203.7,750,0,396150
NIFTY-III.NFO,19/02/2025,09:42:46,23201.95,23195.2,225,23201.95,75,0,396150
NIFTY-III.NFO,19/02/2025,09:42:48,23201.95,23193.2,150,23201.95,75,0,396150
NIFTY-III.NFO,19/02/2025,09:42:49,23201.95,23194.15,75,23201.95,825,0,396150
NIFTY-III.NFO,19/02/2025,09:42:51,23201.95,23194.15,225,23201.95,75,0,396150
NIFTY-III.NFO,19/02/2025,09:42:54,23201.95,23194.15,225,23201.95,150,0,396150
NIFTY-III.NFO,19/02/2025,09:42:56,23201.95,23194.8,150,23201.95,150,0,396150
NIFTY-III.NFO,19/02/2025,09:42:58,23195.45,23196.3,150,23201.95,75,75,396150
NIFTY-III.NFO,19/02/2025,09:42:59,23195.45,23196.95,225,23199,75,0,396150
NIFTY-III.NFO,19/02/2025,09:43:01,23199,23198.7,150,23201.95,75,75,396150
NIFTY-III.NFO,19/02/2025,09:43:03,23201.95,23200.7,225,23206,75,75,396150
NIFTY-III.NFO,19/02/2025,09:43:04,23201.95,23200.7,150,23206,75,0,396150
NIFTY-III.NFO,19/02/2025,09:43:06,23201.95,23199.75,225,23206,75,0,396150
NIFTY-III.NFO,19/02/2025,09:43:08,23201.95,23198.1,225,23205.95,75,0,396150
NIFTY-III.NFO,19/02/2025,09:43:09,23201.95,23198.2,225,23205.95,75,0,396150
NIFTY-III.NFO,19/02/2025,09:43:11,23201.95,23201.5,225,23206,75,0,396150
NIFTY-III.NFO,19/02/2025,09:43:13,23201.95,23200.35,150,23206,75,0,396150
NIFTY-III.NFO,19/02/2025,09:43:14,23201.95,23200.4,225,23206,75,0,396150
NIFTY-III.NFO,19/02/2025,09:43:16,23201.95,23201.05,150,23206,75,0,396150
NIFTY-III.NFO,19/02/2025,09:43:17,23201.95,23201.05,225,23206,75,0,396150
NIFTY-III.NFO,19/02/2025,09:43:19,23201.95,23201.05,150,23206,75,0,396150
NIFTY-III.NFO,19/02/2025,09:43:22,23201.95,23200.6,150,23206,75,0,396150
NIFTY-III.NFO,19/02/2025,09:43:24,23201.95,23202.75,225,23206,75,0,396150
NIFTY-III.NFO,19/02/2025,09:43:26,23201.95,23203.45,225,23206,75,0,396150
NIFTY-III.NFO,19/02/2025,09:43:27,23201.95,23204.9,150,23206,75,0,396150
NIFTY-III.NFO,19/02/2025,09:43:29,23201.95,23203.8,225,23206,75,0,396150
NIFTY-III.NFO,19/02/2025,09:43:31,23201.95,23205.55,150,23206,75,0,396150
NIFTY-III.NFO,19/02/2025,09:43:32,23206,23207.5,150,23215.1,75,75,396150
NIFTY-III.NFO,19/02/2025,09:43:34,23206,23206.2,150,23215.1,75,0,396150
NIFTY-III.NFO,19/02/2025,09:43:36,23206,23207.6,150,23215.1,75,0,396150
NIFTY-III.NFO,19/02/2025,09:43:37,23215.15,23207.6,150,23215.15,225,150,396150
NIFTY-III.NFO,19/02/2025,09:43:39,23215.15,23207.85,225,23215.15,225,0,396150
NIFTY-III.NFO,19/02/2025,09:43:40,23215.15,23207.15,225,23215.15,225,0,396150
NIFTY-III.NFO,19/02/2025,09:43:42,23215.15,23209.9,225,23215.15,225,0,396150
NIFTY-III.NFO,19/02/2025,09:43:44,23215.15,23210.85,150,23215.15,225,0,396150
NIFTY-III.NFO,19/02/2025,09:43:45,23215.15,23213.15,225,23215.15,225,0,396150
NIFTY-III.NFO,19/02/2025,09:43:47,23218,23218.25,225,23220,75,375,396150
NIFTY-III.NFO,19/02/2025,09:43:49,23218,23218.5,225,23220,75,0,396150
NIFTY-III.NFO,19/02/2025,09:43:50,23221,23221.05,225,23225,75,150,396150
NIFTY-III.NFO,19/02/2025,09:43:52,23221,23219.3,150,23225,75,0,396150
NIFTY-III.NFO,19/02/2025,09:43:54,23221,23219.25,150,23225,75,0,396150
NIFTY-III.NFO,19/02/2025,09:43:55,23221,23220.2,150,23225,75,0,396150
NIFTY-III.NFO,19/02/2025,09:43:57,23221,23217.2,225,23225,75,0,396150
NIFTY-III.NFO,19/02/2025,09:43:59,23221,23218.55,225,23225,75,0,396150
NIFTY-III.NFO,19/02/2025,09:44:00,23221,23222.6,150,23225,75,0,396150
NIFTY-III.NFO,19/02/2025,09:44:02,23221,23222.8,150,23225,75,0,396150
NIFTY-III.NFO,19/02/2025,09:44:04,23221,23224.45,150,23225,75,0,396150
NIFTY-III.NFO,19/02/2025,09:44:06,23230,23224.1,150,23232.8,750,150,396150
NIFTY-III.NFO,19/02/2025,09:44:07,23230,23223.2,150,23232.1,750,0,396150
NIFTY-III.NFO,19/02/2025,09:44:09,23230,23222.95,150,23231.75,750,0,396150
NIFTY-III.NFO,19/02/2025,09:44:11,23230,23221.05,150,23230.25,750,0,396150
NIFTY-III.NFO,19/02/2025,09:44:12,23230,23225,75,23229,750,0,396150
NIFTY-III.NFO,19/02/2025,09:44:14,23230,23225,75,23229.1,750,0,396150
NIFTY-III.NFO,19/02/2025,09:44:16,23230,23225,75,23231.7,375,0,396150
NIFTY-III.NFO,19/02/2025,09:44:17,23223.2,23220.3,150,23228.7,825,150,396150
NIFTY-III.NFO,19/02/2025,09:44:19,23223.2,23218.9,75,23227.1,75,0,396150
NIFTY-III.NFO,19/02/2025,09:44:21,23227.1,23219.55,525,23228.55,750,75,396150
NIFTY-III.NFO,19/02/2025,09:44:22,23227.1,23220.65,150,23230.2,750,0,396150
NIFTY-III.NFO,19/02/2025,09:44:24,23227.1,23221,225,23230.95,750,0,396150
NIFTY-III.NFO,19/02/2025,09:44:26,23227.1,23221.75,150,23230.15,750,0,396150
NIFTY-III.NFO,19/02/2025,09:44:27,23227.1,23219.5,75,23228.6,750,0,396150
NIFTY-III.NFO,19/02/2025,09:44:29,23227.1,23219.2,375,23227.8,1125,0,396150
NIFTY-III.NFO,19/02/2025,09:44:31,23227.1,23220.55,150,23227.8,750,0,396150
NIFTY-III.NFO,19/02/2025,09:44:32,23227.1,23221.2,150,23229.7,750,0,396150
NIFTY-III.NFO,19/02/2025,09:44:34,23219.95,23220.6,150,23229,75,75,396150
NIFTY-III.NFO,19/02/2025,09:44:36,23219.95,23220,150,23229.5,75,0,396150
NIFTY-III.NFO,19/02/2025,09:44:37,23219.95,23221.55,150,23229.6,75,0,396150
NIFTY-III.NFO,19/02/2025,09:44:39,23219.95,23221.55,150,23230.45,75,0,396150
NIFTY-III.NFO,19/02/2025,09:44:41,23219.95,23222.2,150,23231.05,75,0,396150
NIFTY-III.NFO,19/02/2025,09:44:42,23219.95,23222.45,150,23230.55,75,0,396150
NIFTY-III.NFO,19/02/2025,09:44:44,23219.95,23223.1,150,23232.1,75,0,396150
NIFTY-III.NFO,19/02/2025,09:44:46,23219.95,23224.3,150,23233.45,75,0,396150
NIFTY-III.NFO,19/02/2025,09:44:47,23219.95,23224.3,150,23233.25,75,0,396150
NIFTY-III.NFO,19/02/2025,09:44:49,23219.95,23224.15,225,23232.45,75,0,396150
NIFTY-III.NFO,19/02/2025,09:44:51,23219.95,23224.4,150,23233.2,75,0,396150
NIFTY-III.NFO,19/02/2025,09:44:52,23219.95,23225.7,150,23234.2,75,0,396150
NIFTY-III.NFO,19/02/2025,09:44:54,23219.95,23226.4,150,23234.7,75,0,396150
NIFTY-III.NFO,19/02/2025,09:44:57,23219.95,23226.35,150,23234.7,75,0,396150
NIFTY-III.NFO,19/02/2025,09:44:59,23219.95,23227.3,150,23235.9,75,0,396150
NIFTY-III.NFO,19/02/2025,09:45:01,23219.95,23228.55,150,23237.25,75,0,396150
NIFTY-III.NFO,19/02/2025,09:45:02,23219.95,23227.35,150,23236.7,75,0,396150
NIFTY-III.NFO,19/02/2025,09:45:04,23219.95,23226.45,150,23235.4,75,0,396150
NIFTY-III.NFO,19/02/2025,09:45:06,23219.95,23226.3,150,23235.4,75,0,396150
NIFTY-III.NFO,19/02/2025,09:45:07,23219.95,23227.85,150,23236.1,75,0,396150
NIFTY-III.NFO,19/02/2025,09:45:09,23219.95,23228.5,150,23237.05,75,0,396150
NIFTY-III.NFO,19/02/2025,09:45:10,23219.95,23228.1,150,23236.95,75,0,396150
NIFTY-III.NFO,19/02/2025,09:45:12,23219.95,23230.7,150,23239.25,75,0,396150
NIFTY-III.NFO,19/02/2025,09:45:14,23219.95,23233.1,450,23239,75,0,396150
NIFTY-III.NFO,19/02/2025,09:45:15,23219.95,23234.7,225,23239,75,0,396150
NIFTY-III.NFO,19/02/2025,09:45:17,23239,23236.25,225,23242,75,75,396150
NIFTY-III.NFO,19/02/2025,09:45:19,23239,23235.05,225,23242,75,0,396150
NIFTY-III.NFO,19/02/2025,09:45:20,23239,23232.6,150,23241.25,75,0,396150
NIFTY-III.NFO,19/02/2025,09:45:22,23239,23231.2,225,23239.7,75,0,396150
NIFTY-III.NFO,19/02/2025,09:45:24,23239,23234.3,225,23241.95,75,0,396150
NIFTY-III.NFO,19/02/2025,09:45:25,23239,23235.05,225,23241.95,75,0,396150
NIFTY-III.NFO,19/02/2025,09:45:27,23239,23234.45,375,23240,75,0,396150
NIFTY-III.NFO,19/02/2025,09:45:29,23239,23233.4,225,23239.95,75,0,396150
NIFTY-III.NFO,19/02/2025,09:45:30,23239,23233.45,150,23240,75,0,396150
NIFTY-III.NFO,19/02/2025,09:45:32,23239,23234.1,150,23240,75,0,396150
NIFTY-III.NFO,19/02/2025,09:45:34,23239,23233.6,225,23240,75,0,396150
NIFTY-III.NFO,19/02/2025,09:45:35,23240,23237.6,150,23242,75,150,396525
NIFTY-III.NFO,19/02/2025,09:45:37,23240,23236.05,150,23242,75,0,396525
NIFTY-III.NFO,19/02/2025,09:45:39,23240,23235.4,150,23240,75,0,396525
NIFTY-III.NFO,19/02/2025,09:45:42,23240,23236.1,150,23240,75,0,396525
NIFTY-III.NFO,19/02/2025,09:45:44,23240,23236.1,225,23240,225,0,396525
NIFTY-III.NFO,19/02/2025,09:45:46,23240,23238.25,150,23240,225,0,396525
NIFTY-III.NFO,19/02/2025,09:45:47,23238.25,23237.35,75,23240,225,75,396525
NIFTY-III.NFO,19/02/2025,09:45:49,23238.25,23237.8,75,23240,225,0,396525
NIFTY-III.NFO,19/02/2025,09:45:51,23238.25,23237,75,23240,225,0,396525
NIFTY-III.NFO,19/02/2025,09:45:52,23238.25,23237.65,75,23240,300,0,396525
NIFTY-III.NFO,19/02/2025,09:45:54,23238.25,23238.4,75,23240,300,0,396525
NIFTY-III.NFO,19/02/2025,09:45:56,23238.4,23238.4,450,23240,300,75,396525
NIFTY-III.NFO,19/02/2025,09:45:57,23238.4,23236.55,825,23240,300,0,396525
NIFTY-III.NFO,19/02/2025,09:45:59,23238.4,23236.25,375,23240,300,0,396525
NIFTY-III.NFO,19/02/2025,09:46:01,23238.4,23236.3,375,23240,300,0,396525
NIFTY-III.NFO,19/02/2025,09:46:02,23238.4,23235.5,450,23240,300,0,396525
NIFTY-III.NFO,19/02/2025,09:46:04,23240,23239.9,375,23240,225,75,396525
NIFTY-III.NFO,19/02/2025,09:46:06,23250,23240.65,150,23249.95,150,525,396525
NIFTY-III.NFO,19/02/2025,09:46:07,23250,23240.35,225,23248.65,150,0,396525
NIFTY-III.NFO,19/02/2025,09:46:09,23250,23240.85,225,23248.65,150,0,396525
NIFTY-III.NFO,19/02/2025,09:46:11,23250,23242.2,225,23248.7,750,0,396525
NIFTY-III.NFO,19/02/2025,09:46:12,23250,23242.1,150,23249.95,150,0,396525
NIFTY-III.NFO,19/02/2025,09:46:14,23250,23242.5,225,23250,825,0,396525
NIFTY-III.NFO,19/02/2025,09:46:16,23250,23244.35,150,23250,825,0,396525
NIFTY-III.NFO,19/02/2025,09:46:17,23250,23242.5,225,23250,825,0,396525
NIFTY-III.NFO,19/02/2025,09:46:19,23250,23244.3,225,23250,825,0,396525
NIFTY-III.NFO,19/02/2025,09:46:21,23250,23245,225,23250,825,0,396525
NIFTY-III.NFO,19/02/2025,09:46:22,23250,23246.25,225,23250,825,0,396525
NIFTY-III.NFO,19/02/2025,09:46:24,23246.75,23244.6,150,23250,825,75,396525
NIFTY-III.NFO,19/02/2025,09:46:26,23246.75,23245,75,23250,900,0,396525
NIFTY-III.NFO,19/02/2025,09:46:27,23246.75,23245.65,75,23250,900,0,396525
NIFTY-III.NFO,19/02/2025,09:46:29,23246.75,23246.3,150,23250,900,0,396525
NIFTY-III.NFO,19/02/2025,09:46:31,23246.75,23247.75,150,23250,900,0,396525
NIFTY-III.NFO,19/02/2025,09:46:32,23246.75,23247.55,75,23250,900,0,396525
NIFTY-III.NFO,19/02/2025,09:46:34,23246.5,23246.4,75,23250,900,150,396525
NIFTY-III.NFO,19/02/2025,09:46:36,23246.5,23245.95,150,23250,825,0,396525
NIFTY-III.NFO,19/02/2025,09:46:37,23246.5,23248.25,75,23250,825,0,396525
NIFTY-III.NFO,19/02/2025,09:46:39,23246.5,23246.8,375,23250,825,0,396525
NIFTY-III.NFO,19/02/2025,09:46:41,23250,23247.6,300,23250,675,150,396525
NIFTY-III.NFO,19/02/2025,09:46:42,23250,23246.8,375,23250,600,75,396525
NIFTY-III.NFO,19/02/2025,09:46:44,23250,23247.05,300,23250,750,0,396525
NIFTY-III.NFO,19/02/2025,09:46:46,23250,23246.15,75,23250,750,0,396525
NIFTY-III.NFO,19/02/2025,09:46:47,23250,23246.2,150,23250,750,0,396525
NIFTY-III.NFO,19/02/2025,09:46:49,23250,23246,75,23250,750,0,396525
NIFTY-III.NFO,19/02/2025,09:46:51,23250,23246,75,23250,975,0,396525
NIFTY-III.NFO,19/02/2025,09:46:56,23250,23246.05,75,23250,1050,0,396525
NIFTY-III.NFO,19/02/2025,09:46:57,23250,23246,75,23250,1050,0,396525
NIFTY-III.NFO,19/02/2025,09:46:59,23250,23246,75,23249.95,150,0,396525
NIFTY-III.NFO,19/02/2025,09:47:07,23246,23241.8,75,23249.95,150,75,396525
NIFTY-III.NFO,19/02/2025,09:47:09,23246,23241.8,75,23249.5,150,0,396525
NIFTY-III.NFO,19/02/2025,09:47:10,23246,23242.1,75,23249.95,150,0,396525
NIFTY-III.NFO,19/02/2025,09:47:12,23246,23240.25,375,23249.95,150,0,396525
NIFTY-III.NFO,19/02/2025,09:47:14,23241.2,23240.25,375,23249.45,150,150,396525
NIFTY-III.NFO,19/02/2025,09:47:15,23241.2,23241.05,750,23249.55,150,0,396525
NIFTY-III.NFO,19/02/2025,09:47:17,23241.1,23242.3,450,23249.9,150,75,396525
NIFTY-III.NFO,19/02/2025,09:47:19,23241.1,23242.1,450,23249.9,150,0,396525
NIFTY-III.NFO,19/02/2025,09:47:20,23241.1,23241.55,75,23249.9,150,0,396525
NIFTY-III.NFO,19/02/2025,09:47:22,23241.55,23241.55,75,23249.9,150,225,396525
NIFTY-III.NFO,19/02/2025,09:47:24,23241.55,23242.35,375,23249.95,150,0,396525
NIFTY-III.NFO,19/02/2025,09:47:25,23241.55,23242.35,450,23249.95,225,0,396525
NIFTY-III.NFO,19/02/2025,09:47:27,23241.55,23245,75,23249.55,150,0,396525
NIFTY-III.NFO,19/02/2025,09:47:29,23241.55,23245,75,23250,750,0,396525
NIFTY-III.NFO,19/02/2025,09:47:30,23241.55,23245,75,23250,600,0,396525
NIFTY-III.NFO,19/02/2025,09:47:34,23245.35,23245.1,450,23250,600,75,396525
NIFTY-III.NFO,19/02/2025,09:47:35,23245.35,23245,75,23250,600,0,396525
NIFTY-III.NFO,19/02/2025,09:47:37,23245.35,23245,150,23250,600,0,396525
NIFTY-III.NFO,19/02/2025,09:47:40,23245.35,23245,75,23250,600,0,396525
NIFTY-III.NFO,19/02/2025,09:47:42,23245.35,23245,75,23249.95,225,0,396525
NIFTY-III.NFO,19/02/2025,09:47:44,23245.35,23245.35,75,23249.95,75,0,396525
NIFTY-III.NFO,19/02/2025,09:47:45,23245.35,23245.35,75,23249.95,225,0,396525
NIFTY-III.NFO,19/02/2025,09:47:49,23245.35,23245.35,75,23250,750,0,396525
NIFTY-III.NFO,19/02/2025,09:47:55,23245.35,23245.7,450,23250,750,0,396525
NIFTY-III.NFO,19/02/2025,09:47:57,23245.35,23245.35,75,23250,750,0,396525
NIFTY-III.NFO,19/02/2025,09:47:59,23245.35,23245.2,375,23250,750,75,396525
NIFTY-III.NFO,19/02/2025,09:48:00,23245.35,23245.65,375,23250,750,0,396525
NIFTY-III.NFO,19/02/2025,09:48:02,23245.35,23245.65,75,23250,750,0,396525
NIFTY-III.NFO,19/02/2025,09:48:04,23245.35,23246.5,450,23250,750,0,396525
NIFTY-III.NFO,19/02/2025,09:48:05,23245.35,23247.65,450,23250,750,0,396525
NIFTY-III.NFO,19/02/2025,09:48:07,23250,23250.25,450,23254,75,750,396525
NIFTY-III.NFO,19/02/2025,09:48:09,23254,23250,150,23255.9,75,75,396525
NIFTY-III.NFO,19/02/2025,09:48:09,23254,23250,150,23255.9,75,0,396525
NIFTY-III.NFO,19/02/2025,09:48:10,23254,23250.95,450,23255.9,75,0,396525
NIFTY-III.NFO,19/02/2025,09:48:12,23255.9,23250.05,300,23256,75,75,396525
NIFTY-III.NFO,19/02/2025,09:48:12,23255.9,23250.05,300,23256,75,0,396525
NIFTY-III.NFO,19/02/2025,09:48:14,23250.8,23252.05,150,23256,75,150,396525
NIFTY-III.NFO,19/02/2025,09:48:15,23256,23254.5,450,23257,75,75,396525
NIFTY-III.NFO,19/02/2025,09:48:15,23256,23254.5,450,23257,75,0,396525
NIFTY-III.NFO,19/02/2025,09:48:17,23257,23255.45,75,23258.9,150,75,396525
NIFTY-III.NFO,19/02/2025,09:48:17,23257,23255.45,75,23258.9,150,0,396525
NIFTY-III.NFO,19/02/2025,09:48:19,23257,23253.25,75,23258.9,150,0,396525
NIFTY-III.NFO,19/02/2025,09:48:20,23257,23252.75,225,23258.85,150,0,396525
NIFTY-III.NFO,19/02/2025,09:48:22,23257,23251.8,225,23258.85,225,0,396525
NIFTY-III.NFO,19/02/2025,09:48:24,23257,23252.25,450,23258.9,150,0,396525
NIFTY-III.NFO,19/02/2025,09:48:26,23257,23257.3,375,23258.9,150,0,396525
NIFTY-III.NFO,19/02/2025,09:48:27,23258.9,23256.65,375,23258.9,75,75,396525
NIFTY-III.NFO,19/02/2025,09:48:27,23258.9,23256.65,375,23258.9,75,0,396525
NIFTY-III.NFO,19/02/2025,09:48:29,23258.9,23256.75,375,23260,225,75,396525
NIFTY-III.NFO,19/02/2025,09:48:31,23258.9,23257.55,75,23260,225,0,396525
NIFTY-III.NFO,19/02/2025,09:48:32,23257.45,23257.4,375,23260,225,150,396525
NIFTY-III.NFO,19/02/2025,09:48:34,23257.45,23256.35,450,23260,225,0,396525
NIFTY-III.NFO,19/02/2025,09:48:36,23257.45,23258.45,375,23260,225,0,396525
NIFTY-III.NFO,19/02/2025,09:48:37,23260,23260.6,450,23265,75,225,397800
NIFTY-III.NFO,19/02/2025,09:48:37,23260,23260.6,450,23265,75,0,397800
NIFTY-III.NFO,19/02/2025,09:48:39,23260,23257.8,450,23264.95,225,0,397800
NIFTY-III.NFO,19/02/2025,09:48:40,23260,23261,375,23265,75,0,397800
NIFTY-III.NFO,19/02/2025,09:48:42,23260,23260,450,23265,75,0,397800
NIFTY-III.NFO,19/02/2025,09:48:44,23260,23260.85,225,23265,75,0,397800
NIFTY-III.NFO,19/02/2025,09:48:45,23262.95,23264.05,375,23265,75,75,397800
NIFTY-III.NFO,19/02/2025,09:48:45,23262.95,23264.05,375,23265,75,0,397800
NIFTY-III.NFO,19/02/2025,09:48:47,23267,23266.95,450,23270,150,225,397800
NIFTY-III.NFO,19/02/2025,09:48:47,23267,23266.95,450,23270,150,0,397800
NIFTY-III.NFO,19/02/2025,09:48:49,23267,23268,450,23270,150,0,397800
NIFTY-III.NFO,19/02/2025,09:48:50,23267,23268.1,375,23270,150,0,397800
NIFTY-III.NFO,19/02/2025,09:48:52,23267,23265.05,375,23270,150,0,397800
NIFTY-III.NFO,19/02/2025,09:48:54,23270,23265.45,375,23270,75,75,397800
NIFTY-III.NFO,19/02/2025,09:48:54,23270,23265.45,375,23270,75,0,397800
NIFTY-III.NFO,19/02/2025,09:48:55,23265.45,23268.2,375,23270,75,75,397800
NIFTY-III.NFO,19/02/2025,09:48:57,23265.45,23267.65,375,23270,150,0,397800
NIFTY-III.NFO,19/02/2025,09:48:59,23265.45,23267.7,375,23270,150,0,397800
NIFTY-III.NFO,19/02/2025,09:49:00,23270,23271.35,375,23279.95,150,150,397800
NIFTY-III.NFO,19/02/2025,09:49:02,23275.5,23276.45,375,23280,225,75,397800
NIFTY-III.NFO,19/02/2025,09:49:02,23275.5,23276.45,375,23280,225,0,397800
NIFTY-III.NFO,19/02/2025,09:49:04,23280,23281.25,450,23290.4,225,225,397800
NIFTY-III.NFO,19/02/2025,09:49:04,23280,23281.25,450,23290.4,225,0,397800
NIFTY-III.NFO,19/02/2025,09:49:05,23280,23286.8,375,23290.45,75,0,397800
NIFTY-III.NFO,19/02/2025,09:49:07,23287.5,23287.65,375,23290.45,75,75,397800
NIFTY-III.NFO,19/02/2025,09:49:07,23287.5,23287.65,375,23290.45,75,0,397800
NIFTY-III.NFO,19/02/2025,09:49:09,23287.5,23287.7,375,23290.45,75,0,397800
NIFTY-III.NFO,19/02/2025,09:49:10,23290.45,23292.95,750,23295,75,75,397800
NIFTY-III.NFO,19/02/2025,09:49:10,23290.45,23292.95,750,23295,75,0,397800
NIFTY-III.NFO,19/02/2025,09:49:12,23290.45,23288.65,375,23294.95,225,0,397800
NIFTY-III.NFO,19/02/2025,09:49:14,23290.45,23283.1,375,23289.95,150,0,397800
NIFTY-III.NFO,19/02/2025,09:49:15,23289.95,23284.2,75,23290,150,75,397800
NIFTY-III.NFO,19/02/2025,09:49:17,23289.95,23278.55,375,23288.7,225,0,397800
NIFTY-III.NFO,19/02/2025,09:49:19,23287.5,23278.5,150,23288,75,750,397800
NIFTY-III.NFO,19/02/2025,09:49:20,23287.5,23274.35,150,23284.1,150,0,397800
NIFTY-III.NFO,19/02/2025,09:49:22,23274.15,23273.35,600,23282.2,225,75,397800
NIFTY-III.NFO,19/02/2025,09:49:24,23274.15,23276.05,150,23282.2,75,0,397800
NIFTY-III.NFO,19/02/2025,09:49:25,23274.15,23277.1,150,23283.35,75,0,397800
NIFTY-III.NFO,19/02/2025,09:49:27,23274.15,23278.7,150,23286.65,150,0,397800
NIFTY-III.NFO,19/02/2025,09:49:29,23274.15,23275.45,150,23284.5,150,0,397800
NIFTY-III.NFO,19/02/2025,09:49:30,23275.45,23274.55,75,23283.65,150,75,397800
NIFTY-III.NFO,19/02/2025,09:49:32,23275.45,23276.75,75,23283.05,75,0,397800
NIFTY-III.NFO,19/02/2025,09:49:34,23283.05,23275.35,75,23283.15,150,75,397800
NIFTY-III.NFO,19/02/2025,09:49:35,23283.15,23276.45,150,23281,75,75,397800
NIFTY-III.NFO,19/02/2025,09:49:37,23277.45,23277.95,150,23281,75,75,397800
NIFTY-III.NFO,19/02/2025,09:49:39,23276.85,23276.45,375,23281,150,75,397800
NIFTY-III.NFO,19/02/2025,09:49:40,23276.85,23276.55,150,23281,75,0,397800
NIFTY-III.NFO,19/02/2025,09:49:42,23276.85,23276.25,375,23281,75,0,397800
NIFTY-III.NFO,19/02/2025,09:49:44,23276.85,23276.4,150,23281,75,0,397800
NIFTY-III.NFO,19/02/2025,09:49:45,23276.85,23278.5,375,23281,75,0,397800
NIFTY-III.NFO,19/02/2025,09:49:47,23279.55,23279.55,750,23281,75,75,397800
NIFTY-III.NFO,19/02/2025,09:49:49,23279.55,23279.45,375,23281,75,0,397800
NIFTY-III.NFO,19/02/2025,09:49:50,23279.55,23278.7,375,23281,75,0,397800
NIFTY-III.NFO,19/02/2025,09:49:52,23281,23280.85,150,23286,75,75,397800
NIFTY-III.NFO,19/02/2025,09:49:54,23278.65,23279.6,150,23280.45,75,75,397800
NIFTY-III.NFO,19/02/2025,09:49:55,23280.45,23280.75,150,23286,75,75,397800
NIFTY-III.NFO,19/02/2025,09:49:57,23280.45,23280.8,375,23285.95,150,0,397800
NIFTY-III.NFO,19/02/2025,09:49:59,23280.8,23280.75,375,23286,75,450,397800
NIFTY-III.NFO,19/02/2025,09:50:00,23280.8,23279.8,150,23285.95,150,0,397800
NIFTY-III.NFO,19/02/2025,09:50:02,23280.8,23283.55,150,23286,75,0,397800
NIFTY-III.NFO,19/02/2025,09:50:04,23280.8,23282,150,23285.25,75,0,397800
NIFTY-III.NFO,19/02/2025,09:50:05,23280.2,23280.15,375,23285.25,75,75,397800
NIFTY-III.NFO,19/02/2025,09:50:07,23285.25,23282.3,75,23286.65,75,75,397800
NIFTY-III.NFO,19/02/2025,09:50:09,23285.25,23284.05,75,23286,75,0,397800
NIFTY-III.NFO,19/02/2025,09:50:10,23284,23284.6,300,23286,75,75,397800
NIFTY-III.NFO,19/02/2025,09:50:12,23284,23284.65,300,23286,75,0,397800
NIFTY-III.NFO,19/02/2025,09:50:14,23284,23285.85,300,23286,75,0,397800
NIFTY-III.NFO,19/02/2025,09:50:15,23284,23284.7,375,23286,75,0,397800
NIFTY-III.NFO,19/02/2025,09:50:17,23284,23283.05,750,23286,75,0,397800
NIFTY-III.NFO,19/02/2025,09:50:19,23284,23281.85,300,23286,75,0,397800
NIFTY-III.NFO,19/02/2025,09:50:20,23284,23281.55,375,23286,75,0,397800
NIFTY-III.NFO,19/02/2025,09:50:22,23282.35,23283.75,300,23286,75,300,397800
NIFTY-III.NFO,19/02/2025,09:50:24,23286,23283.75,300,23286.65,75,75,397800
NIFTY-III.NFO,19/02/2025,09:50:25,23286,23285.4,375,23286.65,75,0,397800
NIFTY-III.NFO,19/02/2025,09:50:27,23283.4,23282.95,150,23289.95,225,525,397800
NIFTY-III.NFO,19/02/2025,09:50:29,23283.4,23283.15,150,23289.95,225,0,397800
NIFTY-III.NFO,19/02/2025,09:50:30,23283.4,23282.25,225,23289.95,225,0,397800
NIFTY-III.NFO,19/02/2025,09:50:32,23283.4,23283.35,225,23289.95,225,0,397800
NIFTY-III.NFO,19/02/2025,09:50:34,23283.4,23285.2,150,23289.95,150,0,397800
NIFTY-III.NFO,19/02/2025,09:50:35,23283.4,23285.2,150,23288,75,0,397800
NIFTY-III.NFO,19/02/2025,09:50:37,23283.4,23284.55,525,23288,75,0,397800
NIFTY-III.NFO,19/02/2025,09:50:39,23283.4,23285.65,375,23288,75,0,397800
NIFTY-III.NFO,19/02/2025,09:50:40,23283.4,23284.8,150,23288,75,0,397800
NIFTY-III.NFO,19/02/2025,09:50:42,23283.4,23283.4,75,23287.95,225,0,397800
NIFTY-III.NFO,19/02/2025,09:50:44,23283.4,23283.4,75,23287.95,150,0,397800
NIFTY-III.NFO,19/02/2025,09:50:45,23283.4,23284.2,150,23288,75,0,397800
NIFTY-III.NFO,19/02/2025,09:50:47,23284.2,23283.4,75,23288,75,150,397800
NIFTY-III.NFO,19/02/2025,09:50:49,23284.2,23283.4,75,23288,75,0,397800
NIFTY-III.NFO,19/02/2025,09:50:50,23284.2,23283.4,75,23287.95,150,0,397800
NIFTY-III.NFO,19/02/2025,09:50:52,23284.2,23283.4,75,23284.2,75,0,397800
NIFTY-III.NFO,19/02/2025,09:50:55,23283.4,23275.35,375,23284.15,225,75,397800
NIFTY-III.NFO,19/02/2025,09:50:57,23283.4,23275,375,23280.9,150,0,397800
NIFTY-III.NFO,19/02/2025,09:50:59,23283.4,23275,375,23279.2,150,0,397800
NIFTY-III.NFO,19/02/2025,09:51:00,23283.4,23275,450,23282.15,150,0,397800
NIFTY-III.NFO,19/02/2025,09:51:02,23275,23275,75,23279.2,150,300,397800
NIFTY-III.NFO,19/02/2025,09:51:04,23275,23275,75,23279.55,150,0,397800
NIFTY-III.NFO,19/02/2025,09:51:05,23275,23270.35,375,23280.25,225,75,397800
NIFTY-III.NFO,19/02/2025,09:51:07,23268.9,23268.5,750,23277.85,225,75,397800
NIFTY-III.NFO,19/02/2025,09:51:09,23268.9,23268.85,375,23277.85,225,0,397800
NIFTY-III.NFO,19/02/2025,09:51:10,23268.9,23267.2,225,23275.85,150,0,397800
NIFTY-III.NFO,19/02/2025,09:51:12,23268.9,23267.2,225,23275.4,150,0,397800
NIFTY-III.NFO,19/02/2025,09:51:14,23268.9,23269.05,375,23277.15,150,0,397800
NIFTY-III.NFO,19/02/2025,09:51:15,23268.9,23267.75,375,23276.6,150,0,397800
NIFTY-III.NFO,19/02/2025,09:51:17,23268.9,23269.85,300,23277.4,150,0,397800
NIFTY-III.NFO,19/02/2025,09:51:19,23269.15,23268.1,150,23277.2,150,75,397800
NIFTY-III.NFO,19/02/2025,09:51:20,23269.15,23266.9,300,23275.6,150,0,397800
NIFTY-III.NFO,19/02/2025,09:51:22,23269.15,23268.9,300,23275.4,150,0,397800
NIFTY-III.NFO,19/02/2025,09:51:24,23269.15,23268.95,300,23275.4,150,0,397800
NIFTY-III.NFO,19/02/2025,09:51:27,23269.15,23270,375,23275.4,75,0,397800
NIFTY-III.NFO,19/02/2025,09:51:29,23275.4,23270.1,300,23276,75,75,397800
NIFTY-III.NFO,19/02/2025,09:51:30,23275.4,23269.3,975,23276,150,0,397800
NIFTY-III.NFO,19/02/2025,09:51:32,23275.4,23270.3,675,23276,75,0,397800
NIFTY-III.NFO,19/02/2025,09:51:34,23275.4,23273.4,300,23276,75,0,397800
NIFTY-III.NFO,19/02/2025,09:51:35,23275.4,23274.45,300,23276,75,0,397800
NIFTY-III.NFO,19/02/2025,09:51:37,23276,23276.55,300,23280,75,75,397125
NIFTY-III.NFO,19/02/2025,09:51:39,23277.65,23276.8,225,23280,75,300,397125
NIFTY-III.NFO,19/02/2025,09:51:40,23277.65,23276.8,225,23280,75,0,397125
NIFTY-III.NFO,19/02/2025,09:51:42,23277.65,23274.8,150,23280,75,0,397125
NIFTY-III.NFO,19/02/2025,09:51:44,23277.65,23272.85,225,23279.95,75,0,397125
NIFTY-III.NFO,19/02/2025,09:51:45,23277.65,23272.85,225,23279.95,150,0,397125
NIFTY-III.NFO,19/02/2025,09:51:47,23277.65,23272.3,150,23279.7,75,0,397125
NIFTY-III.NFO,19/02/2025,09:51:49,23277.65,23272.3,450,23279.7,75,0,397125
NIFTY-III.NFO,19/02/2025,09:51:50,23277.65,23274.1,75,23280,150,0,397125
NIFTY-III.NFO,19/02/2025,09:51:52,23277.65,23273.3,375,23280,150,0,397125
NIFTY-III.NFO,19/02/2025,09:51:54,23277.65,23274.35,150,23280,75,0,397125
NIFTY-III.NFO,19/02/2025,09:51:55,23277.65,23274.25,225,23280,75,0,397125
NIFTY-III.NFO,19/02/2025,09:51:57,23277.65,23274.25,225,23280,150,0,397125
NIFTY-III.NFO,19/02/2025,09:51:59,23277.65,23272.2,750,23279.95,150,0,397125
NIFTY-III.NFO,19/02/2025,09:52:00,23277.65,23270.45,225,23279.25,225,0,397125
NIFTY-III.NFO,19/02/2025,09:52:02,23277.65,23273.4,225,23277.65,75,0,397125
NIFTY-III.NFO,19/02/2025,09:52:04,23277.65,23274,75,23277.65,75,0,397125
NIFTY-III.NFO,19/02/2025,09:52:05,23277.65,23275.25,75,23277.65,75,0,397125
NIFTY-III.NFO,19/02/2025,09:52:07,23277.65,23277,75,23277.65,75,0,397125
NIFTY-III.NFO,19/02/2025,09:52:12,23277,23276.3,75,23280,75,75,397125
NIFTY-III.NFO,19/02/2025,09:52:14,23277,23275,75,23280,75,0,397125
NIFTY-III.NFO,19/02/2025,09:52:15,23275,23276.45,375,23280,75,75,397125
NIFTY-III.NFO,19/02/2025,09:52:17,23277.5,23277.35,375,23280,75,75,397125
NIFTY-III.NFO,19/02/2025,09:52:19,23277.5,23279.95,225,23280,225,0,397125
NIFTY-III.NFO,19/02/2025,09:52:20,23280,23280.4,375,23284.2,75,225,397125
NIFTY-III.NFO,19/02/2025,09:52:22,23280,23279.55,225,23284.2,75,0,397125
NIFTY-III.NFO,19/02/2025,09:52:24,23280,23280.25,375,23284.2,75,0,397125
NIFTY-III.NFO,19/02/2025,09:52:25,23280.25,23280.55,300,23287.15,150,75,397125
NIFTY-III.NFO,19/02/2025,09:52:27,23280.25,23283.95,375,23290.45,150,0,397125
NIFTY-III.NFO,19/02/2025,09:52:29,23280.25,23284.45,450,23290.45,75,0,397125
NIFTY-III.NFO,19/02/2025,09:52:30,23280.25,23286.7,375,23290.45,75,0,397125
NIFTY-III.NFO,19/02/2025,09:52:32,23280.25,23287.9,450,23290.45,75,0,397125
NIFTY-III.NFO,19/02/2025,09:52:34,23290.45,23285.8,75,23294.95,225,75,397125
NIFTY-III.NFO,19/02/2025,09:52:35,23290.45,23285.1,450,23292.9,150,0,397125
NIFTY-III.NFO,19/02/2025,09:52:37,23290.45,23283.8,75,23293.4,150,0,397125
NIFTY-III.NFO,19/02/2025,09:52:39,23290.45,23283.6,450,23291.15,150,0,397125
NIFTY-III.NFO,19/02/2025,09:52:40,23290.45,23284.4,900,23292.35,150,0,397125
NIFTY-III.NFO,19/02/2025,09:52:42,23290.45,23285.2,375,23293.25,150,0,397125
NIFTY-III.NFO,19/02/2025,09:52:44,23290.45,23284.75,225,23293,150,0,397125
NIFTY-III.NFO,19/02/2025,09:52:45,23290.45,23285.95,450,23293.25,150,0,397125
NIFTY-III.NFO,19/02/2025,09:52:47,23290.45,23286.75,750,23293.85,150,0,397125
NIFTY-III.NFO,19/02/2025,09:52:49,23286.75,23285.7,75,23294.95,225,75,397125
NIFTY-III.NFO,19/02/2025,09:52:51,23286.75,23287.2,450,23294.75,150,0,397125
NIFTY-III.NFO,19/02/2025,09:52:52,23286.75,23287.65,450,23294.75,150,0,397125
NIFTY-III.NFO,19/02/2025,09:52:54,23286.75,23287.4,225,23294.75,150,0,397125
NIFTY-III.NFO,19/02/2025,09:52:56,23286.75,23288.55,375,23294.95,75,0,397125
NIFTY-III.NFO,19/02/2025,09:52:57,23286.75,23287.4,375,23294.95,225,0,397125
NIFTY-III.NFO,19/02/2025,09:52:59,23286.75,23287.15,225,23294.95,225,0,397125
NIFTY-III.NFO,19/02/2025,09:53:00,23286.75,23287.8,375,23293,75,0,397125
NIFTY-III.NFO,19/02/2025,09:53:02,23286.75,23288.2,225,23293,75,0,397125
NIFTY-III.NFO,19/02/2025,09:53:05,23286.75,23288.25,375,23293,75,0,397125
NIFTY-III.NFO,19/02/2025,09:53:07,23286.75,23288,75,23293,75,0,397125
NIFTY-III.NFO,19/02/2025,09:53:09,23286.75,23289.55,150,23293,75,0,397125
NIFTY-III.NFO,19/02/2025,09:53:10,23293,23291.1,450,23295,75,75,397125
NIFTY-III.NFO,19/02/2025,09:53:10,23293,23291.1,450,23295,75,0,397125
NIFTY-III.NFO,19/02/2025,09:53:12,23293,23288.55,450,23295,75,0,397125
NIFTY-III.NFO,19/02/2025,09:53:14,23293,23288.45,450,23294.95,225,0,397125
NIFTY-III.NFO,19/02/2025,09:53:15,23293,23288.95,375,23295,75,0,397125
NIFTY-III.NFO,19/02/2025,09:53:17,23293,23288.5,375,23294.95,225,0,397125
NIFTY-III.NFO,19/02/2025,09:53:19,23293,23289.25,375,23293,75,0,397125
NIFTY-III.NFO,19/02/2025,09:53:20,23293,23289.65,375,23293,75,0,397125
NIFTY-III.NFO,19/02/2025,09:53:22,23293,23290.7,375,23295,225,75,397125
NIFTY-III.NFO,19/02/2025,09:53:24,23293,23292.1,450,23295,225,0,397125
NIFTY-III.NFO,19/02/2025,09:53:25,23293,23292.05,225,23295,225,0,397125
NIFTY-III.NFO,19/02/2025,09:53:27,23295,23293.95,450,23295,150,75,397125
NIFTY-III.NFO,19/02/2025,09:53:27,23295,23293.95,450,23295,150,0,397125
NIFTY-III.NFO,19/02/2025,09:53:29,23295,23296.6,375,23297.9,450,150,397125
NIFTY-III.NFO,19/02/2025,09:53:30,23298,23296.8,375,23299,75,675,397125
NIFTY-III.NFO,19/02/2025,09:53:30,23298,23296.8,375,23299,75,0,397125
NIFTY-III.NFO,19/02/2025,09:53:32,23298,23294.75,375,23299,75,0,397125
NIFTY-III.NFO,19/02/2025,09:53:34,23298,23292.9,375,23298.95,150,0,397125
NIFTY-III.NFO,19/02/2025,09:53:35,23298,23290.9,375,23298.95,225,0,397125
NIFTY-III.NFO,19/02/2025,09:53:37,23298,23290.4,225,23298.75,150,0,397125
NIFTY-III.NFO,19/02/2025,09:53:39,23298.75,23290,225,23297.7,150,75,397125
NIFTY-III.NFO,19/02/2025,09:53:39,23298.75,23290,225,23297.7,150,0,397125
NIFTY-III.NFO,19/02/2025,09:53:40,23298.75,23292.25,375,23298.9,150,0,397125
NIFTY-III.NFO,19/02/2025,09:53:42,23298.75,23292.35,75,23298,75,0,397125
