Ticker,Date,Time,LTP,BuyPrice,BuyQty,SellPrice,SellQty,LTQ,OpenInterest
NIFTY-I.NFO,19/02/2025,09:15:00,22900.2,22905.15,75,22913.15,75,2250,0
NIFTY-I.NFO,19/02/2025,09:15:00,22900.2,22905.15,75,22913.15,75,0,0
NIFTY-I.NFO,19/02/2025,09:15:00,22926,22905.15,75,22913.15,75,0,0
NIFTY-I.NFO,19/02/2025,09:15:00,22900.2,22905.15,75,22913.15,75,0,0
NIFTY-I.NFO,19/02/2025,09:15:01,22914.15,22905.35,225,22914.15,675,1650,16780425
NIFTY-I.NFO,19/02/2025,09:15:02,22890.1,22890.05,300,22896.05,150,13950,16780425
NIFTY-I.NFO,19/02/2025,09:15:02,22890,22890.05,300,22896.05,150,0,16780425
NIFTY-I.NFO,19/02/2025,09:15:04,22885.05,22885,75,22893.7,600,17025,16780425
NIFTY-I.NFO,19/02/2025,09:15:04,22881.55,22885,75,22893.7,600,0,16780425
NIFTY-I.NFO,19/02/2025,09:15:06,22883.9,22882.15,300,22883.9,75,7950,16780425
NIFTY-I.NFO,19/02/2025,09:15:07,22884.4,22884.4,300,22890.15,300,10575,16780425
NIFTY-I.NFO,19/02/2025,09:15:07,22881.15,22884.4,300,22890.15,300,0,16780425
NIFTY-I.NFO,19/02/2025,09:15:09,22897.35,22890.6,150,22895.1,300,4425,16780425
NIFTY-I.NFO,19/02/2025,09:15:11,22891.15,22890.15,75,22891.15,1350,1200,16780425
NIFTY-I.NFO,19/02/2025,09:15:12,22889.45,22890.45,75,22893.35,150,2400,16780425
NIFTY-I.NFO,19/02/2025,09:15:14,22892.75,22892,150,22898.45,1200,6750,16780425
NIFTY-I.NFO,19/02/2025,09:15:16,22898.15,22893.4,75,22898,1200,1125,16780425
NIFTY-I.NFO,19/02/2025,09:15:17,22896.7,22891.2,375,22896.7,150,1350,16780425
NIFTY-I.NFO,19/02/2025,09:15:19,22896.65,22892,75,22896.55,1200,4725,16780425
NIFTY-I.NFO,19/02/2025,09:15:21,22895,22892,75,22896.45,300,975,16780425
NIFTY-I.NFO,19/02/2025,09:15:22,22892,22892.1,150,22892.5,75,3075,16780425
NIFTY-I.NFO,19/02/2025,09:15:24,22896.55,22892.5,375,22898.6,375,825,16780425
NIFTY-I.NFO,19/02/2025,09:15:25,22893.95,22893.9,525,22898,75,825,16780425
NIFTY-I.NFO,19/02/2025,09:15:27,22899.85,22895.9,375,22899.85,75,900,16780425
NIFTY-I.NFO,19/02/2025,09:15:29,22897,22895.25,450,22899.8,525,450,16780425
NIFTY-I.NFO,19/02/2025,09:15:30,22899.95,22898,525,22899.9,300,525,16785900
NIFTY-I.NFO,19/02/2025,09:15:32,22895.5,22895.45,75,22899.8,75,2400,16785900
NIFTY-I.NFO,19/02/2025,09:15:34,22897.95,22893.35,75,22897.95,675,3750,16785900
NIFTY-I.NFO,19/02/2025,09:15:35,22898,22892.55,525,22898,150,2325,16785900
NIFTY-I.NFO,19/02/2025,09:15:37,22890.65,22891.7,675,22897.75,300,1050,16785900
NIFTY-I.NFO,19/02/2025,09:15:39,22899.3,22892.75,75,22897.95,1200,7275,16785900
NIFTY-I.NFO,19/02/2025,09:15:40,22897.8,22892.3,75,22897.75,1200,1575,16785900
NIFTY-I.NFO,19/02/2025,09:15:42,22892.75,22892.45,75,22897.75,1200,3000,16785900
NIFTY-I.NFO,19/02/2025,09:15:43,22898,22895,75,22897.95,600,1725,16785900
NIFTY-I.NFO,19/02/2025,09:15:45,22893.2,22890.95,225,22893.2,150,1350,16785900
NIFTY-I.NFO,19/02/2025,09:15:47,22892,22891,75,22894.95,1200,2775,16785900
NIFTY-I.NFO,19/02/2025,09:15:49,22891.6,22890,75,22891.6,150,450,16785900
NIFTY-I.NFO,19/02/2025,09:15:50,22894,22890,300,22894,525,825,16785900
NIFTY-I.NFO,19/02/2025,09:15:52,22891.6,22891.6,2175,22892.7,225,1350,16785900
NIFTY-I.NFO,19/02/2025,09:15:53,22894.95,22894,75,22895,225,375,16785900
NIFTY-I.NFO,19/02/2025,09:15:55,22896.15,22891.6,1575,22895.8,300,3975,16785900
NIFTY-I.NFO,19/02/2025,09:15:57,22892.75,22893.3,75,22894,75,2700,16785900
NIFTY-I.NFO,19/02/2025,09:15:58,22897.55,22895,150,22897.55,1200,5550,16785900
NIFTY-I.NFO,19/02/2025,09:16:00,22891.95,22890,1050,22890.6,150,1950,16785900
NIFTY-I.NFO,19/02/2025,09:16:02,22889.95,22885.55,75,22889.95,1050,4275,16785900
NIFTY-I.NFO,19/02/2025,09:16:03,22888.35,22883.1,1725,22885.55,300,1050,16785900
NIFTY-I.NFO,19/02/2025,09:16:05,22885.55,22883.25,600,22885.55,75,450,16785900
NIFTY-I.NFO,19/02/2025,09:16:07,22883.1,22883.15,600,22885,300,525,16785900
NIFTY-I.NFO,19/02/2025,09:16:08,22885.55,22883.1,1425,22887.95,900,1950,16785900
NIFTY-I.NFO,19/02/2025,09:16:10,22883.1,22882.2,525,22887.15,600,2025,16785900
NIFTY-I.NFO,19/02/2025,09:16:12,22886.55,22881.1,75,22886.15,300,2100,16785900
NIFTY-I.NFO,19/02/2025,09:16:13,22885,22882.05,75,22885.55,75,1725,16785900
NIFTY-I.NFO,19/02/2025,09:16:15,22885,22885,825,22886,300,975,16785900
NIFTY-I.NFO,19/02/2025,09:16:17,22886.7,22882.05,75,22886.9,600,2400,16785900
NIFTY-I.NFO,19/02/2025,09:16:18,22886.55,22882.15,75,22886.85,75,450,16785900
NIFTY-I.NFO,19/02/2025,09:16:20,22882.15,22882.25,300,22887.1,300,900,16785900
NIFTY-I.NFO,19/02/2025,09:16:21,22882.45,22882.45,300,22886.15,75,1050,16785900
NIFTY-I.NFO,19/02/2025,09:16:23,22885.05,22883.2,150,22884.4,150,600,16785900
NIFTY-I.NFO,19/02/2025,09:16:25,22885.05,22883.5,75,22885.05,900,375,16785900
NIFTY-I.NFO,19/02/2025,09:16:26,22883.1,22882.6,75,22885,75,3225,16785900
NIFTY-I.NFO,19/02/2025,09:16:28,22884.95,22882.45,150,22884.95,150,750,16785900
NIFTY-I.NFO,19/02/2025,09:16:30,22882.6,22882.05,75,22882.6,450,4650,16785900
NIFTY-I.NFO,19/02/2025,09:16:31,22885,22882.05,75,22885.05,1050,600,16785900
NIFTY-I.NFO,19/02/2025,09:16:33,22883.1,22883,525,22883.1,75,1575,16785900
NIFTY-I.NFO,19/02/2025,09:16:34,22883.1,22883,150,22885.95,75,675,16785900
NIFTY-I.NFO,19/02/2025,09:16:36,22885.95,22884,1350,22888,900,1575,16785900
NIFTY-I.NFO,19/02/2025,09:16:38,22888.95,22886.1,150,22889.05,525,2100,16785900
NIFTY-I.NFO,19/02/2025,09:16:39,22889.9,22886.1,75,22890,900,525,16785900
NIFTY-I.NFO,19/02/2025,09:16:41,22889.85,22885.95,75,22889.85,825,1650,16785900
NIFTY-I.NFO,19/02/2025,09:16:42,22885.95,22885.8,675,22889.9,900,2025,16785900
NIFTY-I.NFO,19/02/2025,09:16:44,22889.9,22889.35,75,22889.9,675,450,16785900
NIFTY-I.NFO,19/02/2025,09:16:46,22887,22887,450,22889.95,300,1050,16785900
NIFTY-I.NFO,19/02/2025,09:16:47,22889.95,22889.95,375,22891,75,2250,16785900
NIFTY-I.NFO,19/02/2025,09:16:49,22891.9,22889.85,75,22891.9,1125,750,16785900
NIFTY-I.NFO,19/02/2025,09:16:50,22893.45,22889.9,75,22893.95,1200,7800,16785900
NIFTY-I.NFO,19/02/2025,09:16:52,22887.6,22887.35,600,22891,450,300,16785900
NIFTY-I.NFO,19/02/2025,09:16:54,22887.3,22887.3,75,22889.9,300,525,16785900
NIFTY-I.NFO,19/02/2025,09:16:55,22888,22888,675,22889.9,150,225,16785900
NIFTY-I.NFO,19/02/2025,09:16:57,22887.3,22887.65,225,22887.95,75,2400,16785900
NIFTY-I.NFO,19/02/2025,09:16:59,22885.8,22885.6,300,22889.85,75,2925,16785900
NIFTY-I.NFO,19/02/2025,09:17:00,22890,22889.8,375,22892,75,2325,16785900
NIFTY-I.NFO,19/02/2025,09:17:02,22889.9,22888.2,375,22894.2,75,450,16785900
NIFTY-I.NFO,19/02/2025,09:17:04,22895.3,22893,1050,22895.3,225,975,16785900
NIFTY-I.NFO,19/02/2025,09:17:05,22895.85,22894.2,75,22895.25,75,675,16785900
NIFTY-I.NFO,19/02/2025,09:17:07,22895.9,22893,225,22895.5,75,1050,16785900
NIFTY-I.NFO,19/02/2025,09:17:08,22891,22891,150,22894.25,75,750,16785900
NIFTY-I.NFO,19/02/2025,09:17:10,22894.15,22890,375,22893.3,750,750,16785900
NIFTY-I.NFO,19/02/2025,09:17:12,22890,22890,525,22892.5,300,450,16785900
NIFTY-I.NFO,19/02/2025,09:17:13,22890,22890,825,22895,375,1725,16785900
NIFTY-I.NFO,19/02/2025,09:17:15,22893.3,22890.05,75,22893.3,450,900,16785900
NIFTY-I.NFO,19/02/2025,09:17:17,22893.3,22893.3,150,22893.95,300,2250,16785900
NIFTY-I.NFO,19/02/2025,09:17:18,22893.3,22893.3,75,22893.95,225,150,16785900
NIFTY-I.NFO,19/02/2025,09:17:20,22892,22892,825,22894.35,225,1350,16785900
NIFTY-I.NFO,19/02/2025,09:17:21,22894.6,22892.5,300,22894.6,75,375,16785900
NIFTY-I.NFO,19/02/2025,09:17:23,22892.5,22892.5,75,22894.9,75,225,16785900
NIFTY-I.NFO,19/02/2025,09:17:24,22894.05,22893,150,22894.05,150,300,16785900
NIFTY-I.NFO,19/02/2025,09:17:26,22895,22895,75,22895.95,525,1125,16785900
NIFTY-I.NFO,19/02/2025,09:17:28,22892,22892.05,150,22894.95,225,375,16785900
NIFTY-I.NFO,19/02/2025,09:17:29,22896.65,22895,300,22898,225,600,16785900
NIFTY-I.NFO,19/02/2025,09:17:31,22895.5,22895.4,525,22898,75,375,16785900
NIFTY-I.NFO,19/02/2025,09:17:33,22897.6,22897.6,75,22898,75,150,16785900
NIFTY-I.NFO,19/02/2025,09:17:34,22900.1,22900.05,75,22902,750,975,16785900
NIFTY-I.NFO,19/02/2025,09:17:36,22901.55,22900,1050,22901.55,75,2250,16785900
NIFTY-I.NFO,19/02/2025,09:17:38,22901.45,22900,2550,22901.45,525,375,16785900
NIFTY-I.NFO,19/02/2025,09:17:39,22900,22900,4425,22902.8,750,300,16785900
NIFTY-I.NFO,19/02/2025,09:17:41,22902.75,22900,4575,22902.8,750,825,16785900
NIFTY-I.NFO,19/02/2025,09:17:42,22905,22902.8,75,22904.85,375,450,16785900
NIFTY-I.NFO,19/02/2025,09:17:44,22904.85,22902,225,22905,75,300,16785900
NIFTY-I.NFO,19/02/2025,09:17:46,22906.4,22904,150,22906.4,600,450,16785900
NIFTY-I.NFO,19/02/2025,09:17:47,22911.85,22904.9,300,22911.25,600,1200,16785900
NIFTY-I.NFO,19/02/2025,09:17:49,22905.1,22905.15,450,22911.6,525,1125,16785900
NIFTY-I.NFO,19/02/2025,09:17:51,22909.55,22905,300,22909.15,375,825,16785900
NIFTY-I.NFO,19/02/2025,09:17:52,22908.3,22905.1,75,22908.2,150,525,16785900
NIFTY-I.NFO,19/02/2025,09:17:54,22905.1,22905,225,22907.4,375,600,16785900
NIFTY-I.NFO,19/02/2025,09:17:56,22905,22905,75,22908.4,375,750,16785900
NIFTY-I.NFO,19/02/2025,09:17:57,22908.45,22908.3,75,22909.35,1050,525,16785900
NIFTY-I.NFO,19/02/2025,09:17:59,22907.65,22907.65,375,22908,150,1275,16785900
NIFTY-I.NFO,19/02/2025,09:18:01,22908.45,22907.7,675,22908.45,75,300,16785900
NIFTY-I.NFO,19/02/2025,09:18:02,22912.5,22908.05,75,22912.5,750,2100,16785900
NIFTY-I.NFO,19/02/2025,09:18:04,22913.15,22908.15,900,22913.15,225,525,16785900
NIFTY-I.NFO,19/02/2025,09:18:06,22910,22910,150,22911.55,750,1425,16785900
NIFTY-I.NFO,19/02/2025,09:18:07,22910.6,22910,525,22910.55,375,1200,16785900
NIFTY-I.NFO,19/02/2025,09:18:09,22909.3,22908.45,150,22909.05,75,1950,16785900
NIFTY-I.NFO,19/02/2025,09:18:10,22907.1,22905,1350,22907.1,1200,1050,16785900
NIFTY-I.NFO,19/02/2025,09:18:12,22906.2,22901,675,22904,75,1800,16785900
NIFTY-I.NFO,19/02/2025,09:18:14,22903.05,22901.05,75,22903.1,375,900,16785900
NIFTY-I.NFO,19/02/2025,09:18:15,22903.25,22901.05,75,22903.3,375,150,16785900
NIFTY-I.NFO,19/02/2025,09:18:17,22901.05,22901,600,22903.3,75,75,16785900
NIFTY-I.NFO,19/02/2025,09:18:19,22901,22901,525,22902.65,75,75,16785900
NIFTY-I.NFO,19/02/2025,09:18:20,22903.3,22903.3,75,22905.85,375,975,16785900
NIFTY-I.NFO,19/02/2025,09:18:22,22905.75,22905,75,22908,75,150,16785900
NIFTY-I.NFO,19/02/2025,09:18:24,22908,22905.45,375,22909,75,75,16785900
NIFTY-I.NFO,19/02/2025,09:18:25,22909,22907.95,75,22909.65,1125,225,16785900
NIFTY-I.NFO,19/02/2025,09:18:27,22909,22905.75,75,22909,825,150,16785900
NIFTY-I.NFO,19/02/2025,09:18:28,22905.75,22905,150,22909,600,1575,16785900
NIFTY-I.NFO,19/02/2025,09:18:30,22909,22908,150,22908.95,300,375,16785900
NIFTY-I.NFO,19/02/2025,09:18:32,22905,22905,75,22908.55,300,1200,16811400
NIFTY-I.NFO,19/02/2025,09:18:33,22908.2,22905,375,22908,375,150,16811400
NIFTY-I.NFO,19/02/2025,09:18:35,22905.05,22905,825,22906.85,75,300,16811400
NIFTY-I.NFO,19/02/2025,09:18:37,22906.35,22905,825,22906.2,375,825,16811400
NIFTY-I.NFO,19/02/2025,09:18:38,22906.2,22905,825,22905.9,600,375,16811400
NIFTY-I.NFO,19/02/2025,09:18:40,22905.2,22905,900,22905.15,525,225,16811400
NIFTY-I.NFO,19/02/2025,09:18:41,22905,22904,450,22905,150,1275,16811400
NIFTY-I.NFO,19/02/2025,09:18:43,22905,22904,450,22905.65,750,1800,16811400
NIFTY-I.NFO,19/02/2025,09:18:45,22905,22904,375,22906,75,450,16811400
NIFTY-I.NFO,19/02/2025,09:18:46,22906,22904,300,22907.95,750,225,16811400
NIFTY-I.NFO,19/02/2025,09:18:48,22908,22906.2,75,22908,675,300,16811400
NIFTY-I.NFO,19/02/2025,09:18:50,22908,22906.2,75,22908,300,375,16811400
NIFTY-I.NFO,19/02/2025,09:18:51,22908,22906.2,75,22908,225,150,16811400
NIFTY-I.NFO,19/02/2025,09:18:53,22903.05,22903.05,75,22907.6,750,1425,16811400
NIFTY-I.NFO,19/02/2025,09:18:54,22907.15,22906,75,22907.85,75,1125,16811400
NIFTY-I.NFO,19/02/2025,09:18:56,22908,22905,75,22908,150,525,16811400
NIFTY-I.NFO,19/02/2025,09:18:58,22908,22904.05,75,22909.85,150,300,16811400
NIFTY-I.NFO,19/02/2025,09:18:59,22908,22907.15,75,22909.85,150,0,16811400
NIFTY-I.NFO,19/02/2025,09:19:01,22909.6,22905.1,75,22909.6,300,300,16811400
NIFTY-I.NFO,19/02/2025,09:19:03,22905,22904.35,375,22908.95,75,2175,16811400
NIFTY-I.NFO,19/02/2025,09:19:04,22908,22906.9,75,22909,75,150,16811400
NIFTY-I.NFO,19/02/2025,09:19:06,22909.5,22906.9,75,22909.85,825,450,16811400
NIFTY-I.NFO,19/02/2025,09:19:07,22910,22908,75,22910,375,975,16811400
NIFTY-I.NFO,19/02/2025,09:19:09,22910,22910,450,22911.5,75,600,16811400
NIFTY-I.NFO,19/02/2025,09:19:10,22911.7,22910,375,22911.85,150,750,16811400
NIFTY-I.NFO,19/02/2025,09:19:12,22909.85,22909.5,375,22909.55,75,450,16811400
NIFTY-I.NFO,19/02/2025,09:19:14,22908.6,22907,75,22908.25,150,1725,16811400
NIFTY-I.NFO,19/02/2025,09:19:15,22908.05,22905.05,225,22906.15,150,225,16811400
NIFTY-I.NFO,19/02/2025,09:19:17,22904,22904,450,22904.25,600,975,16811400
NIFTY-I.NFO,19/02/2025,09:19:19,22904,22904,225,22905.05,75,225,16811400
NIFTY-I.NFO,19/02/2025,09:19:20,22905.3,22904,225,22904.75,75,150,16811400
NIFTY-I.NFO,19/02/2025,09:19:22,22905.35,22903.55,75,22904.95,150,1050,16811400
NIFTY-I.NFO,19/02/2025,09:19:23,22903.05,22903.05,375,22904.1,825,225,16811400
NIFTY-I.NFO,19/02/2025,09:19:25,22903,22902,150,22902.7,225,600,16811400
NIFTY-I.NFO,19/02/2025,09:19:27,22901,22901,2025,22901.6,375,675,16811400
NIFTY-I.NFO,19/02/2025,09:19:28,22901.5,22901,825,22902.65,300,1275,16811400
NIFTY-I.NFO,19/02/2025,09:19:30,22904,22901,900,22904,750,225,16811400
NIFTY-I.NFO,19/02/2025,09:19:31,22903.55,22901,900,22902.35,375,75,16811400
NIFTY-I.NFO,19/02/2025,09:19:33,22900,22900,1275,22900.2,75,1725,16811400
NIFTY-I.NFO,19/02/2025,09:19:35,22902.9,22900,1425,22902.65,225,450,16811400
NIFTY-I.NFO,19/02/2025,09:19:36,22900,22898.3,300,22904,675,2475,16811400
NIFTY-I.NFO,19/02/2025,09:19:38,22900,22902.65,75,22904,450,0,16811400
NIFTY-I.NFO,19/02/2025,09:19:40,22902.65,22903.3,300,22907.65,75,750,16811400
NIFTY-I.NFO,19/02/2025,09:19:41,22904.9,22903.55,75,22905.1,225,75,16811400
NIFTY-I.NFO,19/02/2025,09:19:43,22902.8,22900,150,22903.15,225,375,16811400
NIFTY-I.NFO,19/02/2025,09:19:45,22900,22900,75,22902.15,75,225,16811400
NIFTY-I.NFO,19/02/2025,09:19:46,22901.95,22900,75,22901.35,225,75,16811400
NIFTY-I.NFO,19/02/2025,09:19:48,22901.85,22900.35,900,22903.1,75,225,16811400
NIFTY-I.NFO,19/02/2025,09:19:50,22901,22900,225,22902.5,225,75,16811400
NIFTY-I.NFO,19/02/2025,09:19:51,22901.85,22900.15,900,22905,150,525,16811400
NIFTY-I.NFO,19/02/2025,09:19:53,22903,22905,75,22905.55,300,225,16811400
NIFTY-I.NFO,19/02/2025,09:19:55,22905.25,22901.7,225,22904.85,300,300,16811400
NIFTY-I.NFO,19/02/2025,09:19:56,22904.3,22901.95,75,22903.65,300,450,16811400
NIFTY-I.NFO,19/02/2025,09:19:58,22904.3,22901.95,75,22903.55,75,0,16811400
NIFTY-I.NFO,19/02/2025,09:20:00,22900,22900,450,22903.1,375,600,16811400
NIFTY-I.NFO,19/02/2025,09:20:01,22900,22900,675,22901.1,150,0,16811400
NIFTY-I.NFO,19/02/2025,09:20:03,22900,22900,750,22902.7,75,450,16811400
NIFTY-I.NFO,19/02/2025,09:20:05,22900.3,22900,675,22900.5,300,525,16811400
NIFTY-I.NFO,19/02/2025,09:20:06,22899.1,22898.05,375,22899.2,75,1050,16811400
NIFTY-I.NFO,19/02/2025,09:20:08,22898,22896,75,22898,75,600,16811400
NIFTY-I.NFO,19/02/2025,09:20:10,22900,22899.25,75,22902.35,75,525,16811400
NIFTY-I.NFO,19/02/2025,09:20:12,22899.25,22896.75,300,22902.25,150,150,16811400
NIFTY-I.NFO,19/02/2025,09:20:13,22899.25,22899.1,75,22900,225,0,16811400
NIFTY-I.NFO,19/02/2025,09:20:15,22901.35,22898,300,22900.8,375,5175,16811400
NIFTY-I.NFO,19/02/2025,09:20:17,22895.5,22896,75,22897.9,75,600,16811400
NIFTY-I.NFO,19/02/2025,09:20:18,22897.8,22896,75,22897.75,75,900,16811400
NIFTY-I.NFO,19/02/2025,09:20:20,22901.7,22897,75,22901.85,300,675,16811400
NIFTY-I.NFO,19/02/2025,09:20:22,22900,22897,75,22899.1,75,150,16811400
NIFTY-I.NFO,19/02/2025,09:20:23,22895,22895,150,22898.15,75,225,16811400
NIFTY-I.NFO,19/02/2025,09:20:25,22897.8,22895.05,75,22897.9,225,225,16811400
NIFTY-I.NFO,19/02/2025,09:20:27,22897.8,22895.05,75,22897.85,75,0,16811400
NIFTY-I.NFO,19/02/2025,09:20:28,22897.85,22895.05,225,22897.85,150,75,16811400
NIFTY-I.NFO,19/02/2025,09:20:30,22894,22893.3,150,22895.75,225,600,16811400
NIFTY-I.NFO,19/02/2025,09:20:32,22893.1,22892,75,22892.55,150,225,16811400
NIFTY-I.NFO,19/02/2025,09:20:33,22892.55,22892,75,22893.3,75,900,16811400
NIFTY-I.NFO,19/02/2025,09:20:35,22892,22891.35,75,22892.55,75,150,16811400
NIFTY-I.NFO,19/02/2025,09:20:36,22891,22891,1125,22891.8,75,225,16811400
NIFTY-I.NFO,19/02/2025,09:20:38,22891,22891,525,22891.6,150,600,16811400
NIFTY-I.NFO,19/02/2025,09:20:40,22891,22891,225,22891.6,225,525,16811400
NIFTY-I.NFO,19/02/2025,09:20:41,22891,22891,150,22891.45,75,150,16811400
NIFTY-I.NFO,19/02/2025,09:20:43,22890,22890,2100,22890.1,150,2775,16811400
NIFTY-I.NFO,19/02/2025,09:20:45,22888,22888,675,22888.45,225,3000,16811400
NIFTY-I.NFO,19/02/2025,09:20:46,22888,22888,525,22888.45,75,225,16811400
NIFTY-I.NFO,19/02/2025,09:20:48,22888.45,22888.6,675,22888.75,75,1125,16811400
NIFTY-I.NFO,19/02/2025,09:20:50,22887.5,22885,225,22888,225,975,16811400
NIFTY-I.NFO,19/02/2025,09:20:51,22887.85,22883,75,22887.5,300,2250,16811400
NIFTY-I.NFO,19/02/2025,09:20:53,22883,22882.35,975,22887.2,75,825,16811400
NIFTY-I.NFO,19/02/2025,09:20:54,22883,22885,75,22887.2,975,0,16811400
NIFTY-I.NFO,19/02/2025,09:20:56,22887,22881.35,150,22886.55,225,2400,16811400
NIFTY-I.NFO,19/02/2025,09:20:58,22885.5,22884.85,300,22886.15,150,750,16811400
NIFTY-I.NFO,19/02/2025,09:20:59,22886.15,22885.85,525,22888.45,150,1050,16811400
NIFTY-I.NFO,19/02/2025,09:21:01,22883.2,22883.05,225,22888.3,75,2175,16811400
NIFTY-I.NFO,19/02/2025,09:21:03,22883.55,22886.15,75,22888.3,375,225,16811400
NIFTY-I.NFO,19/02/2025,09:21:04,22888.25,22886.15,300,22888.25,75,300,16811400
NIFTY-I.NFO,19/02/2025,09:21:06,22888,22886.15,450,22888,450,525,16811400
NIFTY-I.NFO,19/02/2025,09:21:08,22888,22886.15,450,22887.7,150,0,16811400
NIFTY-I.NFO,19/02/2025,09:21:09,22887.7,22886.15,75,22887.95,150,525,16811400
NIFTY-I.NFO,19/02/2025,09:21:11,22888,22885,975,22888,150,300,16811400
NIFTY-I.NFO,19/02/2025,09:21:13,22885,22885,375,22888,150,675,16811400
NIFTY-I.NFO,19/02/2025,09:21:14,22888,22888,225,22888.65,75,225,16811400
NIFTY-I.NFO,19/02/2025,09:21:16,22888.65,22888.65,600,22890,150,150,16811400
NIFTY-I.NFO,19/02/2025,09:21:17,22890.15,22890.15,225,22890.3,75,525,16811400
NIFTY-I.NFO,19/02/2025,09:21:19,22890.15,22890.15,150,22891.15,75,375,16811400
NIFTY-I.NFO,19/02/2025,09:21:21,22890.15,22890.3,75,22891.15,150,75,16811400
NIFTY-I.NFO,19/02/2025,09:21:22,22891.15,22891.15,75,22892,75,300,16811400
NIFTY-I.NFO,19/02/2025,09:21:24,22891.15,22891.15,75,22892,75,0,16811400
NIFTY-I.NFO,19/02/2025,09:21:25,22892.75,22892,225,22892.85,300,375,16811400
NIFTY-I.NFO,19/02/2025,09:21:27,22892.75,22892,975,22895,225,0,16811400
NIFTY-I.NFO,19/02/2025,09:21:29,22892.25,22892.25,300,22895,150,150,16811400
NIFTY-I.NFO,19/02/2025,09:21:30,22895,22895,675,22896.85,75,375,16811400
NIFTY-I.NFO,19/02/2025,09:21:32,22895.85,22895.2,450,22896,450,150,16816575
NIFTY-I.NFO,19/02/2025,09:21:34,22896,22895.2,300,22896.85,75,675,16816575
NIFTY-I.NFO,19/02/2025,09:21:35,22896.85,22895.95,150,22898.7,1800,75,16816575
NIFTY-I.NFO,19/02/2025,09:21:37,22900,22896,300,22900,150,2700,16816575
NIFTY-I.NFO,19/02/2025,09:21:38,22902.8,22897.1,300,22902.85,75,675,16816575
NIFTY-I.NFO,19/02/2025,09:21:40,22902.85,22897.55,225,22903.4,75,825,16816575
NIFTY-I.NFO,19/02/2025,09:21:42,22901,22901,225,22904.25,75,675,16816575
NIFTY-I.NFO,19/02/2025,09:21:43,22902.8,22901,225,22904.95,300,450,16816575
NIFTY-I.NFO,19/02/2025,09:21:45,22902.85,22901,375,22903.65,225,150,16816575
NIFTY-I.NFO,19/02/2025,09:21:47,22903,22901,375,22902.7,600,825,16816575
NIFTY-I.NFO,19/02/2025,09:21:48,22908,22901.85,525,22908,75,750,16816575
NIFTY-I.NFO,19/02/2025,09:21:50,22904.15,22904.1,75,22908.85,300,10575,16816575
NIFTY-I.NFO,19/02/2025,09:21:52,22908,22904.15,75,22907.45,150,450,16816575
NIFTY-I.NFO,19/02/2025,09:21:53,22904.1,22904.1,75,22904.75,75,375,16816575
NIFTY-I.NFO,19/02/2025,09:21:55,22905.7,22904.15,75,22905.8,300,975,16816575
NIFTY-I.NFO,19/02/2025,09:21:57,22906.45,22905,150,22906.55,75,150,16816575
NIFTY-I.NFO,19/02/2025,09:21:58,22907.6,22905,300,22908,675,450,16816575
NIFTY-I.NFO,19/02/2025,09:22:00,22908,22907.35,75,22908,525,225,16816575
NIFTY-I.NFO,19/02/2025,09:22:01,22901.85,22901.6,450,22908,525,4425,16816575
NIFTY-I.NFO,19/02/2025,09:22:03,22902.55,22902.1,150,22908.3,75,1575,16816575
NIFTY-I.NFO,19/02/2025,09:22:05,22907.45,22904.65,300,22910,225,600,16816575
NIFTY-I.NFO,19/02/2025,09:22:06,22910.3,22903.3,225,22909.7,75,1800,16816575
NIFTY-I.NFO,19/02/2025,09:22:08,22910,22902.9,75,22910.1,375,1350,16816575
NIFTY-I.NFO,19/02/2025,09:22:10,22907.25,22900.3,225,22906.5,75,4275,16816575
NIFTY-I.NFO,19/02/2025,09:22:11,22909.6,22902.45,375,22909.2,75,900,16816575
NIFTY-I.NFO,19/02/2025,09:22:13,22907.45,22901.9,300,22908.05,225,6525,16816575
NIFTY-I.NFO,19/02/2025,09:22:14,22907.45,22902.9,300,22908.45,75,600,16816575
NIFTY-I.NFO,19/02/2025,09:22:16,22902,22901.5,300,22907.9,225,675,16816575
NIFTY-I.NFO,19/02/2025,09:22:18,22907.45,22901.05,300,22907.95,75,750,16816575
NIFTY-I.NFO,19/02/2025,09:22:20,22906.85,22900.05,375,22906.85,75,1725,16816575
NIFTY-I.NFO,19/02/2025,09:22:21,22899.4,22899.4,225,22906.35,375,2925,16816575
NIFTY-I.NFO,19/02/2025,09:22:23,22906.2,22900,75,22905.85,75,600,16816575
NIFTY-I.NFO,19/02/2025,09:22:24,22901,22900,450,22906.7,300,450,16816575
NIFTY-I.NFO,19/02/2025,09:22:26,22906.7,22900,525,22906.95,375,4800,16816575
NIFTY-I.NFO,19/02/2025,09:22:28,22904.4,22898.2,525,22904.85,75,3375,16816575
NIFTY-I.NFO,19/02/2025,09:22:29,22905.65,22899,525,22905.8,75,75,16816575
NIFTY-I.NFO,19/02/2025,09:22:31,22907.7,22905,375,22907.45,75,2025,16816575
NIFTY-I.NFO,19/02/2025,09:22:33,22907.45,22905.8,75,22908.05,150,150,16816575
NIFTY-I.NFO,19/02/2025,09:22:34,22905,22906.35,150,22909.45,75,2250,16816575
NIFTY-I.NFO,19/02/2025,09:22:36,22906.35,22906.8,150,22910,300,450,16816575
NIFTY-I.NFO,19/02/2025,09:22:38,22906.8,22904.9,300,22910.85,75,2025,16816575
NIFTY-I.NFO,19/02/2025,09:22:39,22912.65,22909.45,75,22912.55,75,525,16816575
NIFTY-I.NFO,19/02/2025,09:22:41,22909.5,22909.5,75,22912.9,75,75,16816575
NIFTY-I.NFO,19/02/2025,09:22:43,22912.9,22910.5,150,22914,75,150,16816575
NIFTY-I.NFO,19/02/2025,09:22:44,22914.45,22909.5,150,22914.9,225,975,16816575
NIFTY-I.NFO,19/02/2025,09:22:46,22912.3,22911.9,75,22912.9,75,450,16816575
NIFTY-I.NFO,19/02/2025,09:22:48,22913,22907.8,150,22913.15,75,1575,16816575
NIFTY-I.NFO,19/02/2025,09:22:49,22912.3,22909,75,22912,75,225,16816575
NIFTY-I.NFO,19/02/2025,09:22:51,22914,22912.65,75,22914.9,75,375,16816575
NIFTY-I.NFO,19/02/2025,09:22:53,22915.15,22914,150,22915.75,75,450,16816575
NIFTY-I.NFO,19/02/2025,09:22:54,22915.15,22914,150,22915.85,75,0,16816575
NIFTY-I.NFO,19/02/2025,09:22:56,22917.1,22914,75,22917.1,150,825,16816575
NIFTY-I.NFO,19/02/2025,09:22:58,22917.4,22915.15,75,22917.4,150,225,16816575
NIFTY-I.NFO,19/02/2025,09:22:59,22915.15,22914,75,22915.35,150,150,16816575
NIFTY-I.NFO,19/02/2025,09:23:01,22915.35,22915,375,22917.8,75,375,16816575
NIFTY-I.NFO,19/02/2025,09:23:03,22915.35,22915.15,75,22917.3,300,0,16816575
NIFTY-I.NFO,19/02/2025,09:23:04,22917.4,22917.4,1500,22917.45,75,1575,16816575
NIFTY-I.NFO,19/02/2025,09:23:06,22916.4,22915.35,150,22915.85,225,3525,16816575
NIFTY-I.NFO,19/02/2025,09:23:08,22913.85,22910,75,22913.5,675,2700,16816575
NIFTY-I.NFO,19/02/2025,09:23:09,22913.05,22907.05,150,22913.05,225,1500,16816575
NIFTY-I.NFO,19/02/2025,09:23:11,22915.6,22910.55,300,22916.4,75,25275,16816575
NIFTY-I.NFO,19/02/2025,09:23:13,22910,22912,75,22915,75,300,16816575
NIFTY-I.NFO,19/02/2025,09:23:14,22908.55,22910,75,22913.05,75,600,16816575
NIFTY-I.NFO,19/02/2025,09:23:16,22910.4,22907,75,22911,300,225,16816575
NIFTY-I.NFO,19/02/2025,09:23:18,22911.5,22907.65,975,22913.05,75,1500,16816575
NIFTY-I.NFO,19/02/2025,09:23:19,22911.5,22910.4,150,22911.8,75,0,16816575
NIFTY-I.NFO,19/02/2025,09:23:21,22912.9,22911.5,75,22911.65,225,225,16816575
NIFTY-I.NFO,19/02/2025,09:23:23,22910,22907,75,22908.8,150,750,16816575
NIFTY-I.NFO,19/02/2025,09:23:24,22908.65,22906,75,22908.6,75,825,16816575
NIFTY-I.NFO,19/02/2025,09:23:26,22907.25,22904,75,22906.6,300,300,16816575
NIFTY-I.NFO,19/02/2025,09:23:28,22904,22902.3,675,22907.85,75,75,16816575
NIFTY-I.NFO,19/02/2025,09:23:29,22908.8,22902.6,975,22908.8,300,300,16816575
NIFTY-I.NFO,19/02/2025,09:23:31,22904.65,22902,75,22904.65,75,375,16816575
NIFTY-I.NFO,19/02/2025,09:23:33,22900,22898.55,525,22904.45,225,900,16816575
NIFTY-I.NFO,19/02/2025,09:23:34,22904.3,22900.45,825,22906.35,225,75,16816575
NIFTY-I.NFO,19/02/2025,09:23:36,22900,22899.25,75,22904.6,225,150,16816575
NIFTY-I.NFO,19/02/2025,09:23:38,22901,22898.5,150,22903.3,225,75,16816575
NIFTY-I.NFO,19/02/2025,09:23:39,22898.5,22900,75,22904,225,75,16816575
NIFTY-I.NFO,19/02/2025,09:23:41,22898.6,22900.15,900,22905,75,300,16816575
NIFTY-I.NFO,19/02/2025,09:23:43,22898.6,22900.8,450,22905,75,0,16816575
NIFTY-I.NFO,19/02/2025,09:23:44,22898.6,22900,75,22905,75,0,16816575
NIFTY-I.NFO,19/02/2025,09:23:46,22904.35,22900,75,22903.95,225,75,16816575
NIFTY-I.NFO,19/02/2025,09:23:48,22904.35,22900,75,22902.7,300,0,16816575
NIFTY-I.NFO,19/02/2025,09:23:49,22898.5,22900,375,22901.85,75,225,16816575
NIFTY-I.NFO,19/02/2025,09:23:51,22901.85,22900.35,75,22901.8,225,300,16816575
NIFTY-I.NFO,19/02/2025,09:23:53,22900.35,22898.35,75,22900.5,225,750,16816575
NIFTY-I.NFO,19/02/2025,09:23:54,22897,22898.45,75,22899.55,150,225,16816575
NIFTY-I.NFO,19/02/2025,09:23:56,22898.5,22896.85,75,22899.25,375,300,16816575
NIFTY-I.NFO,19/02/2025,09:23:58,22894.4,22891.7,975,22897,225,300,16816575
NIFTY-I.NFO,19/02/2025,09:23:59,22891.45,22891.85,150,22897.35,300,225,16816575
NIFTY-I.NFO,19/02/2025,09:24:01,22891.9,22891.85,825,22897,225,150,16816575
NIFTY-I.NFO,19/02/2025,09:24:03,22892.3,22891.4,300,22897.6,225,75,16816575
NIFTY-I.NFO,19/02/2025,09:24:04,22893,22892,75,22894.4,600,450,16816575
NIFTY-I.NFO,19/02/2025,09:24:06,22894.4,22892,75,22894.4,525,75,16816575
NIFTY-I.NFO,19/02/2025,09:24:08,22892,22891.35,75,22894.4,525,150,16816575
NIFTY-I.NFO,19/02/2025,09:24:09,22894.4,22892.4,975,22897.9,150,600,16816575
NIFTY-I.NFO,19/02/2025,09:24:11,22892.4,22894.4,75,22898.05,75,225,16816575
NIFTY-I.NFO,19/02/2025,09:24:13,22898.1,22897.3,225,22900.35,900,75,16816575
NIFTY-I.NFO,19/02/2025,09:24:14,22900.35,22895.2,600,22900.35,825,150,16816575
NIFTY-I.NFO,19/02/2025,09:24:16,22899.4,22895,75,22899.35,300,525,16816575
NIFTY-I.NFO,19/02/2025,09:24:18,22895,22898.1,75,22898.95,75,75,16816575
NIFTY-I.NFO,19/02/2025,09:24:19,22899,22898.1,75,22899.55,75,75,16816575
NIFTY-I.NFO,19/02/2025,09:24:21,22899,22898.1,75,22899.55,75,0,16816575
NIFTY-I.NFO,19/02/2025,09:24:23,22899,22898.1,75,22898.75,75,0,16816575
NIFTY-I.NFO,19/02/2025,09:24:24,22897.35,22897.35,75,22897.8,300,225,16816575
NIFTY-I.NFO,19/02/2025,09:24:26,22898.8,22897.35,75,22899.3,150,1650,16816575
NIFTY-I.NFO,19/02/2025,09:24:28,22897.35,22895,150,22899.7,150,75,16816575
NIFTY-I.NFO,19/02/2025,09:24:29,22896.9,22895,75,22896.4,150,225,16816575
NIFTY-I.NFO,19/02/2025,09:24:31,22895,22892,150,22895,300,825,16865700
NIFTY-I.NFO,19/02/2025,09:24:33,22890,22890,1350,22892.15,150,750,16865700
NIFTY-I.NFO,19/02/2025,09:24:34,22890,22890.05,75,22892.05,75,75,16865700
NIFTY-I.NFO,19/02/2025,09:24:36,22891.5,22890.05,75,22893.5,75,75,16865700
NIFTY-I.NFO,19/02/2025,09:24:38,22895,22890.9,450,22896.1,75,900,16865700
NIFTY-I.NFO,19/02/2025,09:24:39,22898,22895.4,375,22898.55,75,225,16865700
NIFTY-I.NFO,19/02/2025,09:24:41,22895.4,22895.4,225,22898.65,150,150,16865700
NIFTY-I.NFO,19/02/2025,09:24:43,22890,22890.35,75,22893.5,75,525,16865700
NIFTY-I.NFO,19/02/2025,09:24:44,22891.5,22890,675,22891.35,150,75,16865700
NIFTY-I.NFO,19/02/2025,09:24:46,22890,22889,75,22889.9,225,750,16865700
NIFTY-I.NFO,19/02/2025,09:24:48,22889.9,22888.35,375,22891.65,150,300,16865700
NIFTY-I.NFO,19/02/2025,09:24:49,22888.35,22890,75,22894,300,75,16865700
NIFTY-I.NFO,19/02/2025,09:24:51,22889.9,22889.9,150,22892.25,150,225,16865700
NIFTY-I.NFO,19/02/2025,09:24:53,22888.35,22888.35,75,22890.4,150,375,16865700
NIFTY-I.NFO,19/02/2025,09:24:54,22888,22891.65,75,22893.4,150,300,16865700
NIFTY-I.NFO,19/02/2025,09:24:56,22889.9,22889.9,150,22892.4,150,225,16865700
NIFTY-I.NFO,19/02/2025,09:24:58,22889.9,22893.4,450,22893.8,75,0,16865700
NIFTY-I.NFO,19/02/2025,09:24:59,22893.45,22893.4,450,22895,300,225,16865700
NIFTY-I.NFO,19/02/2025,09:25:01,22893.45,22893.4,150,22894.65,225,0,16865700
NIFTY-I.NFO,19/02/2025,09:25:03,22890.4,22890.4,300,22891.3,150,525,16865700
NIFTY-I.NFO,19/02/2025,09:25:04,22890.4,22890.4,225,22893.25,150,75,16865700
NIFTY-I.NFO,19/02/2025,09:25:06,22891,22893.25,150,22894.45,150,900,16865700
NIFTY-I.NFO,19/02/2025,09:25:08,22888,22888,225,22891.8,225,300,16865700
NIFTY-I.NFO,19/02/2025,09:25:09,22891.8,22888,225,22891.4,225,525,16865700
NIFTY-I.NFO,19/02/2025,09:25:11,22891.8,22888,300,22890.3,150,0,16865700
NIFTY-I.NFO,19/02/2025,09:25:13,22888,22888,225,22889.15,150,75,16865700
NIFTY-I.NFO,19/02/2025,09:25:14,22890.2,22888,225,22889.7,75,375,16865700
NIFTY-I.NFO,19/02/2025,09:25:16,22885.5,22885.5,300,22887.9,150,450,16865700
NIFTY-I.NFO,19/02/2025,09:25:17,22888,22885.5,300,22888,750,975,16865700
NIFTY-I.NFO,19/02/2025,09:25:19,22885,22885.15,900,22888,675,525,16865700
NIFTY-I.NFO,19/02/2025,09:25:21,22888.85,22883,450,22888.55,150,5550,16865700
NIFTY-I.NFO,19/02/2025,09:25:22,22883.3,22885,75,22885.5,75,450,16865700
NIFTY-I.NFO,19/02/2025,09:25:24,22885.9,22886.1,450,22888,1575,525,16865700
NIFTY-I.NFO,19/02/2025,09:25:26,22885.9,22885.55,225,22888,1575,0,16865700
NIFTY-I.NFO,19/02/2025,09:25:27,22885.1,22885.5,75,22888,1575,225,16865700
NIFTY-I.NFO,19/02/2025,09:25:29,22885,22883.05,75,22885,825,750,16865700
NIFTY-I.NFO,19/02/2025,09:25:31,22885,22883,750,22885,75,1125,16865700
NIFTY-I.NFO,19/02/2025,09:25:32,22885,22883,75,22887.45,150,150,16865700
NIFTY-I.NFO,19/02/2025,09:25:34,22883,22882.9,675,22887.95,150,75,16865700
NIFTY-I.NFO,19/02/2025,09:25:36,22885,22884.5,1125,22888,1575,2475,16865700
NIFTY-I.NFO,19/02/2025,09:25:37,22888,22886.6,975,22889,75,1650,16865700
NIFTY-I.NFO,19/02/2025,09:25:39,22890.15,22889.8,375,22893,450,1875,16865700
NIFTY-I.NFO,19/02/2025,09:25:40,22899.15,22893.85,300,22899.05,300,2025,16865700
NIFTY-I.NFO,19/02/2025,09:25:42,22896.2,22896.2,225,22900,300,150,16865700
NIFTY-I.NFO,19/02/2025,09:25:44,22896.85,22895.5,375,22900,225,150,16865700
NIFTY-I.NFO,19/02/2025,09:25:45,22899.3,22891.1,600,22896.7,150,450,16865700
NIFTY-I.NFO,19/02/2025,09:25:47,22899.3,22892.2,600,22898.45,150,0,16865700
NIFTY-I.NFO,19/02/2025,09:25:49,22896.75,22890.4,375,22896.55,375,450,16865700
NIFTY-I.NFO,19/02/2025,09:25:50,22890.15,22890.15,75,22894.9,525,75,16865700
NIFTY-I.NFO,19/02/2025,09:25:52,22895.4,22890.85,300,22896.8,375,75,16865700
NIFTY-I.NFO,19/02/2025,09:25:54,22895.4,22893.3,1050,22895,75,0,16865700
NIFTY-I.NFO,19/02/2025,09:25:55,22899.15,22893.5,675,22898.75,375,300,16865700
NIFTY-I.NFO,19/02/2025,09:25:57,22899.15,22890.95,75,22895.45,75,0,16865700
NIFTY-I.NFO,19/02/2025,09:25:58,22890.15,22890,225,22894.7,300,225,16865700
NIFTY-I.NFO,19/02/2025,09:26:00,22890,22890,150,22894.4,300,225,16865700
NIFTY-I.NFO,19/02/2025,09:26:02,22890,22890,150,22891.95,375,0,16865700
NIFTY-I.NFO,19/02/2025,09:26:03,22890,22890.05,300,22891.95,75,0,16865700
NIFTY-I.NFO,19/02/2025,09:26:05,22894.65,22892,75,22895.55,300,150,16865700
NIFTY-I.NFO,19/02/2025,09:26:07,22894.6,22892,75,22894.65,75,300,16865700
NIFTY-I.NFO,19/02/2025,09:26:08,22894.6,22892,75,22894.65,75,450,16865700
NIFTY-I.NFO,19/02/2025,09:26:10,22895.15,22894.6,75,22895.2,75,600,16865700
NIFTY-I.NFO,19/02/2025,09:26:11,22897.95,22894.6,75,22897.9,300,150,16865700
NIFTY-I.NFO,19/02/2025,09:26:13,22897.95,22894.6,75,22897.5,225,0,16865700
NIFTY-I.NFO,19/02/2025,09:26:15,22894.6,22890,300,22894.6,300,150,16865700
NIFTY-I.NFO,19/02/2025,09:26:16,22894.6,22890.7,75,22896.6,300,0,16865700
NIFTY-I.NFO,19/02/2025,09:26:18,22896.65,22893,150,22895.1,150,375,16865700
NIFTY-I.NFO,19/02/2025,09:26:19,22894.4,22893,150,22894.4,225,75,16865700
NIFTY-I.NFO,19/02/2025,09:26:21,22894.9,22893,150,22894.5,150,375,16865700
NIFTY-I.NFO,19/02/2025,09:26:23,22894.75,22893,150,22894.8,75,225,16865700
NIFTY-I.NFO,19/02/2025,09:26:24,22894.75,22893,150,22894.8,75,0,16865700
NIFTY-I.NFO,19/02/2025,09:26:26,22892,22891,75,22892.45,225,525,16865700
NIFTY-I.NFO,19/02/2025,09:26:28,22890,22890,375,22891,225,225,16865700
NIFTY-I.NFO,19/02/2025,09:26:29,22890,22890,300,22894.2,300,225,16865700
NIFTY-I.NFO,19/02/2025,09:26:31,22892,22890,375,22894.3,225,75,16865700
NIFTY-I.NFO,19/02/2025,09:26:33,22894.2,22890,450,22893.6,75,150,16865700
NIFTY-I.NFO,19/02/2025,09:26:34,22893.6,22890,450,22893.6,150,225,16865700
NIFTY-I.NFO,19/02/2025,09:26:36,22893.55,22890,450,22893.55,75,150,16865700
NIFTY-I.NFO,19/02/2025,09:26:37,22893.55,22890,450,22892.55,75,0,16865700
NIFTY-I.NFO,19/02/2025,09:26:39,22892.7,22890,450,22891.7,225,150,16865700
NIFTY-I.NFO,19/02/2025,09:26:41,22891.95,22890,375,22891.8,150,450,16865700
NIFTY-I.NFO,19/02/2025,09:26:42,22890,22890,300,22892.1,300,225,16865700
NIFTY-I.NFO,19/02/2025,09:26:44,22889.8,22888.05,75,22889.8,75,525,16865700
NIFTY-I.NFO,19/02/2025,09:26:46,22887.1,22887,75,22889.4,150,1500,16865700
NIFTY-I.NFO,19/02/2025,09:26:47,22885.2,22885.35,750,22890.65,75,150,16865700
NIFTY-I.NFO,19/02/2025,09:26:49,22890.5,22886.7,450,22891.8,75,300,16865700
NIFTY-I.NFO,19/02/2025,09:26:51,22887.9,22886,75,22887.9,75,75,16865700
NIFTY-I.NFO,19/02/2025,09:26:52,22889.05,22887,150,22888.85,75,1875,16865700
NIFTY-I.NFO,19/02/2025,09:26:54,22888.85,22887,150,22888.75,75,225,16865700
NIFTY-I.NFO,19/02/2025,09:26:56,22888.7,22887,150,22888.95,225,75,16865700
NIFTY-I.NFO,19/02/2025,09:26:57,22887,22887,75,22888.65,225,75,16865700
NIFTY-I.NFO,19/02/2025,09:26:59,22889.6,22887,75,22889.25,150,75,16865700
NIFTY-I.NFO,19/02/2025,09:27:01,22886,22885,975,22888.55,75,1125,16865700
NIFTY-I.NFO,19/02/2025,09:27:02,22891,22885.25,150,22890.6,225,300,16865700
NIFTY-I.NFO,19/02/2025,09:27:04,22885.35,22885.15,300,22888.55,75,300,16865700
NIFTY-I.NFO,19/02/2025,09:27:05,22888.55,22888.55,75,22889,75,75,16865700
NIFTY-I.NFO,19/02/2025,09:27:07,22891.8,22888.6,75,22892,225,150,16865700
NIFTY-I.NFO,19/02/2025,09:27:09,22893.25,22889.45,225,22893.8,75,75,16865700
NIFTY-I.NFO,19/02/2025,09:27:10,22890.2,22890.3,975,22894,75,450,16865700
NIFTY-I.NFO,19/02/2025,09:27:12,22894,22891.4,75,22895,150,300,16865700
NIFTY-I.NFO,19/02/2025,09:27:14,22891.4,22891.45,75,22891.85,75,150,16865700
NIFTY-I.NFO,19/02/2025,09:27:15,22891.85,22891.45,75,22892.35,75,75,16865700
NIFTY-I.NFO,19/02/2025,09:27:17,22890.05,22890,75,22892.05,375,375,16865700
NIFTY-I.NFO,19/02/2025,09:27:19,22890.05,22890,75,22891.65,225,0,16865700
NIFTY-I.NFO,19/02/2025,09:27:20,22890,22888.55,75,22892.25,75,525,16865700
NIFTY-I.NFO,19/02/2025,09:27:22,22890.05,22890,375,22893.3,75,75,16865700
NIFTY-I.NFO,19/02/2025,09:27:23,22888.5,22888.6,675,22888.9,75,75,16865700
NIFTY-I.NFO,19/02/2025,09:27:25,22894,22890.8,525,22894,525,375,16865700
NIFTY-I.NFO,19/02/2025,09:27:27,22894,22891.3,225,22894,450,150,16865700
NIFTY-I.NFO,19/02/2025,09:27:28,22894,22891.4,225,22894,525,0,16865700
NIFTY-I.NFO,19/02/2025,09:27:30,22894,22891.8,975,22894,450,75,16865700
NIFTY-I.NFO,19/02/2025,09:27:32,22894,22891.9,375,22892,75,300,16865700
NIFTY-I.NFO,19/02/2025,09:27:33,22894,22891.95,75,22893,75,150,16885125
NIFTY-I.NFO,19/02/2025,09:27:35,22893,22894.05,75,22895,300,75,16885125
NIFTY-I.NFO,19/02/2025,09:27:37,22894,22893.65,450,22894,75,375,16885125
NIFTY-I.NFO,19/02/2025,09:27:38,22897.55,22895.7,375,22897.55,75,675,16885125
NIFTY-I.NFO,19/02/2025,09:27:40,22895.7,22895.4,225,22899,75,150,16885125
NIFTY-I.NFO,19/02/2025,09:27:42,22895.7,22895.75,75,22899,75,0,16885125
NIFTY-I.NFO,19/02/2025,09:27:43,22899,22899,825,22899.8,150,75,16885125
NIFTY-I.NFO,19/02/2025,09:27:45,22899.8,22899,5250,22899.8,75,150,16885125
NIFTY-I.NFO,19/02/2025,09:27:47,22899.8,22899,5250,22899.85,75,75,16885125
NIFTY-I.NFO,19/02/2025,09:27:48,22899.1,22899.1,150,22900,825,300,16885125
NIFTY-I.NFO,19/02/2025,09:27:50,22900,22899.1,150,22900,675,150,16885125
NIFTY-I.NFO,19/02/2025,09:27:52,22900,22899.15,150,22900,600,150,16885125
NIFTY-I.NFO,19/02/2025,09:27:53,22900,22899.8,75,22900,525,75,16885125
NIFTY-I.NFO,19/02/2025,09:27:55,22900,22899.8,75,22900,525,75,16885125
NIFTY-I.NFO,19/02/2025,09:27:57,22900,22899.8,675,22900.05,75,525,16885125
NIFTY-I.NFO,19/02/2025,09:27:58,22900,22899.8,75,22904.4,300,225,16885125
NIFTY-I.NFO,19/02/2025,09:28:00,22902,22901.05,150,22902.75,300,300,16885125
NIFTY-I.NFO,19/02/2025,09:28:02,22901.05,22901.05,75,22902.7,300,75,16885125
NIFTY-I.NFO,19/02/2025,09:28:03,22899,22899,5250,22900.75,450,450,16885125
NIFTY-I.NFO,19/02/2025,09:28:05,22898.9,22895,75,22898.4,75,5625,16885125
NIFTY-I.NFO,19/02/2025,09:28:07,22891.55,22890.3,75,22896.9,150,1200,16885125
NIFTY-I.NFO,19/02/2025,09:28:08,22895.95,22893,75,22895.9,225,75,16885125
NIFTY-I.NFO,19/02/2025,09:28:10,22895.85,22893,75,22895.85,150,75,16885125
NIFTY-I.NFO,19/02/2025,09:28:12,22895.85,22894,75,22895.85,150,0,16885125
NIFTY-I.NFO,19/02/2025,09:28:13,22895.45,22894.05,75,22895.85,150,75,16885125
NIFTY-I.NFO,19/02/2025,09:28:15,22895.85,22894.05,75,22895.85,225,75,16885125
NIFTY-I.NFO,19/02/2025,09:28:17,22895.85,22895.45,75,22895.85,75,825,16885125
NIFTY-I.NFO,19/02/2025,09:28:18,22894,22893.05,75,22893.95,75,450,16885125
NIFTY-I.NFO,19/02/2025,09:28:20,22894,22892,75,22893.95,75,0,16885125
NIFTY-I.NFO,19/02/2025,09:28:22,22895.25,22892,75,22893.6,75,225,16885125
NIFTY-I.NFO,19/02/2025,09:28:23,22895.25,22892.85,975,22895.45,75,0,16885125
NIFTY-I.NFO,19/02/2025,09:28:25,22893.95,22893.5,600,22899.4,150,150,16885125
NIFTY-I.NFO,19/02/2025,09:28:27,22893.95,22894.6,75,22898.15,75,0,16885125
NIFTY-I.NFO,19/02/2025,09:28:28,22897.7,22895.85,75,22897.35,300,975,16885125
NIFTY-I.NFO,19/02/2025,09:28:30,22894.6,22893.95,150,22894.3,300,225,16885125
NIFTY-I.NFO,19/02/2025,09:28:32,22893.95,22893.95,75,22894.55,225,150,16885125
NIFTY-I.NFO,19/02/2025,09:28:33,22892,22891.55,225,22894.55,225,225,16885125
NIFTY-I.NFO,19/02/2025,09:28:35,22892,22892.55,600,22895,225,0,16885125
NIFTY-I.NFO,19/02/2025,09:28:37,22895.05,22894.6,75,22897.05,300,300,16885125
NIFTY-I.NFO,19/02/2025,09:28:38,22895.05,22894.6,75,22896.35,300,0,16885125
NIFTY-I.NFO,19/02/2025,09:28:40,22892,22891.55,225,22896.7,300,375,16885125
NIFTY-I.NFO,19/02/2025,09:28:42,22895.75,22895.75,150,22897.5,225,150,16885125
NIFTY-I.NFO,19/02/2025,09:28:43,22894.6,22893.05,150,22897.9,225,1950,16885125
NIFTY-I.NFO,19/02/2025,09:28:45,22897.9,22895.85,75,22897.9,150,75,16885125
NIFTY-I.NFO,19/02/2025,09:28:47,22897.35,22895.85,75,22897.55,75,75,16885125
NIFTY-I.NFO,19/02/2025,09:28:48,22895.85,22892,150,22896.35,75,225,16885125
NIFTY-I.NFO,19/02/2025,09:28:50,22892.75,22895,75,22895.6,225,75,16885125
NIFTY-I.NFO,19/02/2025,09:28:52,22892.05,22892.05,75,22894.5,225,300,16885125
NIFTY-I.NFO,19/02/2025,09:28:53,22893.35,22892.05,75,22893.35,75,150,16885125
NIFTY-I.NFO,19/02/2025,09:28:55,22893.3,22892.05,375,22893.3,150,225,16885125
NIFTY-I.NFO,19/02/2025,09:28:57,22892.25,22892.1,825,22895.8,75,900,16885125
NIFTY-I.NFO,19/02/2025,09:28:58,22895,22892.05,75,22894.8,300,75,16885125
NIFTY-I.NFO,19/02/2025,09:29:00,22891.55,22891.55,150,22892.75,75,450,16885125
NIFTY-I.NFO,19/02/2025,09:29:02,22891.55,22891.55,75,22892.55,375,75,16885125
NIFTY-I.NFO,19/02/2025,09:29:03,22892.55,22891.6,825,22894.7,75,75,16885125
NIFTY-I.NFO,19/02/2025,09:29:05,22894.65,22890.55,900,22894.65,75,300,16885125
NIFTY-I.NFO,19/02/2025,09:29:07,22894.7,22892,75,22894.7,300,150,16885125
NIFTY-I.NFO,19/02/2025,09:29:08,22894.7,22892.15,900,22894.95,150,150,16885125
NIFTY-I.NFO,19/02/2025,09:29:10,22894.7,22892,150,22894.95,150,0,16885125
NIFTY-I.NFO,19/02/2025,09:29:12,22894.7,22892.05,75,22894.95,150,0,16885125
NIFTY-I.NFO,19/02/2025,09:29:13,22894.7,22892.4,750,22894.95,75,225,16885125
NIFTY-I.NFO,19/02/2025,09:29:15,22895.85,22894.7,75,22897.95,300,1350,16885125
NIFTY-I.NFO,19/02/2025,09:29:17,22897.95,22892.85,300,22897.95,225,75,16885125
NIFTY-I.NFO,19/02/2025,09:29:18,22893.2,22893.75,600,22897.95,225,75,16885125
NIFTY-I.NFO,19/02/2025,09:29:20,22894.2,22894.3,525,22897.95,300,75,16885125
NIFTY-I.NFO,19/02/2025,09:29:22,22896.05,22896.05,225,22897.95,75,225,16885125
NIFTY-I.NFO,19/02/2025,09:29:23,22899,22897.9,525,22900,75,750,16885125
NIFTY-I.NFO,19/02/2025,09:29:25,22899,22898.05,225,22899.95,150,0,16885125
NIFTY-I.NFO,19/02/2025,09:29:27,22905,22900.5,525,22906.85,300,900,16885125
NIFTY-I.NFO,19/02/2025,09:29:28,22901.25,22901.3,225,22907.05,300,300,16885125
NIFTY-I.NFO,19/02/2025,09:29:30,22901.2,22900.4,225,22906.15,300,150,16885125
NIFTY-I.NFO,19/02/2025,09:29:32,22904.6,22902.05,75,22904.95,225,150,16885125
NIFTY-I.NFO,19/02/2025,09:29:33,22905.05,22902.05,75,22906.4,300,450,16885125
NIFTY-I.NFO,19/02/2025,09:29:35,22902.05,22902.05,75,22905.4,300,150,16885125
NIFTY-I.NFO,19/02/2025,09:29:37,22904.6,22900.1,225,22903.65,150,750,16885125
NIFTY-I.NFO,19/02/2025,09:29:38,22900.1,22900,150,22904.95,300,750,16885125
NIFTY-I.NFO,19/02/2025,09:29:40,22894.8,22893,75,22898.6,300,4800,16885125
NIFTY-I.NFO,19/02/2025,09:29:42,22898.55,22895,75,22898.55,75,150,16885125
NIFTY-I.NFO,19/02/2025,09:29:43,22895.75,22895.75,375,22898.55,75,150,16885125
NIFTY-I.NFO,19/02/2025,09:29:45,22898.55,22896.7,525,22898.55,75,150,16885125
NIFTY-I.NFO,19/02/2025,09:29:47,22898.55,22895.05,525,22898.55,75,375,16885125
NIFTY-I.NFO,19/02/2025,09:29:48,22902.35,22897.5,225,22903.25,300,525,16885125
NIFTY-I.NFO,19/02/2025,09:29:50,22900.5,22900.55,525,22904.95,75,75,16885125
NIFTY-I.NFO,19/02/2025,09:29:52,22900.6,22900.2,600,22905,225,225,16885125
NIFTY-I.NFO,19/02/2025,09:29:53,22898.55,22898.55,150,22900.6,150,975,16885125
NIFTY-I.NFO,19/02/2025,09:29:55,22898.55,22896.7,675,22902.95,300,450,16885125
NIFTY-I.NFO,19/02/2025,09:29:57,22900,22900,75,22903.25,750,150,16885125
NIFTY-I.NFO,19/02/2025,09:29:58,22895.75,22895.75,225,22901.35,75,525,16885125
NIFTY-I.NFO,19/02/2025,09:30:00,22895.8,22895.3,225,22899.8,75,825,16885125
NIFTY-I.NFO,19/02/2025,09:30:02,22899.95,22894.9,225,22899.85,75,2250,16885125
NIFTY-I.NFO,19/02/2025,09:30:03,22899.9,22896.35,525,22899.85,75,1500,16885125
NIFTY-I.NFO,19/02/2025,09:30:05,22899.05,22896,75,22899.75,525,1050,16885125
NIFTY-I.NFO,19/02/2025,09:30:07,22897.95,22897.95,75,22900,225,975,16885125
NIFTY-I.NFO,19/02/2025,09:30:08,22900.45,22900.35,75,22904.95,150,1125,16885125
NIFTY-I.NFO,19/02/2025,09:30:10,22904.7,22902.3,675,22904.95,150,225,16885125
NIFTY-I.NFO,19/02/2025,09:30:12,22901.9,22902.8,75,22904.95,150,675,16885125
NIFTY-I.NFO,19/02/2025,09:30:13,22909.8,22905,225,22909.75,75,1125,16885125
NIFTY-I.NFO,19/02/2025,09:30:15,22909.8,22905.05,75,22908.1,150,0,16885125
NIFTY-I.NFO,19/02/2025,09:30:17,22904.7,22900.5,75,22904.25,75,225,16885125
NIFTY-I.NFO,19/02/2025,09:30:18,22904.65,22898.45,75,22903.7,150,1125,16885125
NIFTY-I.NFO,19/02/2025,09:30:20,22904.1,22899.8,75,22904.2,75,150,16885125
NIFTY-I.NFO,19/02/2025,09:30:22,22900,22896.25,75,22900.95,300,300,16885125
NIFTY-I.NFO,19/02/2025,09:30:23,22900.9,22895.1,375,22899.6,75,375,16885125
NIFTY-I.NFO,19/02/2025,09:30:25,22899.55,22896.25,75,22899.55,300,150,16885125
NIFTY-I.NFO,19/02/2025,09:30:27,22899.7,22899.7,150,22904.15,300,2775,16885125
NIFTY-I.NFO,19/02/2025,09:30:28,22906.05,22899.75,75,22904.4,150,750,16885125
NIFTY-I.NFO,19/02/2025,09:30:30,22906.05,22900.5,75,22904.85,150,0,16885125
NIFTY-I.NFO,19/02/2025,09:30:32,22903,22902,150,22902.95,75,300,16891425
NIFTY-I.NFO,19/02/2025,09:30:33,22896.35,22898.05,75,22902.45,300,600,16891425
NIFTY-I.NFO,19/02/2025,09:30:35,22902.5,22900,150,22902.35,150,75,16891425
NIFTY-I.NFO,19/02/2025,09:30:37,22899.35,22898,300,22899.85,150,375,16891425
NIFTY-I.NFO,19/02/2025,09:30:38,22899.3,22898,75,22900.1,75,450,16891425
NIFTY-I.NFO,19/02/2025,09:30:40,22899.3,22897.95,75,22902.5,75,0,16891425
NIFTY-I.NFO,19/02/2025,09:30:42,22899.3,22900,825,22902.9,150,0,16891425
NIFTY-I.NFO,19/02/2025,09:30:43,22900,22900,750,22902.1,300,450,16891425
NIFTY-I.NFO,19/02/2025,09:30:45,22900,22900,675,22900.35,300,75,16891425
NIFTY-I.NFO,19/02/2025,09:30:47,22898.3,22898.05,150,22900.35,300,825,16891425
NIFTY-I.NFO,19/02/2025,09:30:48,22895.2,22898.1,75,22900.35,300,750,16891425
NIFTY-I.NFO,19/02/2025,09:30:50,22899.25,22896.4,150,22899.25,150,225,16891425
NIFTY-I.NFO,19/02/2025,09:30:52,22899.25,22898.05,150,22899.25,150,0,16891425
NIFTY-I.NFO,19/02/2025,09:30:53,22899.85,22899.25,75,22900,75,600,16891425
NIFTY-I.NFO,19/02/2025,09:30:55,22903.95,22899.25,75,22900,75,1500,16891425
NIFTY-I.NFO,19/02/2025,09:30:57,22906.25,22899.45,150,22905.55,150,1725,16891425
NIFTY-I.NFO,19/02/2025,09:30:58,22905.8,22899.3,150,22905.05,75,1575,16891425
NIFTY-I.NFO,19/02/2025,09:31:00,22899.45,22899.5,75,22904,300,3075,16891425
NIFTY-I.NFO,19/02/2025,09:31:02,22900,22899.45,75,22900,600,2100,16891425
NIFTY-I.NFO,19/02/2025,09:31:03,22899.25,22899.25,75,22899.95,300,225,16891425
NIFTY-I.NFO,19/02/2025,09:31:05,22899.95,22895.95,975,22899.95,225,825,16891425
NIFTY-I.NFO,19/02/2025,09:31:07,22899.95,22896.25,150,22899.95,225,0,16891425
NIFTY-I.NFO,19/02/2025,09:31:08,22896.05,22900,300,22901.05,225,825,16891425
NIFTY-I.NFO,19/02/2025,09:31:10,22896.05,22900,675,22904.45,150,0,16891425
NIFTY-I.NFO,19/02/2025,09:31:12,22896.05,22901.3,75,22904.65,75,0,16891425
NIFTY-I.NFO,19/02/2025,09:31:13,22900,22900.6,300,22905,150,300,16891425
NIFTY-I.NFO,19/02/2025,09:31:15,22900,22900,300,22903.95,75,0,16891425
NIFTY-I.NFO,19/02/2025,09:31:17,22903.05,22900,225,22903.7,75,1725,16891425
NIFTY-I.NFO,19/02/2025,09:31:19,22903.1,22898.25,150,22903.5,300,525,16891425
NIFTY-I.NFO,19/02/2025,09:31:20,22903.9,22899.5,150,22904.45,300,525,16891425
NIFTY-I.NFO,19/02/2025,09:31:22,22903.1,22900.25,75,22902.75,300,75,16891425
NIFTY-I.NFO,19/02/2025,09:31:24,22903.15,22900.3,75,22903.85,75,300,16891425
NIFTY-I.NFO,19/02/2025,09:31:25,22900.6,22900.1,75,22903.1,75,75,16891425
NIFTY-I.NFO,19/02/2025,09:31:27,22900.6,22900,600,22903.1,75,0,16891425
NIFTY-I.NFO,19/02/2025,09:31:29,22903.05,22900.25,75,22903.05,225,225,16891425
NIFTY-I.NFO,19/02/2025,09:31:30,22903,22900.9,75,22903.05,150,375,16891425
NIFTY-I.NFO,19/02/2025,09:31:32,22903,22900.9,150,22902,150,0,16891425
NIFTY-I.NFO,19/02/2025,09:31:34,22900.45,22901.1,75,22902.9,75,525,16891425
NIFTY-I.NFO,19/02/2025,09:31:35,22902.05,22902.9,75,22903.1,75,75,16891425
NIFTY-I.NFO,19/02/2025,09:31:37,22902.9,22902.15,75,22903.1,75,75,16891425
NIFTY-I.NFO,19/02/2025,09:31:39,22903.1,22902.2,75,22903.15,75,150,16891425
NIFTY-I.NFO,19/02/2025,09:31:40,22904,22900.05,75,22904.8,75,825,16891425
NIFTY-I.NFO,19/02/2025,09:31:42,22903.65,22903.15,75,22904.6,75,150,16891425
NIFTY-I.NFO,19/02/2025,09:31:44,22903.15,22903,150,22904,75,75,16891425
NIFTY-I.NFO,19/02/2025,09:31:45,22903,22901.15,75,22904,75,150,16891425
NIFTY-I.NFO,19/02/2025,09:31:47,22903.25,22903.15,150,22904.25,75,150,16891425
NIFTY-I.NFO,19/02/2025,09:31:49,22900.45,22900.4,75,22901.2,75,300,16891425
NIFTY-I.NFO,19/02/2025,09:31:50,22901.2,22900.45,75,22901.9,225,150,16891425
NIFTY-I.NFO,19/02/2025,09:31:52,22900.55,22900,300,22900.85,225,525,16891425
NIFTY-I.NFO,19/02/2025,09:31:54,22900,22900,75,22901.3,150,300,16891425
NIFTY-I.NFO,19/02/2025,09:31:55,22900,22900.55,75,22903.15,300,0,16891425
NIFTY-I.NFO,19/02/2025,09:31:57,22900.55,22900.05,75,22902.45,300,75,16891425
NIFTY-I.NFO,19/02/2025,09:31:59,22900.55,22900.05,75,22903.2,150,0,16891425
NIFTY-I.NFO,19/02/2025,09:32:00,22900,22899.95,75,22900,150,450,16891425
NIFTY-I.NFO,19/02/2025,09:32:02,22898.45,22898,150,22898.45,525,450,16891425
NIFTY-I.NFO,19/02/2025,09:32:04,22899.3,22898,150,22899.75,75,225,16891425
NIFTY-I.NFO,19/02/2025,09:32:05,22898,22896.05,75,22898.85,75,675,16891425
NIFTY-I.NFO,19/02/2025,09:32:07,22896.05,22896,75,22898.3,150,75,16891425
NIFTY-I.NFO,19/02/2025,09:32:09,22896,22895.4,75,22899.6,75,75,16891425
NIFTY-I.NFO,19/02/2025,09:32:10,22896,22896.55,150,22901.25,300,150,16891425
NIFTY-I.NFO,19/02/2025,09:32:12,22895.55,22896.35,150,22901.25,300,450,16891425
NIFTY-I.NFO,19/02/2025,09:32:14,22903.5,22899.05,150,22903.85,300,450,16891425
NIFTY-I.NFO,19/02/2025,09:32:15,22901.15,22901.15,225,22903.4,300,75,16891425
NIFTY-I.NFO,19/02/2025,09:32:17,22901.15,22901.15,75,22903,225,225,16891425
NIFTY-I.NFO,19/02/2025,09:32:19,22901.15,22901.2,75,22903.4,225,0,16891425
NIFTY-I.NFO,19/02/2025,09:32:20,22901.15,22901.15,75,22903.4,225,0,16891425
NIFTY-I.NFO,19/02/2025,09:32:22,22902.3,22901,825,22903.4,225,225,16891425
NIFTY-I.NFO,19/02/2025,09:32:24,22902.4,22901,450,22902.95,225,450,16891425
NIFTY-I.NFO,19/02/2025,09:32:25,22902.95,22901,750,22903,225,225,16891425
NIFTY-I.NFO,19/02/2025,09:32:27,22902.95,22901.25,75,22903,225,225,16891425
NIFTY-I.NFO,19/02/2025,09:32:29,22903,22902,450,22903,150,75,16891425
NIFTY-I.NFO,19/02/2025,09:32:30,22902.6,22902.6,75,22903,150,150,16891425
NIFTY-I.NFO,19/02/2025,09:32:32,22901.85,22901.1,75,22902.95,300,750,16891425
NIFTY-I.NFO,19/02/2025,09:32:34,22902.95,22901.05,75,22903,375,75,16891425
NIFTY-I.NFO,19/02/2025,09:32:35,22902.85,22901.7,150,22903,375,75,16891425
NIFTY-I.NFO,19/02/2025,09:32:37,22903,22901.95,75,22903.5,75,750,16891425
NIFTY-I.NFO,19/02/2025,09:32:38,22903,22901.3,450,22903.5,75,0,16891425
NIFTY-I.NFO,19/02/2025,09:32:40,22903.5,22903.5,300,22904,75,150,16891425
NIFTY-I.NFO,19/02/2025,09:32:42,22905,22903.8,450,22905.95,75,450,16891425
NIFTY-I.NFO,19/02/2025,09:32:43,22907,22904.7,75,22907,600,525,16891425
NIFTY-I.NFO,19/02/2025,09:32:45,22906.95,22904,150,22906.95,150,150,16891425
NIFTY-I.NFO,19/02/2025,09:32:47,22906.95,22905.6,150,22906.95,150,0,16891425
NIFTY-I.NFO,19/02/2025,09:32:48,22907,22905.8,75,22907,525,300,16891425
NIFTY-I.NFO,19/02/2025,09:32:50,22906.95,22906.15,75,22907,450,150,16891425
NIFTY-I.NFO,19/02/2025,09:32:52,22908.95,22907.15,75,22908.95,225,600,16891425
NIFTY-I.NFO,19/02/2025,09:32:53,22908.95,22908.1,150,22908.95,75,0,16891425
NIFTY-I.NFO,19/02/2025,09:32:55,22911,22911.7,75,22912,75,3675,16891425
NIFTY-I.NFO,19/02/2025,09:32:57,22914,22912.5,75,22914.75,75,300,16891425
NIFTY-I.NFO,19/02/2025,09:32:58,22914.85,22913.35,900,22915,225,150,16891425
NIFTY-I.NFO,19/02/2025,09:33:00,22913.9,22914,225,22917,1800,2100,16891425
NIFTY-I.NFO,19/02/2025,09:33:02,22917,22913.2,600,22919.15,75,3600,16891425
NIFTY-I.NFO,19/02/2025,09:33:03,22915,22912.1,75,22915,75,300,16891425
NIFTY-I.NFO,19/02/2025,09:33:05,22914.9,22914,75,22915.15,75,450,16891425
NIFTY-I.NFO,19/02/2025,09:33:07,22915,22912.5,150,22915.55,75,300,16891425
NIFTY-I.NFO,19/02/2025,09:33:08,22912.5,22911.15,75,22913.85,75,225,16891425
NIFTY-I.NFO,19/02/2025,09:33:10,22913.4,22912,75,22912.35,75,450,16891425
NIFTY-I.NFO,19/02/2025,09:33:12,22914.5,22913.25,75,22914.75,75,1800,16891425
NIFTY-I.NFO,19/02/2025,09:33:13,22913.25,22912,150,22913.25,75,75,16891425
NIFTY-I.NFO,19/02/2025,09:33:15,22913.25,22912.05,75,22915,75,75,16891425
NIFTY-I.NFO,19/02/2025,09:33:17,22915,22913.25,75,22914.8,150,75,16891425
NIFTY-I.NFO,19/02/2025,09:33:18,22915.05,22913.25,75,22913.45,225,300,16891425
NIFTY-I.NFO,19/02/2025,09:33:20,22913.25,22912.05,75,22913.45,225,450,16891425
NIFTY-I.NFO,19/02/2025,09:33:22,22913.25,22912.05,75,22913.45,225,0,16891425
NIFTY-I.NFO,19/02/2025,09:33:24,22913.45,22912,75,22913.45,150,75,16891425
NIFTY-I.NFO,19/02/2025,09:33:25,22913.45,22912,225,22913.45,150,0,16891425
NIFTY-I.NFO,19/02/2025,09:33:27,22912.35,22912,375,22913.45,150,300,16891425
NIFTY-I.NFO,19/02/2025,09:33:29,22912.35,22912.25,600,22913.45,150,0,16891425
NIFTY-I.NFO,19/02/2025,09:33:30,22912.95,22913.55,75,22915,2100,600,16891425
NIFTY-I.NFO,19/02/2025,09:33:32,22916.55,22916.55,150,22918,75,2400,16891425
NIFTY-I.NFO,19/02/2025,09:33:34,22918,22916.6,75,22919.95,75,75,16893900
NIFTY-I.NFO,19/02/2025,09:33:35,22914.5,22918,150,22921.65,75,3975,16893900
NIFTY-I.NFO,19/02/2025,09:33:37,22922.9,22922,150,22922.9,75,2400,16893900
NIFTY-I.NFO,19/02/2025,09:33:39,22921.35,22920,975,22922.15,375,1125,16893900
NIFTY-I.NFO,19/02/2025,09:33:40,22920,22922.15,75,22924,75,2250,16893900
NIFTY-I.NFO,19/02/2025,09:33:42,22922.9,22922.9,75,22924.65,75,1200,16893900
NIFTY-I.NFO,19/02/2025,09:33:44,22924,22924,525,22924.8,75,600,16893900
NIFTY-I.NFO,19/02/2025,09:33:45,22924.85,22922.35,600,22924.2,225,1200,16893900
NIFTY-I.NFO,19/02/2025,09:33:47,22923.6,22922.35,600,22922.9,75,825,16893900
NIFTY-I.NFO,19/02/2025,09:33:49,22923.7,22920.15,75,22924,1125,900,16893900
NIFTY-I.NFO,19/02/2025,09:33:50,22920.45,22920.75,75,22924,975,300,16893900
NIFTY-I.NFO,19/02/2025,09:33:52,22924,22920.95,150,22924,675,2250,16893900
NIFTY-I.NFO,19/02/2025,09:33:54,22924,22922.25,375,22924,525,225,16893900
NIFTY-I.NFO,19/02/2025,09:33:55,22923,22923.15,75,22924,300,300,16893900
NIFTY-I.NFO,19/02/2025,09:33:57,22927,22926.1,375,22927,375,4125,16893900
NIFTY-I.NFO,19/02/2025,09:33:57,22927,22926.1,375,22927,375,0,16893900
NIFTY-I.NFO,19/02/2025,09:33:59,22926,22926,750,22928,375,525,16893900
NIFTY-I.NFO,19/02/2025,09:34:00,22924,22924,825,22924.75,75,1800,16893900
NIFTY-I.NFO,19/02/2025,09:34:00,22928.25,22924,825,22924.75,75,0,16893900
NIFTY-I.NFO,19/02/2025,09:34:02,22924.55,22919.2,525,22924.5,75,4275,16893900
NIFTY-I.NFO,19/02/2025,09:34:04,22920.15,22918.55,75,22924.4,225,3300,16893900
NIFTY-I.NFO,19/02/2025,09:34:05,22924.4,22918.85,225,22922.95,75,525,16893900
NIFTY-I.NFO,19/02/2025,09:34:07,22916.1,22916.15,300,22921.4,75,2400,16893900
NIFTY-I.NFO,19/02/2025,09:34:09,22920,22917.4,600,22922.25,75,75,16893900
NIFTY-I.NFO,19/02/2025,09:34:10,22921.95,22916.05,375,22922.25,75,450,16893900
NIFTY-I.NFO,19/02/2025,09:34:12,22918,22916.5,75,22921.15,225,1050,16893900
NIFTY-I.NFO,19/02/2025,09:34:14,22921.15,22918.45,450,22920.95,75,975,16893900
NIFTY-I.NFO,19/02/2025,09:34:15,22922.1,22918,75,22921.65,75,375,16893900
NIFTY-I.NFO,19/02/2025,09:34:17,22922.1,22918.55,150,22923,1575,0,16893900
NIFTY-I.NFO,19/02/2025,09:34:19,22923,22918.2,75,22922.95,150,300,16893900
NIFTY-I.NFO,19/02/2025,09:34:20,22921.65,22921.25,600,22921.8,75,225,16893900
NIFTY-I.NFO,19/02/2025,09:34:22,22921.25,22920,75,22920.15,150,600,16893900
NIFTY-I.NFO,19/02/2025,09:34:24,22922.15,22920,75,22921.5,75,150,16893900
NIFTY-I.NFO,19/02/2025,09:34:25,22920,22918,75,22922.75,75,1425,16893900
NIFTY-I.NFO,19/02/2025,09:34:27,22923,22921.8,75,22923,1275,75,16893900
NIFTY-I.NFO,19/02/2025,09:34:29,22921.65,22920.95,150,22923,1275,225,16893900
NIFTY-I.NFO,19/02/2025,09:34:30,22923,22922.25,75,22923,300,1200,16893900
NIFTY-I.NFO,19/02/2025,09:34:32,22920.7,22920.55,75,22922.9,225,525,16893900
NIFTY-I.NFO,19/02/2025,09:34:34,22922,22921.6,75,22922,750,1350,16893900
NIFTY-I.NFO,19/02/2025,09:34:35,22922,22921.95,375,22922.25,75,900,16893900
NIFTY-I.NFO,19/02/2025,09:34:37,22922.55,22922.55,450,22923,75,150,16893900
NIFTY-I.NFO,19/02/2025,09:34:38,22923.75,22923.7,225,22925,75,975,16893900
NIFTY-I.NFO,19/02/2025,09:34:40,22926.9,22925.05,225,22927,375,525,16893900
NIFTY-I.NFO,19/02/2025,09:34:42,22928.85,22925,375,22929,75,600,16893900
NIFTY-I.NFO,19/02/2025,09:34:42,22928.9,22925,375,22929,75,0,16893900
NIFTY-I.NFO,19/02/2025,09:34:43,22930,22930,300,22931.8,75,1650,16893900
NIFTY-I.NFO,19/02/2025,09:34:43,22930,22930,300,22931.8,75,0,16893900
NIFTY-I.NFO,19/02/2025,09:34:45,22926.7,22926.7,600,22930,75,2550,16893900
NIFTY-I.NFO,19/02/2025,09:34:45,22932.8,22926.7,600,22930,75,0,16893900
NIFTY-I.NFO,19/02/2025,09:34:47,22930,22927,675,22930,150,375,16893900
NIFTY-I.NFO,19/02/2025,09:34:48,22934.15,22930,75,22932.85,75,1575,16893900
NIFTY-I.NFO,19/02/2025,09:34:48,22935,22930,75,22932.85,75,0,16893900
NIFTY-I.NFO,19/02/2025,09:34:50,22934.3,22929.45,75,22932.6,150,1650,16893900
NIFTY-I.NFO,19/02/2025,09:34:52,22930,22926.4,75,22930,1800,375,16893900
NIFTY-I.NFO,19/02/2025,09:34:53,22930,22926.95,75,22929.2,75,525,16893900
NIFTY-I.NFO,19/02/2025,09:34:55,22930,22927,75,22930,1050,825,16893900
NIFTY-I.NFO,19/02/2025,09:34:57,22929.75,22926.95,75,22930.5,75,2325,16893900
NIFTY-I.NFO,19/02/2025,09:34:58,22930,22928,150,22931.4,75,450,16893900
NIFTY-I.NFO,19/02/2025,09:35:00,22930,22924.15,75,22929.7,225,2325,16893900
NIFTY-I.NFO,19/02/2025,09:35:02,22927.9,22926.95,75,22930,150,225,16893900
NIFTY-I.NFO,19/02/2025,09:35:03,22927.5,22927.05,75,22928.75,75,450,16893900
NIFTY-I.NFO,19/02/2025,09:35:05,22926.95,22925,75,22927.5,225,75,16893900
NIFTY-I.NFO,19/02/2025,09:35:07,22927.5,22924.1,150,22927.9,375,225,16893900
NIFTY-I.NFO,19/02/2025,09:35:08,22927.9,22924.45,450,22927.9,300,300,16893900
NIFTY-I.NFO,19/02/2025,09:35:10,22927.35,22924,75,22927.35,150,75,16893900
NIFTY-I.NFO,19/02/2025,09:35:12,22927.35,22924.5,150,22927.9,300,0,16893900
NIFTY-I.NFO,19/02/2025,09:35:13,22927.35,22927.35,225,22927.9,225,300,16893900
NIFTY-I.NFO,19/02/2025,09:35:15,22927.9,22927.35,300,22930,825,225,16893900
NIFTY-I.NFO,19/02/2025,09:35:17,22930,22927.35,150,22930,675,450,16893900
NIFTY-I.NFO,19/02/2025,09:35:18,22927.35,22927.35,75,22928.1,75,225,16893900
NIFTY-I.NFO,19/02/2025,09:35:20,22929.9,22926.7,450,22927.9,75,300,16893900
NIFTY-I.NFO,19/02/2025,09:35:22,22927,22925.95,150,22930,375,525,16893900
NIFTY-I.NFO,19/02/2025,09:35:23,22931.9,22926.25,675,22931.2,75,1350,16893900
NIFTY-I.NFO,19/02/2025,09:35:25,22931.9,22926,75,22930.7,75,150,16893900
NIFTY-I.NFO,19/02/2025,09:35:27,22931.9,22925.7,150,22929.3,75,0,16893900
NIFTY-I.NFO,19/02/2025,09:35:28,22931.25,22929.3,75,22930,75,225,16893900
NIFTY-I.NFO,19/02/2025,09:35:30,22930,22927.1,75,22931.75,75,300,16893900
NIFTY-I.NFO,19/02/2025,09:35:32,22927.4,22927,375,22929.85,75,150,16893900
NIFTY-I.NFO,19/02/2025,09:35:34,22929.55,22926.1,75,22929.65,75,150,16893900
NIFTY-I.NFO,19/02/2025,09:35:35,22926,22925.7,450,22929.55,75,150,16893900
NIFTY-I.NFO,19/02/2025,09:35:37,22926,22925.7,150,22929.7,300,450,16893900
NIFTY-I.NFO,19/02/2025,09:35:38,22925,22925,75,22926.85,150,750,16893900
NIFTY-I.NFO,19/02/2025,09:35:40,22923.05,22923.05,75,22927.8,150,750,16893900
NIFTY-I.NFO,19/02/2025,09:35:42,22926,22927.8,75,22930,75,225,16893900
NIFTY-I.NFO,19/02/2025,09:35:43,22930,22927.65,750,22931.25,75,600,16893900
NIFTY-I.NFO,19/02/2025,09:35:45,22931.25,22926.2,75,22931.25,225,75,16893900
NIFTY-I.NFO,19/02/2025,09:35:47,22926.25,22926.3,375,22927.75,75,225,16893900
NIFTY-I.NFO,19/02/2025,09:35:48,22928,22925.55,675,22927.75,225,450,16893900
NIFTY-I.NFO,19/02/2025,09:35:50,22927.75,22926.2,450,22927.75,75,600,16893900
NIFTY-I.NFO,19/02/2025,09:35:52,22931,22931,75,22931.9,75,300,16893900
NIFTY-I.NFO,19/02/2025,09:35:53,22931.05,22931,75,22931.05,75,225,16893900
NIFTY-I.NFO,19/02/2025,09:35:55,22930.3,22927.75,75,22930.35,75,375,16893900
NIFTY-I.NFO,19/02/2025,09:35:57,22927.75,22927.75,75,22930.35,75,75,16893900
NIFTY-I.NFO,19/02/2025,09:35:58,22930.35,22929.65,75,22930,75,75,16893900
NIFTY-I.NFO,19/02/2025,09:36:00,22930,22928,75,22928.4,75,150,16893900
NIFTY-I.NFO,19/02/2025,09:36:02,22928.8,22928,75,22928.05,75,150,16893900
NIFTY-I.NFO,19/02/2025,09:36:03,22928,22927,75,22928.2,75,225,16893900
NIFTY-I.NFO,19/02/2025,09:36:05,22927.7,22926,75,22926.5,75,300,16893900
NIFTY-I.NFO,19/02/2025,09:36:07,22927.75,22925.1,225,22927.35,75,225,16893900
NIFTY-I.NFO,19/02/2025,09:36:08,22926.7,22925.1,225,22926.15,75,75,16893900
NIFTY-I.NFO,19/02/2025,09:36:10,22925.1,22925,300,22926.7,300,1425,16893900
NIFTY-I.NFO,19/02/2025,09:36:12,22925,22923,150,22926.2,150,525,16893900
NIFTY-I.NFO,19/02/2025,09:36:13,22926.7,22923,150,22926.1,150,225,16893900
NIFTY-I.NFO,19/02/2025,09:36:15,22925.3,22923,75,22926.9,375,1200,16893900
NIFTY-I.NFO,19/02/2025,09:36:17,22925.3,22923,75,22926.3,75,0,16893900
NIFTY-I.NFO,19/02/2025,09:36:18,22925,22922.05,75,22924.4,150,450,16893900
NIFTY-I.NFO,19/02/2025,09:36:20,22922,22924.4,75,22925.5,75,825,16893900
NIFTY-I.NFO,19/02/2025,09:36:22,22925.15,22921.65,750,22925.75,75,1200,16893900
NIFTY-I.NFO,19/02/2025,09:36:23,22921.15,22921.7,375,22925,75,225,16893900
NIFTY-I.NFO,19/02/2025,09:36:25,22922.9,22922.75,75,22925,300,75,16893900
NIFTY-I.NFO,19/02/2025,09:36:27,22924.9,22921.9,75,22924.95,75,300,16893900
NIFTY-I.NFO,19/02/2025,09:36:28,22924.4,22921,150,22925.4,375,1875,16893900
NIFTY-I.NFO,19/02/2025,09:36:30,22923,22921.9,375,22925.65,75,150,16893900
NIFTY-I.NFO,19/02/2025,09:36:32,22923,22921.9,75,22924.9,75,0,16893900
NIFTY-I.NFO,19/02/2025,09:36:33,22922.1,22920.05,75,22922.95,300,225,16909350
NIFTY-I.NFO,19/02/2025,09:36:35,22920.05,22920.05,75,22923,75,1275,16909350
NIFTY-I.NFO,19/02/2025,09:36:37,22920.05,22920.35,300,22923,75,75,16909350
NIFTY-I.NFO,19/02/2025,09:36:38,22923,22923.05,600,22925,75,225,16909350
NIFTY-I.NFO,19/02/2025,09:36:40,22924,22925.1,300,22927.75,75,225,16909350
NIFTY-I.NFO,19/02/2025,09:36:42,22927.75,22926.75,375,22929.8,75,375,16909350
NIFTY-I.NFO,19/02/2025,09:36:43,22928,22928,600,22930,450,750,16909350
NIFTY-I.NFO,19/02/2025,09:36:45,22928,22926.1,75,22928.95,75,675,16909350
NIFTY-I.NFO,19/02/2025,09:36:47,22930,22927.75,75,22930,300,450,16909350
NIFTY-I.NFO,19/02/2025,09:36:48,22927.3,22927.4,300,22930,300,225,16909350
NIFTY-I.NFO,19/02/2025,09:36:50,22930,22926.1,75,22929.9,75,225,16909350
NIFTY-I.NFO,19/02/2025,09:36:52,22926.65,22922.05,75,22927.1,75,150,16909350
NIFTY-I.NFO,19/02/2025,09:36:53,22925.9,22920.45,375,22925.65,75,225,16909350
NIFTY-I.NFO,19/02/2025,09:36:55,22923.3,22920,525,22923.1,150,75,16909350
NIFTY-I.NFO,19/02/2025,09:36:57,22923.3,22920.05,75,22923.3,75,0,16909350
NIFTY-I.NFO,19/02/2025,09:36:58,22922.95,22920,525,22922.4,300,225,16909350
NIFTY-I.NFO,19/02/2025,09:37:00,22921.85,22920,525,22922.2,225,225,16909350
NIFTY-I.NFO,19/02/2025,09:37:02,22922.2,22920.1,75,22924.35,150,225,16909350
NIFTY-I.NFO,19/02/2025,09:37:03,22922.2,22921.5,75,22926.7,300,0,16909350
NIFTY-I.NFO,19/02/2025,09:37:05,22925.45,22921,75,22925.45,225,375,16909350
NIFTY-I.NFO,19/02/2025,09:37:07,22921.5,22921.55,75,22925.65,75,75,16909350
NIFTY-I.NFO,19/02/2025,09:37:08,22925.45,22921,1500,22924.9,75,75,16909350
NIFTY-I.NFO,19/02/2025,09:37:10,22921,22921,1725,22924.95,75,300,16909350
NIFTY-I.NFO,19/02/2025,09:37:12,22921,22921.4,750,22925,75,0,16909350
NIFTY-I.NFO,19/02/2025,09:37:13,22921,22921.3,450,22925,75,75,16909350
NIFTY-I.NFO,19/02/2025,09:37:15,22923,22922.2,75,22925,225,300,16909350
NIFTY-I.NFO,19/02/2025,09:37:17,22924,22923.3,150,22925,225,75,16909350
NIFTY-I.NFO,19/02/2025,09:37:18,22925.45,22922.45,675,22927.95,150,375,16909350
NIFTY-I.NFO,19/02/2025,09:37:20,22923.1,22921.4,75,22926.5,75,75,16909350
NIFTY-I.NFO,19/02/2025,09:37:22,22923.1,22925.5,3075,22926.85,225,0,16909350
NIFTY-I.NFO,19/02/2025,09:37:23,22927,22925.55,75,22928,75,525,16909350
NIFTY-I.NFO,19/02/2025,09:37:25,22929,22925.5,3000,22929.9,75,150,16909350
NIFTY-I.NFO,19/02/2025,09:37:27,22929,22925.5,3000,22929.85,75,0,16909350
NIFTY-I.NFO,19/02/2025,09:37:28,22930,22925.5,2700,22929.9,75,75,16909350
NIFTY-I.NFO,19/02/2025,09:37:30,22929.65,22925.5,3000,22927.25,75,75,16909350
NIFTY-I.NFO,19/02/2025,09:37:32,22929.45,22925.5,3000,22929.25,75,300,16909350
NIFTY-I.NFO,19/02/2025,09:37:33,22927.85,22925.5,2400,22928.35,150,600,16909350
NIFTY-I.NFO,19/02/2025,09:37:35,22925.5,22926,75,22927.9,300,375,16909350
NIFTY-I.NFO,19/02/2025,09:37:37,22928.95,22925.55,75,22929.05,75,600,16909350
NIFTY-I.NFO,19/02/2025,09:37:38,22927.95,22925.5,2475,22927.2,75,75,16909350
NIFTY-I.NFO,19/02/2025,09:37:40,22927.95,22926.35,75,22930,525,0,16909350
NIFTY-I.NFO,19/02/2025,09:37:42,22927,22926.45,150,22930,525,225,16909350
NIFTY-I.NFO,19/02/2025,09:37:43,22931.1,22926.7,375,22931.05,150,1650,16909350
NIFTY-I.NFO,19/02/2025,09:37:45,22932,22927.75,150,22932.85,225,3600,16909350
NIFTY-I.NFO,19/02/2025,09:37:47,22928.35,22926.5,450,22927.95,75,150,16909350
NIFTY-I.NFO,19/02/2025,09:37:48,22928.55,22926.5,75,22928.75,75,2625,16909350
NIFTY-I.NFO,19/02/2025,09:37:50,22928.55,22926.5,75,22930.45,75,0,16909350
NIFTY-I.NFO,19/02/2025,09:37:52,22926.2,22926.2,75,22930.5,900,225,16909350
NIFTY-I.NFO,19/02/2025,09:37:53,22926.2,22928.45,75,22930.5,900,0,16909350
NIFTY-I.NFO,19/02/2025,09:37:55,22928.9,22928.15,75,22930.5,900,75,16909350
NIFTY-I.NFO,19/02/2025,09:37:57,22930.5,22929.25,375,22930.5,525,375,16909350
NIFTY-I.NFO,19/02/2025,09:37:58,22930.4,22928.1,75,22930.5,750,450,16909350
NIFTY-I.NFO,19/02/2025,09:38:00,22930.4,22928,225,22930.5,825,0,16909350
NIFTY-I.NFO,19/02/2025,09:38:02,22931.95,22930.5,150,22931.95,75,900,16909350
NIFTY-I.NFO,19/02/2025,09:38:03,22930.5,22928,75,22930,75,150,16909350
NIFTY-I.NFO,19/02/2025,09:38:05,22930,22930,75,22930.4,75,225,16909350
NIFTY-I.NFO,19/02/2025,09:38:07,22927.8,22927.55,75,22932,1125,600,16909350
NIFTY-I.NFO,19/02/2025,09:38:08,22928.85,22930,75,22932,1125,75,16909350
NIFTY-I.NFO,19/02/2025,09:38:10,22930.5,22930,75,22932,1050,150,16909350
NIFTY-I.NFO,19/02/2025,09:38:12,22931.95,22929.05,150,22931.95,375,225,16909350
NIFTY-I.NFO,19/02/2025,09:38:13,22932,22929.8,75,22931.95,150,525,16909350
NIFTY-I.NFO,19/02/2025,09:38:15,22932,22929.1,75,22932,525,750,16909350
NIFTY-I.NFO,19/02/2025,09:38:17,22932.95,22930.1,450,22933,75,600,16909350
NIFTY-I.NFO,19/02/2025,09:38:18,22930.95,22930.55,375,22934.95,75,975,16909350
NIFTY-I.NFO,19/02/2025,09:38:20,22933,22930.05,75,22934.75,75,300,16909350
NIFTY-I.NFO,19/02/2025,09:38:22,22930.95,22930,75,22934.8,375,2850,16909350
NIFTY-I.NFO,19/02/2025,09:38:23,22931,22929.5,450,22932.95,150,225,16909350
NIFTY-I.NFO,19/02/2025,09:38:25,22932.95,22929.1,75,22933.8,375,150,16909350
NIFTY-I.NFO,19/02/2025,09:38:27,22933.8,22930.6,375,22933,75,75,16909350
NIFTY-I.NFO,19/02/2025,09:38:28,22933,22930.5,75,22933.8,300,150,16909350
NIFTY-I.NFO,19/02/2025,09:38:30,22933,22932.95,75,22933,75,450,16909350
NIFTY-I.NFO,19/02/2025,09:38:32,22930.8,22930.55,300,22933.8,225,450,16909350
NIFTY-I.NFO,19/02/2025,09:38:33,22930.8,22930.25,225,22933.8,225,0,16909350
NIFTY-I.NFO,19/02/2025,09:38:35,22933.8,22930.85,75,22933.8,150,150,16909350
NIFTY-I.NFO,19/02/2025,09:38:37,22931.3,22931.45,75,22933.8,225,300,16909350
NIFTY-I.NFO,19/02/2025,09:38:38,22933.8,22930.75,450,22934,75,2100,16909350
NIFTY-I.NFO,19/02/2025,09:38:38,22937,22930.75,450,22934,75,0,16909350
NIFTY-I.NFO,19/02/2025,09:38:40,22934,22932.8,225,22937,75,75,16909350
NIFTY-I.NFO,19/02/2025,09:38:42,22937,22934,1050,22937.4,75,150,16909350
NIFTY-I.NFO,19/02/2025,09:38:43,22934,22934,1125,22936.2,150,675,16909350
NIFTY-I.NFO,19/02/2025,09:38:45,22938.65,22934.3,75,22938.9,75,1500,16909350
NIFTY-I.NFO,19/02/2025,09:38:45,22938.65,22934.3,75,22938.9,75,0,16909350
NIFTY-I.NFO,19/02/2025,09:38:47,22934,22934,675,22937.6,75,225,16909350
NIFTY-I.NFO,19/02/2025,09:38:48,22934,22934,150,22937.45,150,600,16909350
NIFTY-I.NFO,19/02/2025,09:38:50,22935,22934,525,22934.45,75,300,16909350
NIFTY-I.NFO,19/02/2025,09:38:52,22938,22935,75,22938,75,525,16909350
NIFTY-I.NFO,19/02/2025,09:38:53,22938.95,22935,75,22938.6,225,1125,16909350
NIFTY-I.NFO,19/02/2025,09:38:53,22938.95,22935,75,22938.6,225,0,16909350
NIFTY-I.NFO,19/02/2025,09:38:55,22935,22934.05,375,22938,75,150,16909350
NIFTY-I.NFO,19/02/2025,09:38:57,22935.55,22935.75,75,22938,75,75,16909350
NIFTY-I.NFO,19/02/2025,09:38:58,22939,22935.05,75,22938,75,1350,16909350
NIFTY-I.NFO,19/02/2025,09:38:58,22939,22935.05,75,22938,75,0,16909350
NIFTY-I.NFO,19/02/2025,09:39:00,22939,22935,75,22937.6,75,0,16909350
NIFTY-I.NFO,19/02/2025,09:39:02,22934.25,22934.05,75,22937.45,75,600,16909350
NIFTY-I.NFO,19/02/2025,09:39:03,22939.9,22937.6,75,22939.9,75,1950,16909350
NIFTY-I.NFO,19/02/2025,09:39:03,22939.95,22937.6,75,22939.9,75,0,16909350
NIFTY-I.NFO,19/02/2025,09:39:05,22939.35,22937.6,75,22937.8,75,2775,16909350
NIFTY-I.NFO,19/02/2025,09:39:05,22940.45,22937.6,75,22937.8,75,0,16909350
NIFTY-I.NFO,19/02/2025,09:39:07,22936.5,22937.8,75,22938,75,225,16909350
NIFTY-I.NFO,19/02/2025,09:39:08,22938,22937.45,75,22938,75,225,16909350
NIFTY-I.NFO,19/02/2025,09:39:10,22940.35,22937.45,150,22940.25,225,1050,16909350
NIFTY-I.NFO,19/02/2025,09:39:10,22940.5,22937.45,150,22940.25,225,0,16909350
NIFTY-I.NFO,19/02/2025,09:39:12,22938,22938,675,22939.75,75,450,16909350
NIFTY-I.NFO,19/02/2025,09:39:12,22940.7,22938,675,22939.75,75,0,16909350
NIFTY-I.NFO,19/02/2025,09:39:13,22938,22938,300,22938.2,75,1950,16909350
NIFTY-I.NFO,19/02/2025,09:39:15,22938,22934.6,450,22939.9,150,3075,16909350
NIFTY-I.NFO,19/02/2025,09:39:17,22941,22935.2,450,22940.35,75,525,16909350
NIFTY-I.NFO,19/02/2025,09:39:17,22941,22935.2,450,22940.35,75,0,16909350
NIFTY-I.NFO,19/02/2025,09:39:18,22939.45,22934.3,150,22938.6,75,3075,16909350
NIFTY-I.NFO,19/02/2025,09:39:18,22941.05,22934.3,150,22938.6,75,0,16909350
NIFTY-I.NFO,19/02/2025,09:39:20,22939.65,22934.5,75,22939.75,375,975,16909350
NIFTY-I.NFO,19/02/2025,09:39:22,22938.1,22938,375,22938.35,225,1650,16909350
NIFTY-I.NFO,19/02/2025,09:39:23,22934.6,22934.55,375,22938.65,75,525,16909350
NIFTY-I.NFO,19/02/2025,09:39:25,22938.9,22934.95,750,22939,75,225,16909350
NIFTY-I.NFO,19/02/2025,09:39:27,22938.65,22934.75,75,22938.9,375,1050,16909350
NIFTY-I.NFO,19/02/2025,09:39:28,22939.45,22934.55,75,22939.65,75,1575,16909350
NIFTY-I.NFO,19/02/2025,09:39:30,22939.9,22936.05,75,22940,75,225,16909350
NIFTY-I.NFO,19/02/2025,09:39:32,22939.05,22936.5,150,22941,450,2325,16909350
NIFTY-I.NFO,19/02/2025,09:39:32,22941.15,22936.5,150,22941,450,0,16909350
NIFTY-I.NFO,19/02/2025,09:39:33,22939.75,22935.3,75,22940.7,150,3000,16900425
NIFTY-I.NFO,19/02/2025,09:39:35,22939.75,22936.35,450,22939.05,75,0,16900425
NIFTY-I.NFO,19/02/2025,09:39:37,22940,22939.05,75,22939.85,75,2400,16900425
NIFTY-I.NFO,19/02/2025,09:39:38,22939.95,22935.05,75,22939.75,75,600,16900425
NIFTY-I.NFO,19/02/2025,09:39:40,22939.75,22939.75,375,22940,750,1050,16900425
NIFTY-I.NFO,19/02/2025,09:39:42,22935.3,22935,975,22939.15,75,1575,16900425
NIFTY-I.NFO,19/02/2025,09:39:43,22939.9,22935.15,75,22939.85,150,450,16900425
NIFTY-I.NFO,19/02/2025,09:39:45,22935.25,22935.25,450,22939.65,75,225,16900425
NIFTY-I.NFO,19/02/2025,09:39:47,22935.05,22935.05,75,22939.4,75,2250,16900425
NIFTY-I.NFO,19/02/2025,09:39:49,22939.55,22936.05,75,22939.5,75,825,16900425
NIFTY-I.NFO,19/02/2025,09:39:50,22939.85,22935.2,75,22939.9,150,225,16900425
NIFTY-I.NFO,19/02/2025,09:39:52,22939.85,22935.3,675,22939,75,0,16900425
NIFTY-I.NFO,19/02/2025,09:39:53,22935.2,22935.2,75,22938.3,225,225,16900425
NIFTY-I.NFO,19/02/2025,09:39:55,22935.1,22935,825,22938.3,75,225,16900425
NIFTY-I.NFO,19/02/2025,09:39:57,22935.1,22935,900,22937.85,150,0,16900425
NIFTY-I.NFO,19/02/2025,09:39:58,22938.2,22935,900,22935.25,75,150,16900425
NIFTY-I.NFO,19/02/2025,09:40:00,22935,22935,300,22935.4,150,675,16900425
NIFTY-I.NFO,19/02/2025,09:40:02,22934.15,22934,75,22935.85,150,825,16900425
NIFTY-I.NFO,19/02/2025,09:40:03,22932.1,22932.15,750,22934,75,150,16900425
NIFTY-I.NFO,19/02/2025,09:40:05,22937.95,22933.15,150,22938.05,75,450,16900425
NIFTY-I.NFO,19/02/2025,09:40:07,22932.05,22932.4,75,22935,1425,375,16900425
NIFTY-I.NFO,19/02/2025,09:40:08,22932.3,22932.05,75,22934.15,1800,75,16900425
NIFTY-I.NFO,19/02/2025,09:40:10,22934.15,22934.3,75,22935,1425,1800,16900425
NIFTY-I.NFO,19/02/2025,09:40:12,22933.2,22933.45,75,22935,1425,375,16900425
NIFTY-I.NFO,19/02/2025,09:40:13,22934.3,22933.05,75,22935,1425,225,16900425
NIFTY-I.NFO,19/02/2025,09:40:15,22935,22933.3,300,22935,1200,450,16900425
NIFTY-I.NFO,19/02/2025,09:40:17,22935,22934.15,825,22935,600,600,16900425
NIFTY-I.NFO,19/02/2025,09:40:18,22932.75,22932.35,75,22933,75,225,16900425
NIFTY-I.NFO,19/02/2025,09:40:20,22935,22932.35,225,22937.7,75,675,16900425
NIFTY-I.NFO,19/02/2025,09:40:22,22937.95,22933.45,150,22938,150,225,16900425
NIFTY-I.NFO,19/02/2025,09:40:23,22937.4,22932.1,75,22935,1800,300,16900425
NIFTY-I.NFO,19/02/2025,09:40:25,22932,22932,75,22935,1200,750,16900425
NIFTY-I.NFO,19/02/2025,09:40:27,22932.55,22932.9,75,22935,1125,150,16900425
NIFTY-I.NFO,19/02/2025,09:40:28,22935,22931.9,75,22934.9,75,300,16900425
NIFTY-I.NFO,19/02/2025,09:40:30,22935,22932.55,525,22935,675,300,16900425
NIFTY-I.NFO,19/02/2025,09:40:32,22935,22932.55,525,22935,750,0,16900425
NIFTY-I.NFO,19/02/2025,09:40:35,22935,22934,300,22935,975,75,16900425
NIFTY-I.NFO,19/02/2025,09:40:37,22934.15,22934.5,75,22935,975,75,16900425
NIFTY-I.NFO,19/02/2025,09:40:38,22934.9,22934.9,300,22937,75,3000,16900425
NIFTY-I.NFO,19/02/2025,09:40:40,22937,22937,150,22938,150,150,16900425
NIFTY-I.NFO,19/02/2025,09:40:42,22937,22937,75,22938,150,75,16900425
NIFTY-I.NFO,19/02/2025,09:40:43,22938,22938,150,22939,75,525,16900425
NIFTY-I.NFO,19/02/2025,09:40:45,22940,22935,300,22937.5,375,675,16900425
NIFTY-I.NFO,19/02/2025,09:40:47,22940,22939,150,22940,300,450,16900425
NIFTY-I.NFO,19/02/2025,09:40:48,22936,22935.9,75,22936.6,75,525,16900425
NIFTY-I.NFO,19/02/2025,09:40:50,22936.6,22936.6,150,22939.55,75,75,16900425
NIFTY-I.NFO,19/02/2025,09:40:52,22935,22936.05,75,22938,75,375,16900425
NIFTY-I.NFO,19/02/2025,09:40:53,22936,22936,150,22939.45,75,300,16900425
NIFTY-I.NFO,19/02/2025,09:40:55,22940.95,22936,150,22940.25,150,1050,16900425
NIFTY-I.NFO,19/02/2025,09:40:55,22941.25,22936,150,22940.25,150,0,16900425
NIFTY-I.NFO,19/02/2025,09:40:57,22936.3,22936.95,750,22941.5,75,225,16900425
NIFTY-I.NFO,19/02/2025,09:40:58,22936.05,22936,450,22939.7,75,300,16900425
NIFTY-I.NFO,19/02/2025,09:41:00,22933.35,22934.65,75,22939.45,150,1500,16900425
NIFTY-I.NFO,19/02/2025,09:41:02,22933.35,22935,150,22935.9,75,0,16900425
NIFTY-I.NFO,19/02/2025,09:41:03,22935,22934,75,22934.5,75,225,16900425
NIFTY-I.NFO,19/02/2025,09:41:05,22932.55,22932.55,225,22935.2,75,150,16900425
NIFTY-I.NFO,19/02/2025,09:41:07,22936,22932.55,150,22932.8,75,825,16900425
NIFTY-I.NFO,19/02/2025,09:41:08,22933,22932,225,22932.9,75,600,16900425
NIFTY-I.NFO,19/02/2025,09:41:10,22932.8,22932,225,22932.8,75,75,16900425
NIFTY-I.NFO,19/02/2025,09:41:12,22932,22932,75,22932.45,75,300,16900425
NIFTY-I.NFO,19/02/2025,09:41:13,22931.1,22930.05,150,22931.7,75,600,16900425
NIFTY-I.NFO,19/02/2025,09:41:15,22930.05,22930.05,75,22933.25,75,300,16900425
NIFTY-I.NFO,19/02/2025,09:41:17,22933.2,22930,1650,22932.95,75,75,16900425
NIFTY-I.NFO,19/02/2025,09:41:18,22933.7,22930.75,75,22933,75,525,16900425
NIFTY-I.NFO,19/02/2025,09:41:20,22933.7,22931.3,750,22933,75,0,16900425
NIFTY-I.NFO,19/02/2025,09:41:22,22931.3,22931.7,675,22933,75,150,16900425
NIFTY-I.NFO,19/02/2025,09:41:23,22930.2,22930.15,75,22932,300,75,16900425
NIFTY-I.NFO,19/02/2025,09:41:25,22930.35,22930.35,150,22932,300,225,16900425
NIFTY-I.NFO,19/02/2025,09:41:27,22931.3,22930.15,375,22930.35,150,375,16900425
NIFTY-I.NFO,19/02/2025,09:41:28,22930.35,22930.15,675,22932,300,150,16900425
NIFTY-I.NFO,19/02/2025,09:41:30,22930.35,22930.35,75,22931,2100,0,16900425
NIFTY-I.NFO,19/02/2025,09:41:32,22931,22930.35,75,22931,2025,150,16900425
NIFTY-I.NFO,19/02/2025,09:41:33,22931,22930.35,75,22931,2025,0,16900425
NIFTY-I.NFO,19/02/2025,09:41:35,22930,22929,75,22930,1650,1425,16900425
NIFTY-I.NFO,19/02/2025,09:41:37,22930,22929,75,22929.95,75,0,16900425
NIFTY-I.NFO,19/02/2025,09:41:38,22930,22929,75,22930,3300,225,16900425
NIFTY-I.NFO,19/02/2025,09:41:40,22930,22929,75,22930,3300,0,16900425
NIFTY-I.NFO,19/02/2025,09:41:42,22930,22929,75,22930,3000,300,16900425
NIFTY-I.NFO,19/02/2025,09:41:43,22929,22928.55,75,22929.2,75,75,16900425
NIFTY-I.NFO,19/02/2025,09:41:45,22927.05,22927.05,75,22928.95,75,375,16900425
NIFTY-I.NFO,19/02/2025,09:41:47,22928.9,22925.05,75,22929,1050,2400,16900425
NIFTY-I.NFO,19/02/2025,09:41:48,22929,22925,1200,22928.95,75,1350,16900425
NIFTY-I.NFO,19/02/2025,09:41:50,22929.5,22925.7,375,22929.95,75,2025,16900425
NIFTY-I.NFO,19/02/2025,09:41:52,22925.6,22925,375,22928,75,450,16900425
NIFTY-I.NFO,19/02/2025,09:41:53,22925.05,22925,300,22928.9,75,225,16900425
NIFTY-I.NFO,19/02/2025,09:41:55,22925,22925,225,22928,75,75,16900425
NIFTY-I.NFO,19/02/2025,09:41:57,22923.1,22923.1,75,22925,150,375,16900425
NIFTY-I.NFO,19/02/2025,09:41:58,22925,22925,75,22925.6,75,225,16900425
NIFTY-I.NFO,19/02/2025,09:42:00,22925.1,22923.1,450,22925.6,75,1350,16900425
NIFTY-I.NFO,19/02/2025,09:42:02,22921.05,22923.3,75,22928,75,3150,16900425
NIFTY-I.NFO,19/02/2025,09:42:04,22922.85,22923.7,300,22928,75,150,16900425
NIFTY-I.NFO,19/02/2025,09:42:05,22925.25,22926.5,75,22928.9,75,75,16900425
NIFTY-I.NFO,19/02/2025,09:42:07,22926.3,22926.5,225,22929,75,300,16900425
NIFTY-I.NFO,19/02/2025,09:42:09,22929,22928.9,75,22929.75,300,75,16900425
NIFTY-I.NFO,19/02/2025,09:42:10,22927.3,22928.9,225,22929.7,75,150,16900425
NIFTY-I.NFO,19/02/2025,09:42:12,22927.75,22925,375,22929.1,150,300,16900425
NIFTY-I.NFO,19/02/2025,09:42:14,22929.1,22927.65,75,22929.1,75,75,16900425
NIFTY-I.NFO,19/02/2025,09:42:15,22928.9,22928.9,975,22929.1,75,75,16900425
NIFTY-I.NFO,19/02/2025,09:42:17,22928.9,22928.9,975,22929.05,225,0,16900425
NIFTY-I.NFO,19/02/2025,09:42:19,22928.9,22928.9,975,22929,75,0,16900425
NIFTY-I.NFO,19/02/2025,09:42:20,22928.9,22925,375,22928.95,75,1950,16900425
NIFTY-I.NFO,19/02/2025,09:42:22,22925,22924.2,675,22925,75,525,16900425
NIFTY-I.NFO,19/02/2025,09:42:24,22924.85,22924.4,75,22928.9,75,975,16900425
NIFTY-I.NFO,19/02/2025,09:42:25,22924.85,22925.1,375,22928.9,150,0,16900425
NIFTY-I.NFO,19/02/2025,09:42:27,22926.5,22924.7,750,22928.8,75,75,16900425
NIFTY-I.NFO,19/02/2025,09:42:29,22926.5,22924,75,22928.8,75,0,16900425
NIFTY-I.NFO,19/02/2025,09:42:30,22922.05,22922.05,75,22926.5,75,225,16900425
NIFTY-I.NFO,19/02/2025,09:42:32,22926.5,22925,75,22926.45,75,75,16900425
NIFTY-I.NFO,19/02/2025,09:42:34,22925,22924,75,22925,150,225,16900425
NIFTY-I.NFO,19/02/2025,09:42:35,22925.05,22924,75,22924.75,75,525,16900425
NIFTY-I.NFO,19/02/2025,09:42:37,22924.75,22922,75,22924.15,75,600,16900425
NIFTY-I.NFO,19/02/2025,09:42:39,22923.45,22922.05,75,22922.8,300,150,16900425
NIFTY-I.NFO,19/02/2025,09:42:40,22920,22917.7,75,22919.9,75,3225,16900425
NIFTY-I.NFO,19/02/2025,09:42:42,22922.8,22919.9,75,22924.35,150,75,16900425
NIFTY-I.NFO,19/02/2025,09:42:44,22920.6,22920.15,75,22922,525,300,16900425
NIFTY-I.NFO,19/02/2025,09:42:45,22920,22919.5,75,22921.95,150,750,16900425
NIFTY-I.NFO,19/02/2025,09:42:47,22920.7,22918.8,75,22921,300,450,16900425
NIFTY-I.NFO,19/02/2025,09:42:49,22917.8,22917.4,525,22921,600,1200,16900425
NIFTY-I.NFO,19/02/2025,09:42:50,22917.5,22917.2,375,22920,300,75,16900425
NIFTY-I.NFO,19/02/2025,09:42:52,22917.5,22918.15,75,22920,675,0,16900425
NIFTY-I.NFO,19/02/2025,09:42:54,22917.5,22918.15,75,22919,300,0,16900425
NIFTY-I.NFO,19/02/2025,09:42:55,22918,22917.55,75,22919,300,75,16900425
NIFTY-I.NFO,19/02/2025,09:42:57,22920,22919.85,150,22919.95,75,1875,16900425
NIFTY-I.NFO,19/02/2025,09:42:59,22919.85,22919.8,150,22919.85,75,600,16900425
NIFTY-I.NFO,19/02/2025,09:43:00,22921.45,22921.45,150,22922,225,1200,16900425
NIFTY-I.NFO,19/02/2025,09:43:02,22929.6,22925.9,300,22929.45,75,5175,16900425
NIFTY-I.NFO,19/02/2025,09:43:04,22925.95,22925.95,75,22929.45,150,525,16900425
NIFTY-I.NFO,19/02/2025,09:43:05,22929.45,22925.95,75,22929.45,75,75,16900425
NIFTY-I.NFO,19/02/2025,09:43:07,22925.95,22924.25,75,22928.5,150,375,16900425
NIFTY-I.NFO,19/02/2025,09:43:09,22925.95,22924.25,75,22926.95,150,0,16900425
NIFTY-I.NFO,19/02/2025,09:43:10,22925.95,22925.4,750,22928,300,0,16900425
NIFTY-I.NFO,19/02/2025,09:43:12,22925.95,22925.9,75,22928,300,0,16900425
NIFTY-I.NFO,19/02/2025,09:43:14,22925.95,22925.95,75,22927.95,75,0,16900425
NIFTY-I.NFO,19/02/2025,09:43:15,22925.95,22925.95,75,22928,375,0,16900425
NIFTY-I.NFO,19/02/2025,09:43:17,22925.95,22925.9,75,22925.95,525,75,16900425
NIFTY-I.NFO,19/02/2025,09:43:18,22925.95,22925.9,75,22925.95,375,225,16900425
NIFTY-I.NFO,19/02/2025,09:43:20,22925.9,22925,75,22925.95,300,225,16900425
NIFTY-I.NFO,19/02/2025,09:43:22,22925,22924.75,75,22925.95,300,75,16900425
NIFTY-I.NFO,19/02/2025,09:43:23,22925.95,22926.1,1275,22928,375,300,16900425
NIFTY-I.NFO,19/02/2025,09:43:25,22928,22927.1,150,22928,225,150,16900425
NIFTY-I.NFO,19/02/2025,09:43:27,22927.2,22927.3,150,22928,150,300,16900425
NIFTY-I.NFO,19/02/2025,09:43:28,22929.75,22929.75,150,22929.9,75,1125,16900425
NIFTY-I.NFO,19/02/2025,09:43:30,22930,22929.95,75,22930,9450,675,16900425
NIFTY-I.NFO,19/02/2025,09:43:32,22931.45,22931.5,75,22933,75,9825,16900425
NIFTY-I.NFO,19/02/2025,09:43:33,22933,22931.7,75,22934,75,75,16900425
NIFTY-I.NFO,19/02/2025,09:43:35,22930,22931,375,22934,75,1800,16900425
NIFTY-I.NFO,19/02/2025,09:43:36,22934.85,22931.15,525,22934.85,225,300,16900425
NIFTY-I.NFO,19/02/2025,09:43:38,22930.85,22932.1,150,22934.85,225,150,16900425
NIFTY-I.NFO,19/02/2025,09:43:40,22930.85,22932.1,150,22933,300,0,16900425
NIFTY-I.NFO,19/02/2025,09:43:41,22933,22932.1,150,22933,225,75,16900425
NIFTY-I.NFO,19/02/2025,09:43:43,22935,22934.95,675,22935.5,75,1800,16900425
NIFTY-I.NFO,19/02/2025,09:43:45,22936.75,22936.75,75,22938,75,750,16900425
NIFTY-I.NFO,19/02/2025,09:43:46,22942,22941.6,825,22942.9,75,1500,16900425
NIFTY-I.NFO,19/02/2025,09:43:46,22942,22941.6,825,22942.9,75,0,16900425
NIFTY-I.NFO,19/02/2025,09:43:48,22945,22944.65,300,22945,225,1500,16900425
NIFTY-I.NFO,19/02/2025,09:43:48,22945,22944.65,300,22945,225,0,16900425
NIFTY-I.NFO,19/02/2025,09:43:50,22948,22946.95,225,22947.2,75,825,16900425
NIFTY-I.NFO,19/02/2025,09:43:50,22948,22946.95,225,22947.2,75,0,16900425
NIFTY-I.NFO,19/02/2025,09:43:51,22947,22944.8,150,22947.95,150,1575,16900425
NIFTY-I.NFO,19/02/2025,09:43:53,22947.95,22944.85,150,22947.95,75,150,16900425
NIFTY-I.NFO,19/02/2025,09:43:55,22947,22945.15,75,22947,225,150,16900425
NIFTY-I.NFO,19/02/2025,09:43:56,22947.9,22945.1,150,22948,900,1050,16900425
NIFTY-I.NFO,19/02/2025,09:43:58,22945.05,22945.05,75,22948,675,1200,16900425
NIFTY-I.NFO,19/02/2025,09:44:00,22948.6,22947.9,225,22948.85,75,1050,16900425
NIFTY-I.NFO,19/02/2025,09:44:00,22948.6,22947.9,225,22948.85,75,0,16900425
NIFTY-I.NFO,19/02/2025,09:44:01,22948.05,22947.9,150,22948.85,75,450,16900425
NIFTY-I.NFO,19/02/2025,09:44:03,22947.9,22947.9,75,22949.75,75,750,16900425
NIFTY-I.NFO,19/02/2025,09:44:03,22949.7,22947.9,75,22949.75,75,0,16900425
NIFTY-I.NFO,19/02/2025,09:44:05,22950.85,22950.9,75,22951.8,75,9675,16900425
NIFTY-I.NFO,19/02/2025,09:44:05,22951,22950.9,75,22951.8,75,0,16900425
NIFTY-I.NFO,19/02/2025,09:44:07,22949.75,22949.75,75,22951.4,75,1125,16900425
NIFTY-I.NFO,19/02/2025,09:44:07,22951.8,22949.75,75,22951.4,75,0,16900425
NIFTY-I.NFO,19/02/2025,09:44:08,22950,22945.6,450,22951.45,225,300,16900425
NIFTY-I.NFO,19/02/2025,09:44:08,22952,22945.6,450,22951.45,225,0,16900425
NIFTY-I.NFO,19/02/2025,09:44:10,22949.75,22947,75,22948.8,75,300,16900425
NIFTY-I.NFO,19/02/2025,09:44:12,22949.9,22944.3,75,22949.5,150,450,16900425
NIFTY-I.NFO,19/02/2025,09:44:13,22945,22944.55,150,22949.65,300,450,16900425
NIFTY-I.NFO,19/02/2025,09:44:15,22944.65,22945.6,150,22949.9,75,750,16900425
NIFTY-I.NFO,19/02/2025,09:44:17,22947.95,22944.05,75,22949.35,150,450,16900425
NIFTY-I.NFO,19/02/2025,09:44:18,22944.15,22944.15,75,22948.15,600,75,16900425
NIFTY-I.NFO,19/02/2025,09:44:20,22944.2,22944.75,450,22949,150,300,16900425
NIFTY-I.NFO,19/02/2025,09:44:22,22944.2,22944.1,75,22944.15,75,0,16900425
NIFTY-I.NFO,19/02/2025,09:44:23,22944.7,22944.35,150,22948,150,2100,16900425
NIFTY-I.NFO,19/02/2025,09:44:25,22944.7,22945.45,75,22948,225,0,16900425
NIFTY-I.NFO,19/02/2025,09:44:27,22945.4,22944.6,675,22948,225,150,16900425
NIFTY-I.NFO,19/02/2025,09:44:28,22941.05,22941.45,450,22947.2,450,2175,16900425
NIFTY-I.NFO,19/02/2025,09:44:30,22942.05,22943.1,825,22947,150,75,16900425
NIFTY-I.NFO,19/02/2025,09:44:32,22943.7,22944.1,525,22947,75,675,16900425
NIFTY-I.NFO,19/02/2025,09:44:33,22947,22943.05,75,22947.9,75,75,16900425
NIFTY-I.NFO,19/02/2025,09:44:35,22943.5,22943.25,975,22947.9,75,300,16900425
NIFTY-I.NFO,19/02/2025,09:44:37,22943.5,22944.15,75,22948,300,0,16900425
NIFTY-I.NFO,19/02/2025,09:44:38,22949.65,22944.8,150,22949.55,75,600,16900425
NIFTY-I.NFO,19/02/2025,09:44:40,22949.65,22944.95,150,22949.55,75,0,16900425
NIFTY-I.NFO,19/02/2025,09:44:42,22951.35,22946.1,150,22951.1,150,600,16900425
NIFTY-I.NFO,19/02/2025,09:44:43,22949,22946.65,375,22949,75,150,16900425
NIFTY-I.NFO,19/02/2025,09:44:45,22951.15,22948.1,225,22952,675,300,16900425
NIFTY-I.NFO,19/02/2025,09:44:47,22951.15,22947.95,225,22951.5,75,0,16900425
NIFTY-I.NFO,19/02/2025,09:44:48,22951.15,22947.9,75,22950.05,75,0,16900425
NIFTY-I.NFO,19/02/2025,09:44:50,22951.9,22951.9,525,22952,675,375,16900425
NIFTY-I.NFO,19/02/2025,09:44:52,22951.9,22951.9,300,22952,675,225,16900425
NIFTY-I.NFO,19/02/2025,09:44:53,22951.9,22951.9,300,22952,675,0,16900425
NIFTY-I.NFO,19/02/2025,09:44:55,22952,22951.9,375,22952,300,450,16900425
NIFTY-I.NFO,19/02/2025,09:44:57,22952,22952,2175,22953,150,375,16900425
NIFTY-I.NFO,19/02/2025,09:44:58,22952,22952,2100,22953,150,75,16900425
NIFTY-I.NFO,19/02/2025,09:45:00,22952,22953,300,22954,675,1425,16900425
NIFTY-I.NFO,19/02/2025,09:45:00,22954,22953,300,22954,675,0,16900425
NIFTY-I.NFO,19/02/2025,09:45:02,22952,22952,600,22955.25,75,7200,16900425
NIFTY-I.NFO,19/02/2025,09:45:02,22958.95,22952,600,22955.25,75,0,16900425
NIFTY-I.NFO,19/02/2025,09:45:03,22956.2,22952,450,22956.25,75,675,16900425
NIFTY-I.NFO,19/02/2025,09:45:05,22952,22952,375,22955.2,150,150,16900425
NIFTY-I.NFO,19/02/2025,09:45:07,22956.75,22953.1,75,22956.8,75,825,16900425
NIFTY-I.NFO,19/02/2025,09:45:08,22958.1,22953.1,75,22958.35,75,525,16900425
NIFTY-I.NFO,19/02/2025,09:45:10,22955,22952.6,825,22956,75,375,16900425
NIFTY-I.NFO,19/02/2025,09:45:11,22953.05,22953.7,825,22956.2,75,450,16900425
NIFTY-I.NFO,19/02/2025,09:45:13,22961.05,22960,600,22961.85,75,14775,16900425
NIFTY-I.NFO,19/02/2025,09:45:13,22962.95,22960,600,22961.85,75,0,16900425
NIFTY-I.NFO,19/02/2025,09:45:15,22963.5,22963,900,22963.5,225,600,16900425
NIFTY-I.NFO,19/02/2025,09:45:15,22963.5,22963,900,22963.5,225,0,16900425
NIFTY-I.NFO,19/02/2025,09:45:16,22963.5,22961.05,75,22964,75,1275,16900425
NIFTY-I.NFO,19/02/2025,09:45:18,22965,22964,75,22964.45,150,375,16900425
NIFTY-I.NFO,19/02/2025,09:45:18,22965,22964,75,22964.45,150,0,16900425
NIFTY-I.NFO,19/02/2025,09:45:20,22961.05,22960,300,22962.75,150,375,16900425
NIFTY-I.NFO,19/02/2025,09:45:21,22960,22956.35,75,22961,75,750,16900425
NIFTY-I.NFO,19/02/2025,09:45:23,22961.05,22961,75,22961.05,150,300,16900425
NIFTY-I.NFO,19/02/2025,09:45:25,22961,22960.05,75,22963,75,450,16900425
NIFTY-I.NFO,19/02/2025,09:45:26,22961,22960.1,75,22963,75,0,16900425
NIFTY-I.NFO,19/02/2025,09:45:28,22960,22958,75,22962.15,75,525,16900425
NIFTY-I.NFO,19/02/2025,09:45:30,22958.2,22958.2,75,22961.05,450,450,16900425
NIFTY-I.NFO,19/02/2025,09:45:31,22961.05,22961,150,22961.05,300,225,16900425
NIFTY-I.NFO,19/02/2025,09:45:33,22964,22961.05,75,22964,75,750,16900425
NIFTY-I.NFO,19/02/2025,09:45:35,22961.05,22962.1,150,22964,150,225,16869450
NIFTY-I.NFO,19/02/2025,09:45:36,22961.75,22961.35,225,22964,300,675,16869450
NIFTY-I.NFO,19/02/2025,09:45:38,22963,22961.05,75,22963.5,75,75,16869450
NIFTY-I.NFO,19/02/2025,09:45:40,22963.95,22961.05,150,22962.1,75,150,16869450
NIFTY-I.NFO,19/02/2025,09:45:41,22964,22963,75,22964,75,300,16869450
NIFTY-I.NFO,19/02/2025,09:45:43,22961,22960.05,75,22964,150,300,16869450
NIFTY-I.NFO,19/02/2025,09:45:45,22965,22961.85,75,22964,75,825,16869450
NIFTY-I.NFO,19/02/2025,09:45:46,22963.95,22961.75,450,22964,150,300,16869450
NIFTY-I.NFO,19/02/2025,09:45:48,22961.75,22962.2,75,22964,150,75,16869450
NIFTY-I.NFO,19/02/2025,09:45:50,22961.75,22961.75,300,22964.9,75,450,16869450
NIFTY-I.NFO,19/02/2025,09:45:51,22961.75,22961.75,300,22962.6,75,0,16869450
NIFTY-I.NFO,19/02/2025,09:45:53,22961.75,22961.2,75,22961.75,150,2100,16869450
NIFTY-I.NFO,19/02/2025,09:45:55,22961.75,22961.85,225,22964.7,225,225,16869450
NIFTY-I.NFO,19/02/2025,09:45:56,22964.8,22961.65,75,22965,1650,450,16869450
NIFTY-I.NFO,19/02/2025,09:45:58,22965,22961.55,75,22965,1350,2325,16869450
NIFTY-I.NFO,19/02/2025,09:46:00,22965,22961.45,450,22961.75,150,0,16869450
NIFTY-I.NFO,19/02/2025,09:46:01,22965,22961.55,75,22964.95,75,375,16869450
NIFTY-I.NFO,19/02/2025,09:46:03,22965,22962.5,150,22965,1200,975,16869450
NIFTY-I.NFO,19/02/2025,09:46:05,22965,22963.8,150,22965,675,600,16869450
NIFTY-I.NFO,19/02/2025,09:46:06,22965.65,22965.65,300,22967.8,75,1875,16869450
NIFTY-I.NFO,19/02/2025,09:46:06,22967.15,22965.65,300,22967.8,75,0,16869450
NIFTY-I.NFO,19/02/2025,09:46:08,22968,22963.7,150,22968,75,1275,16869450
NIFTY-I.NFO,19/02/2025,09:46:08,22968,22963.7,150,22968,75,0,16869450
NIFTY-I.NFO,19/02/2025,09:46:10,22964.05,22964.3,75,22968.75,75,375,16869450
NIFTY-I.NFO,19/02/2025,09:46:11,22967,22967.1,225,22969.1,75,525,16869450
NIFTY-I.NFO,19/02/2025,09:46:11,22969,22967.1,225,22969.1,75,0,16869450
NIFTY-I.NFO,19/02/2025,09:46:13,22970,22965.75,75,22970,1575,2100,16869450
NIFTY-I.NFO,19/02/2025,09:46:13,22970,22965.75,75,22970,1575,0,16869450
NIFTY-I.NFO,19/02/2025,09:46:15,22970,22969,75,22970,675,975,16869450
NIFTY-I.NFO,19/02/2025,09:46:17,22967.2,22967.55,300,22970,225,1800,16869450
NIFTY-I.NFO,19/02/2025,09:46:18,22969,22966.55,150,22970,225,225,16869450
NIFTY-I.NFO,19/02/2025,09:46:20,22973.4,22970.25,675,22974.95,75,3000,16869450
NIFTY-I.NFO,19/02/2025,09:46:20,22975,22970.25,675,22974.95,75,0,16869450
NIFTY-I.NFO,19/02/2025,09:46:22,22975,22973,75,22975,2100,375,16869450
NIFTY-I.NFO,19/02/2025,09:46:23,22978.4,22973.45,150,22978.6,150,6375,16869450
NIFTY-I.NFO,19/02/2025,09:46:23,22978.4,22973.45,150,22978.6,150,0,16869450
NIFTY-I.NFO,19/02/2025,09:46:25,22973.55,22970.4,150,22975.4,375,1500,16869450
NIFTY-I.NFO,19/02/2025,09:46:27,22976.5,22971.7,150,22975.7,75,525,16869450
NIFTY-I.NFO,19/02/2025,09:46:28,22974.55,22970.95,225,22977.25,75,1050,16869450
NIFTY-I.NFO,19/02/2025,09:46:30,22977.25,22975,75,22978.85,75,600,16869450
NIFTY-I.NFO,19/02/2025,09:46:32,22978.85,22975,75,22978.8,75,450,16869450
NIFTY-I.NFO,19/02/2025,09:46:32,22979,22975,75,22978.8,75,0,16869450
NIFTY-I.NFO,19/02/2025,09:46:33,22971.85,22972.6,750,22975,75,750,16869450
NIFTY-I.NFO,19/02/2025,09:46:35,22977.5,22971.6,75,22977.5,225,1200,16869450
NIFTY-I.NFO,19/02/2025,09:46:37,22973.15,22972.85,150,22977.9,75,525,16869450
NIFTY-I.NFO,19/02/2025,09:46:38,22978,22973.1,75,22978.4,75,525,16869450
NIFTY-I.NFO,19/02/2025,09:46:40,22972.6,22972.3,75,22977.8,75,675,16869450
NIFTY-I.NFO,19/02/2025,09:46:42,22973.3,22972.45,375,22975,75,225,16869450
NIFTY-I.NFO,19/02/2025,09:46:43,22973.15,22973.4,75,22975,150,225,16869450
NIFTY-I.NFO,19/02/2025,09:46:45,22973.9,22973.4,75,22976.6,75,1275,16869450
NIFTY-I.NFO,19/02/2025,09:46:47,22972.05,22972.1,450,22973,75,825,16869450
NIFTY-I.NFO,19/02/2025,09:46:48,22974.2,22972.05,75,22973.9,75,1575,16869450
NIFTY-I.NFO,19/02/2025,09:46:50,22972.15,22972,150,22974.85,75,525,16869450
NIFTY-I.NFO,19/02/2025,09:46:52,22974.25,22972.05,75,22974.7,300,525,16869450
NIFTY-I.NFO,19/02/2025,09:46:53,22976.1,22972.7,75,22976.2,225,1200,16869450
NIFTY-I.NFO,19/02/2025,09:46:55,22972,22971.15,750,22972,150,975,16869450
NIFTY-I.NFO,19/02/2025,09:46:57,22973,22971.65,75,22972.7,900,525,16869450
NIFTY-I.NFO,19/02/2025,09:46:58,22972.7,22972.7,750,22974,750,1575,16869450
NIFTY-I.NFO,19/02/2025,09:47:00,22974,22972.7,825,22972.8,75,150,16869450
NIFTY-I.NFO,19/02/2025,09:47:02,22973.9,22972,675,22972.7,75,1050,16869450
NIFTY-I.NFO,19/02/2025,09:47:03,22971,22971,75,22971.45,75,300,16869450
NIFTY-I.NFO,19/02/2025,09:47:05,22971.1,22971.1,75,22972.25,75,600,16869450
NIFTY-I.NFO,19/02/2025,09:47:06,22970.05,22970,450,22970.15,75,375,16869450
NIFTY-I.NFO,19/02/2025,09:47:08,22969.8,22969,75,22971.85,300,1500,16869450
NIFTY-I.NFO,19/02/2025,09:47:10,22969,22965.65,225,22969,150,300,16869450
NIFTY-I.NFO,19/02/2025,09:47:11,22969,22966.15,150,22970,225,225,16869450
NIFTY-I.NFO,19/02/2025,09:47:13,22965.2,22966.05,75,22970,300,300,16869450
NIFTY-I.NFO,19/02/2025,09:47:15,22966.5,22966.45,75,22969,75,300,16869450
NIFTY-I.NFO,19/02/2025,09:47:16,22967.35,22966.9,75,22969,75,75,16869450
NIFTY-I.NFO,19/02/2025,09:47:18,22966.1,22965.1,75,22969.85,75,225,16869450
NIFTY-I.NFO,19/02/2025,09:47:20,22966.1,22965.75,75,22969.9,75,0,16869450
NIFTY-I.NFO,19/02/2025,09:47:21,22970,22966.4,150,22970,75,525,16869450
NIFTY-I.NFO,19/02/2025,09:47:23,22966.05,22965.95,75,22969,75,150,16869450
NIFTY-I.NFO,19/02/2025,09:47:25,22966.5,22966.15,75,22970,225,675,16869450
NIFTY-I.NFO,19/02/2025,09:47:26,22965.85,22965.8,75,22969.15,75,600,16869450
NIFTY-I.NFO,19/02/2025,09:47:28,22969,22965.9,75,22970.05,150,300,16869450
NIFTY-I.NFO,19/02/2025,09:47:30,22969.1,22969.1,75,22970.05,75,525,16869450
NIFTY-I.NFO,19/02/2025,09:47:31,22968.25,22970.05,75,22970.35,75,525,16869450
NIFTY-I.NFO,19/02/2025,09:47:33,22971,22970,450,22971,300,300,16869450
NIFTY-I.NFO,19/02/2025,09:47:35,22970.05,22970,225,22971,150,450,16869450
NIFTY-I.NFO,19/02/2025,09:47:36,22971,22970.1,75,22971,75,150,16869450
NIFTY-I.NFO,19/02/2025,09:47:38,22972.25,22970,225,22972.4,300,450,16869450
NIFTY-I.NFO,19/02/2025,09:47:40,22970,22970,225,22972.35,75,600,16869450
NIFTY-I.NFO,19/02/2025,09:47:41,22970,22968.55,75,22972.3,75,300,16869450
NIFTY-I.NFO,19/02/2025,09:47:43,22968.55,22967.4,75,22971.75,150,300,16869450
NIFTY-I.NFO,19/02/2025,09:47:45,22968.55,22970,75,22972.35,150,0,16869450
NIFTY-I.NFO,19/02/2025,09:47:46,22970,22967.4,75,22970,450,375,16869450
NIFTY-I.NFO,19/02/2025,09:47:48,22970,22968.2,975,22970,375,300,16869450
NIFTY-I.NFO,19/02/2025,09:47:50,22970.1,22970.1,75,22972.3,75,450,16869450
NIFTY-I.NFO,19/02/2025,09:47:51,22970,22970,75,22971.55,75,2925,16869450
NIFTY-I.NFO,19/02/2025,09:47:53,22972.3,22968.1,450,22972.4,300,375,16869450
NIFTY-I.NFO,19/02/2025,09:47:55,22972.4,22970.2,150,22972.4,150,225,16869450
NIFTY-I.NFO,19/02/2025,09:47:56,22972,22970.25,75,22972,225,300,16869450
NIFTY-I.NFO,19/02/2025,09:47:58,22972,22971.65,300,22972,75,450,16869450
NIFTY-I.NFO,19/02/2025,09:48:00,22970.95,22971,375,22972,75,375,16869450
NIFTY-I.NFO,19/02/2025,09:48:01,22972.1,22972.1,1125,22974,75,525,16869450
NIFTY-I.NFO,19/02/2025,09:48:03,22972.15,22972.1,1725,22974.95,75,150,16869450
NIFTY-I.NFO,19/02/2025,09:48:05,22976,22972.8,75,22975,150,525,16869450
NIFTY-I.NFO,19/02/2025,09:48:06,22975.05,22975,75,22976,75,225,16869450
NIFTY-I.NFO,19/02/2025,09:48:08,22977,22975,525,22977,75,300,16869450
NIFTY-I.NFO,19/02/2025,09:48:10,22975,22975,150,22977,75,75,16869450
NIFTY-I.NFO,19/02/2025,09:48:11,22975.45,22975,75,22977,75,150,16869450
NIFTY-I.NFO,19/02/2025,09:48:13,22978,22977.15,375,22978,225,300,16869450
NIFTY-I.NFO,19/02/2025,09:48:15,22978,22977.25,225,22978,150,225,16869450
NIFTY-I.NFO,19/02/2025,09:48:16,22984.9,22982,375,22984.9,75,4500,16869450
NIFTY-I.NFO,19/02/2025,09:48:16,22984.9,22982,375,22984.9,75,0,16869450
NIFTY-I.NFO,19/02/2025,09:48:18,22984.9,22982.05,150,22984.75,75,150,16869450
NIFTY-I.NFO,19/02/2025,09:48:20,22981.2,22981.25,150,22982.1,75,2550,16869450
NIFTY-I.NFO,19/02/2025,09:48:20,22985,22981.25,150,22982.1,75,0,16869450
NIFTY-I.NFO,19/02/2025,09:48:21,22980.05,22980.05,750,22981.8,300,975,16869450
NIFTY-I.NFO,19/02/2025,09:48:23,22979.5,22978,225,22982.7,300,2400,16869450
NIFTY-I.NFO,19/02/2025,09:48:25,22980.05,22979.5,150,22984,75,2400,16869450
NIFTY-I.NFO,19/02/2025,09:48:27,22982.05,22980.9,300,22985.95,75,2625,16869450
NIFTY-I.NFO,19/02/2025,09:48:28,22981.45,22985.9,150,22985.95,150,375,16869450
NIFTY-I.NFO,19/02/2025,09:48:28,22986,22985.9,150,22985.95,150,0,16869450
NIFTY-I.NFO,19/02/2025,09:48:30,22986,22986,375,22986.5,75,375,16869450
NIFTY-I.NFO,19/02/2025,09:48:32,22982.4,22981.65,375,22986.8,150,525,16869450
NIFTY-I.NFO,19/02/2025,09:48:33,22986.2,22983,75,22985.95,75,375,16869450
NIFTY-I.NFO,19/02/2025,09:48:33,22986.9,22983,75,22985.95,75,0,16869450
NIFTY-I.NFO,19/02/2025,09:48:35,22982.45,22983.15,75,22986.8,75,225,16872000
NIFTY-I.NFO,19/02/2025,09:48:36,22986.8,22983.3,75,22987,300,375,16872000
NIFTY-I.NFO,19/02/2025,09:48:38,22987,22986.2,75,22987,75,375,16872000
NIFTY-I.NFO,19/02/2025,09:48:38,22987,22986.2,75,22987,75,0,16872000
NIFTY-I.NFO,19/02/2025,09:48:40,22989.95,22988.1,150,22989.95,75,2175,16872000
NIFTY-I.NFO,19/02/2025,09:48:40,22990,22988.1,150,22989.95,75,0,16872000
NIFTY-I.NFO,19/02/2025,09:48:41,22989.9,22987.85,450,22989.95,75,450,16872000
NIFTY-I.NFO,19/02/2025,09:48:43,22987.85,22987.8,75,22990,1425,525,16872000
NIFTY-I.NFO,19/02/2025,09:48:45,22990,22990,150,22990.3,75,1575,16872000
NIFTY-I.NFO,19/02/2025,09:48:45,22990.2,22990,150,22990.3,75,0,16872000
NIFTY-I.NFO,19/02/2025,09:48:46,22992,22990.8,150,22992,75,825,16872000
NIFTY-I.NFO,19/02/2025,09:48:46,22992,22990.8,150,22992,75,0,16872000
NIFTY-I.NFO,19/02/2025,09:48:48,22994,22992.05,225,22994,2250,1050,16872000
NIFTY-I.NFO,19/02/2025,09:48:48,22994,22992.05,225,22994,2250,0,16872000
NIFTY-I.NFO,19/02/2025,09:48:50,22994,22992.1,75,22994,900,1425,16872000
NIFTY-I.NFO,19/02/2025,09:48:51,22992.05,22992,150,22994,75,1125,16872000
NIFTY-I.NFO,19/02/2025,09:48:53,22992.1,22992,225,22994.15,75,375,16872000
NIFTY-I.NFO,19/02/2025,09:48:55,22994,22993,75,22995,1800,375,16872000
NIFTY-I.NFO,19/02/2025,09:48:55,22995,22993,75,22995,1800,0,16872000
NIFTY-I.NFO,19/02/2025,09:48:56,22994,22993,150,22995,1275,675,16872000
NIFTY-I.NFO,19/02/2025,09:48:58,22993,22992.1,75,22993,150,300,16872000
NIFTY-I.NFO,19/02/2025,09:49:00,22995,22994.15,75,22995,675,975,16872000
NIFTY-I.NFO,19/02/2025,09:49:01,23002,23001.05,300,23002.95,75,12450,16872000
NIFTY-I.NFO,19/02/2025,09:49:01,23002,23001.05,300,23002.95,75,0,16872000
NIFTY-I.NFO,19/02/2025,09:49:03,23010,23005.8,75,23012.95,300,31650,16872000
NIFTY-I.NFO,19/02/2025,09:49:03,23014.9,23005.8,75,23012.95,300,0,16872000
NIFTY-I.NFO,19/02/2025,09:49:05,23009.05,23009.2,150,23014.95,150,2175,16872000
NIFTY-I.NFO,19/02/2025,09:49:06,23017.7,23014.55,600,23017.8,75,28575,16872000
NIFTY-I.NFO,19/02/2025,09:49:06,23020.3,23014.55,600,23017.8,75,0,16872000
NIFTY-I.NFO,19/02/2025,09:49:08,23013.8,23012.6,75,23017.85,75,1725,16872000
NIFTY-I.NFO,19/02/2025,09:49:08,23020.35,23012.6,75,23017.85,75,0,16872000
NIFTY-I.NFO,19/02/2025,09:49:10,23016.45,23018,75,23022.7,300,4050,16872000
NIFTY-I.NFO,19/02/2025,09:49:10,23022.3,23018,75,23022.7,300,0,16872000
NIFTY-I.NFO,19/02/2025,09:49:11,23014.85,23014.95,750,23020.6,300,2625,16872000
NIFTY-I.NFO,19/02/2025,09:49:11,23022.8,23014.95,750,23020.6,300,0,16872000
NIFTY-I.NFO,19/02/2025,09:49:13,23015.45,23012.35,225,23014.85,75,1950,16872000
NIFTY-I.NFO,19/02/2025,09:49:15,23009,23009,75,23013.55,75,1425,16872000
NIFTY-I.NFO,19/02/2025,09:49:16,23014,23007.65,75,23012.65,150,2775,16872000
NIFTY-I.NFO,19/02/2025,09:49:18,23008.6,23004.5,150,23010.6,150,225,16872000
NIFTY-I.NFO,19/02/2025,09:49:20,23008.3,23002.05,150,23005.5,150,1650,16872000
NIFTY-I.NFO,19/02/2025,09:49:21,22997.75,22997.55,300,23003.7,375,3075,16872000
NIFTY-I.NFO,19/02/2025,09:49:23,22998.8,22999.35,150,23004.4,75,600,16872000
NIFTY-I.NFO,19/02/2025,09:49:25,23004.5,23004.5,150,23006.7,75,750,16872000
NIFTY-I.NFO,19/02/2025,09:49:26,23008.3,23008.3,150,23008.95,150,825,16872000
NIFTY-I.NFO,19/02/2025,09:49:28,23000.25,23001.3,75,23004.5,75,900,16872000
NIFTY-I.NFO,19/02/2025,09:49:30,23000.25,23000,150,23004.45,75,0,16872000
NIFTY-I.NFO,19/02/2025,09:49:31,22998.65,22998.35,300,23004.35,75,1650,16872000
NIFTY-I.NFO,19/02/2025,09:49:33,22998.5,22998.35,150,23003.8,150,825,16872000
NIFTY-I.NFO,19/02/2025,09:49:35,22999.35,22999.3,75,23004.45,150,675,16872000
NIFTY-I.NFO,19/02/2025,09:49:36,23001.65,23001.25,75,23004.5,150,225,16872000
NIFTY-I.NFO,19/02/2025,09:49:38,23003,23000.5,375,23003,75,225,16872000
NIFTY-I.NFO,19/02/2025,09:49:40,23004,22999.95,75,23004.5,150,525,16872000
NIFTY-I.NFO,19/02/2025,09:49:41,23001.3,23001.3,150,23001.9,75,300,16872000
NIFTY-I.NFO,19/02/2025,09:49:43,23005,23005,150,23005.85,75,975,16872000
NIFTY-I.NFO,19/02/2025,09:49:45,23002.65,23002.65,75,23004.4,75,375,16872000
NIFTY-I.NFO,19/02/2025,09:49:46,23003,23003.5,150,23004,75,75,16872000
NIFTY-I.NFO,19/02/2025,09:49:48,23005.25,23005.25,825,23007.9,75,750,16872000
NIFTY-I.NFO,19/02/2025,09:49:50,23005.25,23005.25,450,23007.95,150,450,16872000
NIFTY-I.NFO,19/02/2025,09:49:51,23007.9,23005.6,675,23008,150,375,16872000
NIFTY-I.NFO,19/02/2025,09:49:53,23007.9,23005.25,375,23007,75,0,16872000
NIFTY-I.NFO,19/02/2025,09:49:55,23007,23004.25,375,23008,150,600,16872000
NIFTY-I.NFO,19/02/2025,09:49:56,23004.65,23003.9,375,23005.25,150,975,16872000
NIFTY-I.NFO,19/02/2025,09:49:58,23005,23003.75,150,23005,300,1050,16872000
