Ticker,Date,Time,LTP,BuyPrice,BuyQty,SellPrice,SellQty,LTQ,OpenInterest
BANKNIFTY-I.NFO,25/11/2024,09:15:00,52000,52000,4605,52050,300,1395,0
BANKNIFTY-I.NFO,25/11/2024,09:15:00,52000,52000,4605,52050,300,0,0
BANKNIFTY-I.NFO,25/11/2024,09:15:00,52000,52000,4605,52050,300,0,0
BANKNIFTY-I.NFO,25/11/2024,09:15:00,52000,52000,4605,52050,300,0,0
BANKNIFTY-I.NFO,25/11/2024,09:15:00,51914.25,51914.2,45,51941.3,75,6075,2388735
BANKNIFTY-I.NFO,25/11/2024,09:15:00,52050,51914.2,45,51941.3,75,0,2388735
BANKNIFTY-I.NFO,25/11/2024,09:15:00,51914.25,51914.2,45,51941.3,75,0,2388735
BANKNIFTY-I.NFO,25/11/2024,09:15:01,51840,51838.55,1020,51840.5,15,9195,2388735
BANKNIFTY-I.NFO,25/11/2024,09:15:01,51838.55,51838.55,1020,51840.5,15,0,2388735
BANKNIFTY-I.NFO,25/11/2024,09:15:02,51750.25,51750.3,15,51783.2,75,6795,2388735
BANKNIFTY-I.NFO,25/11/2024,09:15:02,51750.25,51750.3,15,51783.2,75,0,2388735
BANKNIFTY-I.NFO,25/11/2024,09:15:03,51764.7,51765.2,60,51799.65,45,9285,2388735
BANKNIFTY-I.NFO,25/11/2024,09:15:03,51750.05,51765.2,60,51799.65,45,0,2388735
BANKNIFTY-I.NFO,25/11/2024,09:15:05,51738.65,51738.65,855,51740.1,30,4980,2388735
BANKNIFTY-I.NFO,25/11/2024,09:15:05,51738.65,51738.65,855,51740.1,30,0,2388735
BANKNIFTY-I.NFO,25/11/2024,09:15:06,51748.9,51748.9,525,51757.85,30,3870,2388735
BANKNIFTY-I.NFO,25/11/2024,09:15:06,51720,51748.9,525,51757.85,30,0,2388735
BANKNIFTY-I.NFO,25/11/2024,09:15:08,51763.25,51755.7,15,51764.05,15,3975,2388735
BANKNIFTY-I.NFO,25/11/2024,09:15:09,51791.5,51780.3,75,51792,15,1650,2388735
BANKNIFTY-I.NFO,25/11/2024,09:15:11,51788.1,51788.05,30,51797.95,30,2715,2388735
BANKNIFTY-I.NFO,25/11/2024,09:15:12,51800.4,51800.4,60,51823.85,60,4095,2388735
BANKNIFTY-I.NFO,25/11/2024,09:15:13,51848.15,51838.35,45,51848.2,30,3825,2388735
BANKNIFTY-I.NFO,25/11/2024,09:15:15,51846.6,51840.45,30,51847.45,15,3630,2388735
BANKNIFTY-I.NFO,25/11/2024,09:15:16,51882.85,51861.6,60,51882.7,15,3555,2388735
BANKNIFTY-I.NFO,25/11/2024,09:15:18,51892.45,51873.95,60,51894.75,15,2865,2388735
BANKNIFTY-I.NFO,25/11/2024,09:15:19,51869.1,51869.1,75,51891.45,60,2895,2388735
BANKNIFTY-I.NFO,25/11/2024,09:15:21,51903.05,51897.35,30,51902.9,15,2220,2388735
BANKNIFTY-I.NFO,25/11/2024,09:15:22,51895,51890.05,15,51897.35,15,3270,2388735
BANKNIFTY-I.NFO,25/11/2024,09:15:24,51901.45,51898.6,30,51914,60,1620,2388735
BANKNIFTY-I.NFO,25/11/2024,09:15:25,51939.95,51925.5,15,51940,15,1935,2388735
BANKNIFTY-I.NFO,25/11/2024,09:15:27,51928.25,51928.35,15,51940,15,3075,2388735
BANKNIFTY-I.NFO,25/11/2024,09:15:28,51911.95,51911.9,30,51929.15,120,1140,2388735
BANKNIFTY-I.NFO,25/11/2024,09:15:29,51923.5,51908.85,120,51924.8,60,990,2388735
BANKNIFTY-I.NFO,25/11/2024,09:15:31,51925.6,51924,15,51929.8,75,3000,2388735
BANKNIFTY-I.NFO,25/11/2024,09:15:32,51929.45,51928.15,15,51939.8,15,4830,2388735
BANKNIFTY-I.NFO,25/11/2024,09:15:34,51928.15,51928.1,15,51944.95,120,810,2388735
BANKNIFTY-I.NFO,25/11/2024,09:15:35,51946.1,51945.95,30,51962.65,120,1155,2388735
BANKNIFTY-I.NFO,25/11/2024,09:15:37,51940,51940,420,51953.2,15,1590,2388735
BANKNIFTY-I.NFO,25/11/2024,09:15:38,51917.55,51917.1,60,51934.1,120,1335,2388735
BANKNIFTY-I.NFO,25/11/2024,09:15:39,51940,51930.4,30,51940,1260,945,2388735
BANKNIFTY-I.NFO,25/11/2024,09:15:41,51942.2,51940.8,15,51948.6,60,1800,2388735
BANKNIFTY-I.NFO,25/11/2024,09:15:42,51938.8,51938.95,90,51950.95,15,1800,2388735
BANKNIFTY-I.NFO,25/11/2024,09:15:44,51940,51936.55,15,51940,15,585,2388735
BANKNIFTY-I.NFO,25/11/2024,09:15:45,51944.45,51943.1,75,51950,15,3090,2388735
BANKNIFTY-I.NFO,25/11/2024,09:15:47,51940,51940.1,15,51950,75,690,2388735
BANKNIFTY-I.NFO,25/11/2024,09:15:48,51945,51945.7,75,51958.3,150,3315,2388735
BANKNIFTY-I.NFO,25/11/2024,09:15:50,51943.1,51941.35,15,51943.1,270,645,2388735
BANKNIFTY-I.NFO,25/11/2024,09:15:51,51950.45,51947.8,75,51960,30,990,2388735
BANKNIFTY-I.NFO,25/11/2024,09:15:53,51960,51958.25,75,51973.9,60,2130,2388735
BANKNIFTY-I.NFO,25/11/2024,09:15:54,51961.35,51960.65,75,51975,135,1545,2388735
BANKNIFTY-I.NFO,25/11/2024,09:15:55,51979.2,51967.2,30,51979.2,15,1365,2388735
BANKNIFTY-I.NFO,25/11/2024,09:15:57,51973.2,51974.8,75,51989.35,15,3795,2388735
BANKNIFTY-I.NFO,25/11/2024,09:15:58,51983.95,51984.15,45,51993.95,15,1365,2388735
BANKNIFTY-I.NFO,25/11/2024,09:16:00,52007.55,52004.75,15,52018.85,15,9165,2388735
BANKNIFTY-I.NFO,25/11/2024,09:16:01,52025.8,52025.7,15,52037.35,15,2055,2388735
BANKNIFTY-I.NFO,25/11/2024,09:16:03,52050,52043.15,15,52050,645,2040,2388735
BANKNIFTY-I.NFO,25/11/2024,09:16:04,52066.4,52048.3,120,52064,15,2505,2388735
BANKNIFTY-I.NFO,25/11/2024,09:16:04,52067.1,52048.3,120,52064,15,0,2388735
BANKNIFTY-I.NFO,25/11/2024,09:16:06,52057.7,52041.25,15,52057.9,30,1380,2388735
BANKNIFTY-I.NFO,25/11/2024,09:16:07,52057.9,52047.85,90,52058.3,120,1155,2388735
BANKNIFTY-I.NFO,25/11/2024,09:16:09,52057.5,52056.45,15,52073.6,120,4275,2388735
BANKNIFTY-I.NFO,25/11/2024,09:16:09,52078.4,52056.45,15,52073.6,120,0,2388735
BANKNIFTY-I.NFO,25/11/2024,09:16:10,52051.15,52051.4,30,52067.45,30,4110,2388735
BANKNIFTY-I.NFO,25/11/2024,09:16:10,52079.75,52051.4,30,52067.45,30,0,2388735
BANKNIFTY-I.NFO,25/11/2024,09:16:12,52064.7,52065.25,150,52079,120,1710,2388735
BANKNIFTY-I.NFO,25/11/2024,09:16:13,52079,52079,45,52089.95,15,1905,2388735
BANKNIFTY-I.NFO,25/11/2024,09:16:13,52090,52079,45,52089.95,15,0,2388735
BANKNIFTY-I.NFO,25/11/2024,09:16:15,52103.95,52100.15,15,52103.95,510,5835,2388735
BANKNIFTY-I.NFO,25/11/2024,09:16:15,52103.95,52100.15,15,52103.95,510,0,2388735
BANKNIFTY-I.NFO,25/11/2024,09:16:16,52098.8,52090.45,45,52098.8,15,1635,2388735
BANKNIFTY-I.NFO,25/11/2024,09:16:18,52104.1,52103.15,15,52109.8,15,1260,2388735
BANKNIFTY-I.NFO,25/11/2024,09:16:18,52109.8,52103.15,15,52109.8,15,0,2388735
BANKNIFTY-I.NFO,25/11/2024,09:16:19,52102.15,52102.45,15,52114.95,15,645,2388735
BANKNIFTY-I.NFO,25/11/2024,09:16:19,52111,52102.45,15,52114.95,15,0,2388735
BANKNIFTY-I.NFO,25/11/2024,09:16:21,52095.5,52093.75,30,52100,60,1185,2388735
BANKNIFTY-I.NFO,25/11/2024,09:16:21,52122.3,52093.75,30,52100,60,0,2388735
BANKNIFTY-I.NFO,25/11/2024,09:16:22,52084.3,52083.65,75,52092.95,15,4230,2388735
BANKNIFTY-I.NFO,25/11/2024,09:16:24,52073.85,52070.3,120,52072.8,15,945,2388735
BANKNIFTY-I.NFO,25/11/2024,09:16:26,52063.35,52064.2,135,52078.1,15,1380,2388735
BANKNIFTY-I.NFO,25/11/2024,09:16:27,52102.45,52084.5,120,52101.7,120,6045,2388735
BANKNIFTY-I.NFO,25/11/2024,09:16:29,52077.7,52065.75,15,52077.6,60,900,2388735
BANKNIFTY-I.NFO,25/11/2024,09:16:31,52077.55,52061.05,120,52065.75,15,1875,2388735
BANKNIFTY-I.NFO,25/11/2024,09:16:32,52064.1,52069.05,45,52076.25,15,570,2388735
BANKNIFTY-I.NFO,25/11/2024,09:16:34,52072.6,52063.5,15,52072.6,30,1800,2388735
BANKNIFTY-I.NFO,25/11/2024,09:16:36,52070.15,52058.3,30,52070.15,15,1140,2388735
BANKNIFTY-I.NFO,25/11/2024,09:16:37,52074.95,52057.95,135,52072.55,15,9630,2388735
BANKNIFTY-I.NFO,25/11/2024,09:16:39,52057.9,52053.85,120,52063.45,15,810,2388735
BANKNIFTY-I.NFO,25/11/2024,09:16:41,52054,52054,135,52057.95,120,810,2388735
BANKNIFTY-I.NFO,25/11/2024,09:16:42,52053.15,52052.35,15,52057.9,15,915,2388735
BANKNIFTY-I.NFO,25/11/2024,09:16:44,52055.4,52054.85,15,52057.9,30,1785,2388735
BANKNIFTY-I.NFO,25/11/2024,09:16:46,52040.3,52040.3,45,52050,30,1785,2388735
BANKNIFTY-I.NFO,25/11/2024,09:16:47,52038.95,52028.85,150,52038.95,15,930,2388735
BANKNIFTY-I.NFO,25/11/2024,09:16:49,52053.8,52041.95,60,52050,30,1515,2388735
BANKNIFTY-I.NFO,25/11/2024,09:16:51,52028.35,52032.25,15,52039.95,150,1260,2388735
BANKNIFTY-I.NFO,25/11/2024,09:16:52,52035.15,52035.05,15,52039.95,15,2025,2388735
BANKNIFTY-I.NFO,25/11/2024,09:16:54,52039.1,52039.55,75,52039.95,15,960,2388735
BANKNIFTY-I.NFO,25/11/2024,09:16:56,52043.75,52044.75,45,52050,1335,825,2388735
BANKNIFTY-I.NFO,25/11/2024,09:16:57,52046.35,52046.3,90,52050,1290,690,2388735
BANKNIFTY-I.NFO,25/11/2024,09:16:59,52043.5,52042.7,255,52046.3,15,1215,2388735
BANKNIFTY-I.NFO,25/11/2024,09:17:01,52044.3,52039.95,480,52040.15,45,1725,2388735
BANKNIFTY-I.NFO,25/11/2024,09:17:02,52045,52044.7,75,52050,1665,3600,2388735
BANKNIFTY-I.NFO,25/11/2024,09:17:04,52066.1,52065.9,15,52067.1,15,6090,2388735
BANKNIFTY-I.NFO,25/11/2024,09:17:06,52071.3,52071.2,45,52072.1,15,1725,2388735
BANKNIFTY-I.NFO,25/11/2024,09:17:08,52079.6,52073.25,60,52080,165,1620,2388735
BANKNIFTY-I.NFO,25/11/2024,09:17:09,52076.1,52076.1,30,52080,30,795,2388735
BANKNIFTY-I.NFO,25/11/2024,09:17:11,52075.3,52075.8,75,52076.5,15,915,2388735
BANKNIFTY-I.NFO,25/11/2024,09:17:13,52079.55,52078.35,60,52088,30,1620,2388735
BANKNIFTY-I.NFO,25/11/2024,09:17:14,52084.85,52084.85,15,52088,15,540,2388735
BANKNIFTY-I.NFO,25/11/2024,09:17:16,52081.2,52081.2,180,52082.5,225,1245,2388735
BANKNIFTY-I.NFO,25/11/2024,09:17:18,52082.5,52082.15,30,52082.5,15,1020,2388735
BANKNIFTY-I.NFO,25/11/2024,09:17:19,52081.95,52077.7,15,52082.45,30,420,2357790
BANKNIFTY-I.NFO,25/11/2024,09:17:21,52079.2,52079.35,45,52082.15,15,720,2357790
BANKNIFTY-I.NFO,25/11/2024,09:17:22,52084.05,52084,15,52089.95,15,1770,2357790
BANKNIFTY-I.NFO,25/11/2024,09:17:24,52087.5,52095,30,52098.45,15,630,2357790
BANKNIFTY-I.NFO,25/11/2024,09:17:26,52100,52090.9,15,52095,30,2430,2357790
BANKNIFTY-I.NFO,25/11/2024,09:17:27,52095,52086.4,30,52090.9,15,360,2357790
BANKNIFTY-I.NFO,25/11/2024,09:17:29,52087.2,52087.15,60,52090,15,1605,2357790
BANKNIFTY-I.NFO,25/11/2024,09:17:31,52090.45,52090.8,30,52100,1725,1200,2357790
BANKNIFTY-I.NFO,25/11/2024,09:17:32,52089.6,52090.1,30,52100,1635,1335,2357790
BANKNIFTY-I.NFO,25/11/2024,09:17:34,52088.5,52088.45,120,52090.1,30,495,2357790
BANKNIFTY-I.NFO,25/11/2024,09:17:36,52087.5,52087.5,30,52090,15,1560,2357790
BANKNIFTY-I.NFO,25/11/2024,09:17:37,52087.6,52085.1,15,52087.5,30,1020,2357790
BANKNIFTY-I.NFO,25/11/2024,09:17:39,52099.9,52090.1,45,52099.95,30,1815,2357790
BANKNIFTY-I.NFO,25/11/2024,09:17:41,52085.15,52084.7,15,52090.1,45,510,2357790
BANKNIFTY-I.NFO,25/11/2024,09:17:42,52090,52090,30,52090.1,15,1095,2357790
BANKNIFTY-I.NFO,25/11/2024,09:17:44,52090,52084.45,105,52090,30,390,2357790
BANKNIFTY-I.NFO,25/11/2024,09:17:46,52084.45,52084.65,15,52087.35,15,375,2357790
BANKNIFTY-I.NFO,25/11/2024,09:17:47,52085.45,52084.95,30,52090.1,15,960,2357790
BANKNIFTY-I.NFO,25/11/2024,09:17:49,52084.55,52084.7,75,52097.9,15,1050,2357790
BANKNIFTY-I.NFO,25/11/2024,09:17:51,52086.75,52084.7,60,52086.75,105,735,2357790
BANKNIFTY-I.NFO,25/11/2024,09:17:52,52086.75,52086.85,15,52097.9,30,1560,2357790
BANKNIFTY-I.NFO,25/11/2024,09:17:54,52088.1,52088.8,30,52097.9,15,1170,2357790
BANKNIFTY-I.NFO,25/11/2024,09:17:56,52096.55,52086.65,15,52088.1,15,660,2357790
BANKNIFTY-I.NFO,25/11/2024,09:17:57,52096.55,52092.95,120,52099,30,930,2357790
BANKNIFTY-I.NFO,25/11/2024,09:17:59,52099,52088.25,15,52099,15,2325,2357790
BANKNIFTY-I.NFO,25/11/2024,09:18:01,52100,52096.75,150,52099.95,15,6135,2357790
BANKNIFTY-I.NFO,25/11/2024,09:18:02,52100,52098.85,30,52100,1815,4935,2357790
BANKNIFTY-I.NFO,25/11/2024,09:18:04,52098.85,52098.55,15,52100,45,2925,2357790
BANKNIFTY-I.NFO,25/11/2024,09:18:06,52095.25,52096.7,15,52098.55,15,780,2357790
BANKNIFTY-I.NFO,25/11/2024,09:18:07,52096.7,52096.45,15,52100,60,570,2357790
BANKNIFTY-I.NFO,25/11/2024,09:18:09,52089.8,52090.2,150,52096.45,15,780,2357790
BANKNIFTY-I.NFO,25/11/2024,09:18:11,52086.8,52086.8,150,52090.2,90,960,2357790
BANKNIFTY-I.NFO,25/11/2024,09:18:12,52078.55,52077.7,75,52087.25,15,375,2357790
BANKNIFTY-I.NFO,25/11/2024,09:18:14,52077.65,52075.2,15,52077.7,75,255,2357790
BANKNIFTY-I.NFO,25/11/2024,09:18:16,52079.9,52080.1,15,52091,15,390,2357790
BANKNIFTY-I.NFO,25/11/2024,09:18:17,52082.75,52084.95,15,52087.25,45,105,2357790
BANKNIFTY-I.NFO,25/11/2024,09:18:19,52090.35,52090.3,75,52096.15,15,285,2357790
BANKNIFTY-I.NFO,25/11/2024,09:18:21,52091.1,52092.45,150,52096.65,30,540,2357790
BANKNIFTY-I.NFO,25/11/2024,09:18:22,52091.25,52090.3,30,52096.65,15,465,2357790
BANKNIFTY-I.NFO,25/11/2024,09:18:24,52090.2,52090.15,15,52096.65,15,330,2357790
BANKNIFTY-I.NFO,25/11/2024,09:18:26,52096.65,52091.6,15,52100,720,645,2357790
BANKNIFTY-I.NFO,25/11/2024,09:18:27,52095.1,52095.2,360,52100,705,540,2357790
BANKNIFTY-I.NFO,25/11/2024,09:18:29,52098.55,52097.15,630,52100,615,480,2357790
BANKNIFTY-I.NFO,25/11/2024,09:18:31,52100,52097.8,30,52100,15,1365,2357790
BANKNIFTY-I.NFO,25/11/2024,09:18:32,52097.8,52097.15,465,52100,975,705,2357790
BANKNIFTY-I.NFO,25/11/2024,09:18:34,52100,52095.1,15,52100,60,1620,2357790
BANKNIFTY-I.NFO,25/11/2024,09:18:36,52095.1,52093.95,30,52097.15,150,675,2357790
BANKNIFTY-I.NFO,25/11/2024,09:18:37,52097.15,52096.55,15,52103,15,1140,2357790
BANKNIFTY-I.NFO,25/11/2024,09:18:39,52094.05,52093.2,15,52100,6345,750,2357790
BANKNIFTY-I.NFO,25/11/2024,09:18:41,52096.3,52096.55,30,52100,6495,1545,2357790
BANKNIFTY-I.NFO,25/11/2024,09:18:42,52102.55,52102.9,75,52106.95,15,8010,2357790
BANKNIFTY-I.NFO,25/11/2024,09:18:44,52103.2,52100.1,30,52109.95,15,2745,2357790
BANKNIFTY-I.NFO,25/11/2024,09:18:46,52103.95,52104.55,15,52111,75,240,2357790
BANKNIFTY-I.NFO,25/11/2024,09:18:47,52110.2,52109.85,105,52111,15,1365,2357790
BANKNIFTY-I.NFO,25/11/2024,09:18:49,52116.6,52108.9,15,52116.6,15,1605,2357790
BANKNIFTY-I.NFO,25/11/2024,09:18:51,52119.75,52111.45,75,52119.9,30,855,2357790
BANKNIFTY-I.NFO,25/11/2024,09:18:52,52110.95,52113.55,30,52119.65,15,255,2357790
BANKNIFTY-I.NFO,25/11/2024,09:18:54,52117.4,52116.6,60,52119.9,30,2655,2357790
BANKNIFTY-I.NFO,25/11/2024,09:18:56,52119.9,52115.15,30,52119.9,15,1305,2357790
BANKNIFTY-I.NFO,25/11/2024,09:18:57,52124,52120.5,75,52124,195,2655,2357790
BANKNIFTY-I.NFO,25/11/2024,09:18:57,52124,52120.5,75,52124,195,0,2357790
BANKNIFTY-I.NFO,25/11/2024,09:18:59,52133.3,52130.4,60,52133.3,45,2490,2357790
BANKNIFTY-I.NFO,25/11/2024,09:18:59,52133.3,52130.4,60,52133.3,45,0,2357790
BANKNIFTY-I.NFO,25/11/2024,09:19:01,52140,52137.45,30,52140,225,1305,2357790
BANKNIFTY-I.NFO,25/11/2024,09:19:01,52140,52137.45,30,52140,225,0,2357790
BANKNIFTY-I.NFO,25/11/2024,09:19:02,52141.6,52142.05,30,52150,1680,1995,2357790
BANKNIFTY-I.NFO,25/11/2024,09:19:02,52150,52142.05,30,52150,1680,0,2357790
BANKNIFTY-I.NFO,25/11/2024,09:19:04,52160,52160.1,30,52164,15,2715,2357790
BANKNIFTY-I.NFO,25/11/2024,09:19:04,52162,52160.1,30,52164,15,0,2357790
BANKNIFTY-I.NFO,25/11/2024,09:19:06,52156.75,52156.7,15,52169,15,2415,2357790
BANKNIFTY-I.NFO,25/11/2024,09:19:06,52167.65,52156.7,15,52169,15,0,2357790
BANKNIFTY-I.NFO,25/11/2024,09:19:07,52160.3,52160.2,15,52169.75,30,2625,2357790
BANKNIFTY-I.NFO,25/11/2024,09:19:07,52170,52160.2,15,52169.75,30,0,2357790
BANKNIFTY-I.NFO,25/11/2024,09:19:09,52162.6,52162.45,150,52169.75,15,1560,2357790
BANKNIFTY-I.NFO,25/11/2024,09:19:09,52173,52162.45,150,52169.75,15,0,2357790
BANKNIFTY-I.NFO,25/11/2024,09:19:11,52162.75,52162.05,30,52168,75,840,2357790
BANKNIFTY-I.NFO,25/11/2024,09:19:12,52162.05,52165.2,15,52168,30,615,2357790
BANKNIFTY-I.NFO,25/11/2024,09:19:14,52162.05,52158.7,15,52162.05,45,600,2357790
BANKNIFTY-I.NFO,25/11/2024,09:19:16,52153.35,52155.65,15,52158.7,15,3225,2357790
BANKNIFTY-I.NFO,25/11/2024,09:19:16,52175,52155.65,15,52158.7,15,0,2357790
BANKNIFTY-I.NFO,25/11/2024,09:19:17,52155.65,52146.05,30,52158.65,15,720,2357790
BANKNIFTY-I.NFO,25/11/2024,09:19:19,52158.5,52144.4,15,52154.5,75,1395,2357790
BANKNIFTY-I.NFO,25/11/2024,09:19:21,52144.35,52133,15,52144.4,15,3090,2357790
BANKNIFTY-I.NFO,25/11/2024,09:19:22,52144.4,52144.95,120,52151.85,15,495,2357790
BANKNIFTY-I.NFO,25/11/2024,09:19:24,52140.5,52144.4,15,52151.95,30,1785,2357790
BANKNIFTY-I.NFO,25/11/2024,09:19:26,52148.75,52145.95,15,52151.95,30,315,2357790
BANKNIFTY-I.NFO,25/11/2024,09:19:27,52142.95,52145.1,30,52145.95,15,315,2357790
BANKNIFTY-I.NFO,25/11/2024,09:19:29,52147.8,52149.3,30,52150,75,1665,2357790
BANKNIFTY-I.NFO,25/11/2024,09:19:31,52150,52147.75,375,52150,90,1365,2357790
BANKNIFTY-I.NFO,25/11/2024,09:19:32,52149.45,52149.4,15,52150,75,615,2357790
BANKNIFTY-I.NFO,25/11/2024,09:19:34,52158.45,52150,15,52158.5,15,1200,2357790
BANKNIFTY-I.NFO,25/11/2024,09:19:36,52157.95,52157.95,15,52158.5,30,1110,2357790
BANKNIFTY-I.NFO,25/11/2024,09:19:37,52159.9,52161.7,75,52162.05,15,1035,2357790
BANKNIFTY-I.NFO,25/11/2024,09:19:39,52160,52160,105,52162.05,15,540,2357790
BANKNIFTY-I.NFO,25/11/2024,09:19:41,52165,52163.55,15,52165,45,1005,2357790
BANKNIFTY-I.NFO,25/11/2024,09:19:42,52163.6,52163.65,15,52165,15,1410,2357790
BANKNIFTY-I.NFO,25/11/2024,09:19:44,52161.05,52159.1,60,52165.05,15,5985,2357790
BANKNIFTY-I.NFO,25/11/2024,09:19:46,52160,52157.3,375,52160,60,315,2357790
BANKNIFTY-I.NFO,25/11/2024,09:19:47,52160,52157.35,15,52160,30,1110,2357790
BANKNIFTY-I.NFO,25/11/2024,09:19:49,52163.05,52162.85,15,52168.75,15,930,2357790
BANKNIFTY-I.NFO,25/11/2024,09:19:51,52169.95,52168.25,15,52170,75,1785,2357790
BANKNIFTY-I.NFO,25/11/2024,09:19:52,52170,52162.65,45,52174,15,675,2357790
BANKNIFTY-I.NFO,25/11/2024,09:19:54,52166.55,52167.6,45,52174,15,1575,2357790
BANKNIFTY-I.NFO,25/11/2024,09:19:56,52176.4,52167.35,15,52175,15,930,2357790
BANKNIFTY-I.NFO,25/11/2024,09:19:56,52176.4,52167.35,15,52175,15,0,2357790
BANKNIFTY-I.NFO,25/11/2024,09:19:57,52167.35,52163.1,30,52168.3,45,975,2357790
BANKNIFTY-I.NFO,25/11/2024,09:19:59,52168.3,52165.6,15,52168.3,15,720,2357790
BANKNIFTY-I.NFO,25/11/2024,09:20:01,52167.15,52167.15,30,52168.3,30,990,2357790
BANKNIFTY-I.NFO,25/11/2024,09:20:02,52166.65,52161.3,15,52167.55,15,1050,2357790
BANKNIFTY-I.NFO,25/11/2024,09:20:02,52178.95,52161.3,15,52167.55,15,0,2357790
BANKNIFTY-I.NFO,25/11/2024,09:20:04,52160,52154.35,15,52161.3,45,1170,2357790
BANKNIFTY-I.NFO,25/11/2024,09:20:06,52159.5,52158.85,15,52161.3,30,2595,2357790
BANKNIFTY-I.NFO,25/11/2024,09:20:07,52161.45,52161.35,15,52168.3,15,2325,2357790
BANKNIFTY-I.NFO,25/11/2024,09:20:09,52168.65,52167.95,15,52170,30,3330,2357790
BANKNIFTY-I.NFO,25/11/2024,09:20:11,52170.95,52171,15,52175,795,1770,2357790
BANKNIFTY-I.NFO,25/11/2024,09:20:12,52185,52180.1,15,52184.95,15,4965,2357790
BANKNIFTY-I.NFO,25/11/2024,09:20:12,52185,52180.1,15,52184.95,15,0,2357790
BANKNIFTY-I.NFO,25/11/2024,09:20:14,52191.3,52191.3,60,52192,15,3825,2357790
BANKNIFTY-I.NFO,25/11/2024,09:20:14,52191.3,52191.3,60,52192,15,0,2357790
BANKNIFTY-I.NFO,25/11/2024,09:20:16,52186.25,52186.1,45,52188.05,15,1950,2357790
BANKNIFTY-I.NFO,25/11/2024,09:20:16,52195.8,52186.1,45,52188.05,15,0,2357790
BANKNIFTY-I.NFO,25/11/2024,09:20:17,52186.05,52175,15,52185.7,15,960,2357790
BANKNIFTY-I.NFO,25/11/2024,09:20:19,52169.1,52168.9,15,52170.6,75,855,2357790
BANKNIFTY-I.NFO,25/11/2024,09:20:21,52177.6,52163.95,30,52168.9,15,2550,2303685
BANKNIFTY-I.NFO,25/11/2024,09:20:22,52149.95,52147.2,105,52150,15,630,2303685
BANKNIFTY-I.NFO,25/11/2024,09:20:24,52143.3,52143.6,15,52147.2,210,660,2303685
BANKNIFTY-I.NFO,25/11/2024,09:20:25,52143.6,52142.5,660,52147.2,90,795,2303685
BANKNIFTY-I.NFO,25/11/2024,09:20:27,52134.95,52134.65,30,52146.8,15,1500,2303685
BANKNIFTY-I.NFO,25/11/2024,09:20:29,52130,52128.65,15,52134.65,120,705,2303685
BANKNIFTY-I.NFO,25/11/2024,09:20:30,52129.8,52129.7,45,52134.65,30,735,2303685
BANKNIFTY-I.NFO,25/11/2024,09:20:32,52133.45,52133.9,330,52134.65,45,1755,2303685
BANKNIFTY-I.NFO,25/11/2024,09:20:34,52127.95,52127.05,15,52130,15,405,2303685
BANKNIFTY-I.NFO,25/11/2024,09:20:35,52127.05,52125.4,15,52127.05,15,1665,2303685
BANKNIFTY-I.NFO,25/11/2024,09:20:37,52119.65,52120,30,52129.7,60,750,2303685
BANKNIFTY-I.NFO,25/11/2024,09:20:39,52120.1,52119.3,30,52129.7,45,570,2303685
BANKNIFTY-I.NFO,25/11/2024,09:20:40,52113.2,52106.25,60,52113.2,30,645,2303685
BANKNIFTY-I.NFO,25/11/2024,09:20:42,52100.6,52100.1,30,52112.4,120,795,2303685
BANKNIFTY-I.NFO,25/11/2024,09:20:44,52100.1,52100,285,52107.65,135,315,2303685
BANKNIFTY-I.NFO,25/11/2024,09:20:45,52105.25,52105.2,15,52107.65,15,1725,2303685
BANKNIFTY-I.NFO,25/11/2024,09:20:47,52109.35,52109.35,75,52113.25,15,540,2303685
BANKNIFTY-I.NFO,25/11/2024,09:20:49,52107,52107.1,15,52113.25,15,315,2303685
BANKNIFTY-I.NFO,25/11/2024,09:20:50,52090.65,52090.35,90,52090.65,15,345,2303685
BANKNIFTY-I.NFO,25/11/2024,09:20:52,52090.65,52089.3,75,52090.65,30,225,2303685
BANKNIFTY-I.NFO,25/11/2024,09:20:54,52095.1,52082.95,15,52094.95,120,225,2303685
BANKNIFTY-I.NFO,25/11/2024,09:20:55,52083.35,52081.95,15,52090.15,120,225,2303685
BANKNIFTY-I.NFO,25/11/2024,09:20:57,52075,52070,15,52077.75,135,615,2303685
BANKNIFTY-I.NFO,25/11/2024,09:20:59,52060.7,52063.55,15,52070,30,405,2303685
BANKNIFTY-I.NFO,25/11/2024,09:21:00,52065.2,52065.15,15,52070,30,735,2303685
BANKNIFTY-I.NFO,25/11/2024,09:21:02,52072.3,52072.3,15,52076,15,1500,2303685
BANKNIFTY-I.NFO,25/11/2024,09:21:04,52081.95,52081.85,15,52081.95,30,855,2303685
BANKNIFTY-I.NFO,25/11/2024,09:21:05,52090.65,52081.8,15,52090.6,30,1680,2303685
BANKNIFTY-I.NFO,25/11/2024,09:21:07,52076.15,52073.15,15,52081.8,15,975,2303685
BANKNIFTY-I.NFO,25/11/2024,09:21:08,52078.8,52076.4,30,52083.2,30,480,2303685
BANKNIFTY-I.NFO,25/11/2024,09:21:10,52080.6,52080,180,52083.2,15,2010,2303685
BANKNIFTY-I.NFO,25/11/2024,09:21:12,52080,52073.15,15,52080,30,600,2303685
BANKNIFTY-I.NFO,25/11/2024,09:21:13,52082.55,52082.5,15,52083.2,15,1365,2303685
BANKNIFTY-I.NFO,25/11/2024,09:21:15,52093.8,52088.4,75,52099.25,120,1890,2303685
BANKNIFTY-I.NFO,25/11/2024,09:21:17,52098.9,52095.05,15,52104.45,15,1170,2303685
BANKNIFTY-I.NFO,25/11/2024,09:21:18,52090,52081.25,15,52087.8,195,1200,2303685
BANKNIFTY-I.NFO,25/11/2024,09:21:20,52075.9,52078.5,15,52081.25,15,750,2303685
BANKNIFTY-I.NFO,25/11/2024,09:21:22,52070,52070,105,52078.35,120,360,2303685
BANKNIFTY-I.NFO,25/11/2024,09:21:23,52065.2,52065.2,15,52070,75,480,2303685
BANKNIFTY-I.NFO,25/11/2024,09:21:25,52088.35,52077.45,15,52088.4,15,1125,2303685
BANKNIFTY-I.NFO,25/11/2024,09:21:27,52081.95,52071.65,75,52085.25,120,255,2303685
BANKNIFTY-I.NFO,25/11/2024,09:21:28,52073.45,52072.15,15,52084.2,120,465,2303685
BANKNIFTY-I.NFO,25/11/2024,09:21:30,52072.15,52072,75,52084.2,30,420,2303685
BANKNIFTY-I.NFO,25/11/2024,09:21:32,52071,52065.4,15,52075,150,210,2303685
BANKNIFTY-I.NFO,25/11/2024,09:21:33,52065.45,52065.65,15,52075,30,690,2303685
BANKNIFTY-I.NFO,25/11/2024,09:21:35,52065.4,52060,90,52065.3,15,630,2303685
BANKNIFTY-I.NFO,25/11/2024,09:21:37,52065.3,52054.75,45,52065.4,30,1170,2303685
BANKNIFTY-I.NFO,25/11/2024,09:21:38,52062.6,52061.9,45,52065.4,15,555,2303685
BANKNIFTY-I.NFO,25/11/2024,09:21:40,52050,52050,120,52061.9,30,1320,2303685
BANKNIFTY-I.NFO,25/11/2024,09:21:42,52049.2,52050.25,30,52061.4,30,2745,2303685
BANKNIFTY-I.NFO,25/11/2024,09:21:43,52050.7,52051.2,15,52060,3585,3150,2303685
BANKNIFTY-I.NFO,25/11/2024,09:21:45,52066.75,52065.85,180,52070,15,8400,2303685
BANKNIFTY-I.NFO,25/11/2024,09:21:47,52072.45,52072.4,15,52075,105,1770,2303685
BANKNIFTY-I.NFO,25/11/2024,09:21:48,52066.45,52066.8,90,52075,15,960,2303685
BANKNIFTY-I.NFO,25/11/2024,09:21:50,52054.2,52054.3,75,52065.4,45,330,2303685
BANKNIFTY-I.NFO,25/11/2024,09:21:52,52045,52043.25,15,52053.2,30,360,2303685
BANKNIFTY-I.NFO,25/11/2024,09:21:53,52040,52040,90,52051.2,120,1755,2303685
BANKNIFTY-I.NFO,25/11/2024,09:21:55,52042.75,52044.8,105,52050,150,1260,2303685
BANKNIFTY-I.NFO,25/11/2024,09:21:57,52049.4,52048.1,30,52053.75,375,1140,2303685
BANKNIFTY-I.NFO,25/11/2024,09:22:00,52054.15,52055.15,195,52062.85,15,1725,2303685
BANKNIFTY-I.NFO,25/11/2024,09:22:01,52060.6,52058.2,30,52071.2,15,1125,2303685
BANKNIFTY-I.NFO,25/11/2024,09:22:03,52071.2,52068.2,15,52071.2,30,465,2303685
BANKNIFTY-I.NFO,25/11/2024,09:22:05,52065.4,52065.3,345,52065.4,30,555,2303685
BANKNIFTY-I.NFO,25/11/2024,09:22:06,52080,52071.7,15,52080,855,435,2303685
BANKNIFTY-I.NFO,25/11/2024,09:22:08,52068.75,52062.85,30,52070.35,30,255,2303685
BANKNIFTY-I.NFO,25/11/2024,09:22:10,52070.35,52065.5,45,52071.1,90,1050,2303685
BANKNIFTY-I.NFO,25/11/2024,09:22:11,52060,52060,30,52065.55,15,270,2303685
BANKNIFTY-I.NFO,25/11/2024,09:22:13,52071.2,52068.65,15,52071.2,105,375,2303685
BANKNIFTY-I.NFO,25/11/2024,09:22:15,52080,52071.6,15,52075,30,1095,2303685
BANKNIFTY-I.NFO,25/11/2024,09:22:16,52064.2,52062.6,30,52068.65,60,165,2303685
BANKNIFTY-I.NFO,25/11/2024,09:22:18,52062.15,52062.15,60,52068.65,15,150,2303685
BANKNIFTY-I.NFO,25/11/2024,09:22:20,52056,52055.1,15,52062.15,45,1635,2303685
BANKNIFTY-I.NFO,25/11/2024,09:22:21,52055.05,52045.65,15,52050,75,180,2303685
BANKNIFTY-I.NFO,25/11/2024,09:22:23,52054.8,52053.2,15,52054.8,30,1875,2303685
BANKNIFTY-I.NFO,25/11/2024,09:22:24,52055.65,52058.35,15,52062.15,15,1200,2303685
BANKNIFTY-I.NFO,25/11/2024,09:22:26,52059.35,52059.9,15,52065,90,840,2303685
BANKNIFTY-I.NFO,25/11/2024,09:22:28,52060.6,52061.15,30,52065,30,2370,2303685
BANKNIFTY-I.NFO,25/11/2024,09:22:29,52064.7,52064.7,135,52065,15,540,2303685
BANKNIFTY-I.NFO,25/11/2024,09:22:31,52080,52077,15,52080,780,825,2303685
BANKNIFTY-I.NFO,25/11/2024,09:22:33,52088.35,52083.2,105,52088.35,195,1590,2303685
BANKNIFTY-I.NFO,25/11/2024,09:22:34,52088.35,52083.2,60,52088.35,15,1275,2303685
BANKNIFTY-I.NFO,25/11/2024,09:22:36,52086.65,52080.75,15,52086.65,15,1080,2303685
BANKNIFTY-I.NFO,25/11/2024,09:22:38,52097.6,52090.5,90,52097.5,15,675,2303685
BANKNIFTY-I.NFO,25/11/2024,09:22:39,52097.5,52097.25,15,52097.5,30,270,2303685
BANKNIFTY-I.NFO,25/11/2024,09:22:41,52104.2,52104,15,52105.25,540,1875,2303685
BANKNIFTY-I.NFO,25/11/2024,09:22:43,52104,52102.2,15,52104,15,195,2303685
BANKNIFTY-I.NFO,25/11/2024,09:22:44,52105.25,52107.6,30,52114.9,30,1680,2303685
BANKNIFTY-I.NFO,25/11/2024,09:22:46,52117.95,52114.9,15,52127.6,120,1545,2303685
BANKNIFTY-I.NFO,25/11/2024,09:22:48,52119.95,52118.15,75,52127.45,30,1245,2303685
BANKNIFTY-I.NFO,25/11/2024,09:22:49,52128.95,52109.35,15,52121.3,30,1185,2303685
BANKNIFTY-I.NFO,25/11/2024,09:22:51,52106.2,52104.7,15,52116.7,15,540,2303685
BANKNIFTY-I.NFO,25/11/2024,09:22:53,52104.7,52102.1,15,52104.7,15,720,2303685
BANKNIFTY-I.NFO,25/11/2024,09:22:54,52121.85,52108.9,15,52123,15,1185,2303685
BANKNIFTY-I.NFO,25/11/2024,09:22:56,52115.45,52115.6,15,52124.95,15,1695,2303685
BANKNIFTY-I.NFO,25/11/2024,09:22:57,52124.85,52124.85,15,52128.95,30,1785,2303685
BANKNIFTY-I.NFO,25/11/2024,09:22:59,52132.65,52133.75,30,52146.65,120,855,2303685
BANKNIFTY-I.NFO,25/11/2024,09:23:01,52137.35,52136.5,60,52141.4,15,570,2303685
BANKNIFTY-I.NFO,25/11/2024,09:23:02,52144.65,52131.9,15,52145.3,90,615,2303685
BANKNIFTY-I.NFO,25/11/2024,09:23:04,52150.05,52147.9,15,52155,60,1605,2303685
BANKNIFTY-I.NFO,25/11/2024,09:23:06,52155.25,52155.3,15,52156.95,15,225,2303685
BANKNIFTY-I.NFO,25/11/2024,09:23:07,52154.35,52156.4,45,52165,225,585,2303685
BANKNIFTY-I.NFO,25/11/2024,09:23:09,52161.75,52163.85,30,52170,30,735,2303685
BANKNIFTY-I.NFO,25/11/2024,09:23:11,52152,52150.8,30,52164.95,15,1155,2303685
BANKNIFTY-I.NFO,25/11/2024,09:23:12,52141.95,52144.75,45,52152.1,15,390,2303685
BANKNIFTY-I.NFO,25/11/2024,09:23:14,52161.75,52155.5,30,52167.9,120,495,2303685
BANKNIFTY-I.NFO,25/11/2024,09:23:16,52167.95,52157.15,45,52169.35,300,240,2303685
BANKNIFTY-I.NFO,25/11/2024,09:23:17,52161.5,52161.5,30,52169.3,30,495,2303685
BANKNIFTY-I.NFO,25/11/2024,09:23:19,52169.35,52161,15,52172.05,105,540,2303685
BANKNIFTY-I.NFO,25/11/2024,09:23:20,52158.85,52158.5,45,52161.5,15,630,2279055
BANKNIFTY-I.NFO,25/11/2024,09:23:22,52165,52156.15,30,52165,75,435,2279055
BANKNIFTY-I.NFO,25/11/2024,09:23:24,52164.95,52156.2,30,52164.95,120,435,2279055
BANKNIFTY-I.NFO,25/11/2024,09:23:25,52156.2,52157.65,90,52164.95,15,255,2279055
BANKNIFTY-I.NFO,25/11/2024,09:23:27,52170,52165,90,52175,15,540,2279055
BANKNIFTY-I.NFO,25/11/2024,09:23:29,52164.9,52154.55,15,52164.95,15,720,2279055
BANKNIFTY-I.NFO,25/11/2024,09:23:30,52165,52154.55,165,52165,60,405,2279055
BANKNIFTY-I.NFO,25/11/2024,09:23:32,52158.85,52155.45,60,52158.85,30,2130,2279055
BANKNIFTY-I.NFO,25/11/2024,09:23:34,52157.45,52159.05,15,52164,15,1035,2279055
BANKNIFTY-I.NFO,25/11/2024,09:23:35,52159.05,52152,15,52161.95,15,585,2279055
BANKNIFTY-I.NFO,25/11/2024,09:23:37,52154.95,52155.45,15,52161,60,210,2279055
BANKNIFTY-I.NFO,25/11/2024,09:23:38,52156.35,52152,15,52161,45,450,2279055
BANKNIFTY-I.NFO,25/11/2024,09:23:40,52152,52152.85,15,52154.35,150,750,2279055
BANKNIFTY-I.NFO,25/11/2024,09:23:42,52149.8,52153,15,52154.35,30,975,2279055
BANKNIFTY-I.NFO,25/11/2024,09:23:44,52155.45,52155.2,30,52158.85,1785,720,2279055
BANKNIFTY-I.NFO,25/11/2024,09:23:45,52147.65,52149.3,15,52150,45,690,2279055
BANKNIFTY-I.NFO,25/11/2024,09:23:47,52147.8,52142.45,135,52150,105,135,2279055
BANKNIFTY-I.NFO,25/11/2024,09:23:48,52155.2,52150.85,15,52155.2,345,630,2279055
BANKNIFTY-I.NFO,25/11/2024,09:23:50,52154.15,52154.45,75,52155.2,30,735,2279055
BANKNIFTY-I.NFO,25/11/2024,09:23:52,52154.05,52154.35,15,52158.85,735,315,2279055
BANKNIFTY-I.NFO,25/11/2024,09:23:53,52156.75,52156.45,150,52158.85,675,570,2279055
BANKNIFTY-I.NFO,25/11/2024,09:23:55,52149.4,52148.45,75,52150,30,285,2279055
BANKNIFTY-I.NFO,25/11/2024,09:23:57,52153.9,52153.05,15,52158.85,495,840,2279055
BANKNIFTY-I.NFO,25/11/2024,09:23:58,52156.1,52155.95,45,52158.85,495,1785,2279055
BANKNIFTY-I.NFO,25/11/2024,09:24:00,52155.95,52154.45,30,52158.85,510,1035,2279055
BANKNIFTY-I.NFO,25/11/2024,09:24:01,52153.55,52153.55,30,52154,195,930,2279055
BANKNIFTY-I.NFO,25/11/2024,09:24:03,52159.65,52158.75,15,52160.1,300,1230,2279055
BANKNIFTY-I.NFO,25/11/2024,09:24:05,52165,52164.9,75,52165,525,1260,2279055
BANKNIFTY-I.NFO,25/11/2024,09:24:06,52185.1,52184.8,30,52190,75,3690,2279055
BANKNIFTY-I.NFO,25/11/2024,09:24:08,52185.7,52185.7,75,52190,30,975,2279055
BANKNIFTY-I.NFO,25/11/2024,09:24:10,52186,52182.2,165,52190,120,1155,2279055
BANKNIFTY-I.NFO,25/11/2024,09:24:10,52196.95,52182.2,165,52190,120,0,2279055
BANKNIFTY-I.NFO,25/11/2024,09:24:11,52183.85,52183.85,30,52184.8,165,390,2279055
BANKNIFTY-I.NFO,25/11/2024,09:24:13,52196.65,52184.55,15,52196.65,60,1260,2279055
BANKNIFTY-I.NFO,25/11/2024,09:24:15,52186.4,52189.65,15,52191.45,15,855,2279055
BANKNIFTY-I.NFO,25/11/2024,09:24:16,52197,52191.4,30,52197,45,570,2279055
BANKNIFTY-I.NFO,25/11/2024,09:24:16,52197,52191.4,30,52197,45,0,2279055
BANKNIFTY-I.NFO,25/11/2024,09:24:18,52186.8,52187.35,90,52197,30,1305,2279055
BANKNIFTY-I.NFO,25/11/2024,09:24:18,52199.9,52187.35,90,52197,30,0,2279055
BANKNIFTY-I.NFO,25/11/2024,09:24:20,52197,52195.4,15,52197,15,390,2279055
BANKNIFTY-I.NFO,25/11/2024,09:24:21,52197,52195.95,15,52197.05,15,585,2279055
BANKNIFTY-I.NFO,25/11/2024,09:24:23,52195,52191.4,15,52199,45,480,2279055
BANKNIFTY-I.NFO,25/11/2024,09:24:24,52199,52193.2,45,52199,45,405,2279055
BANKNIFTY-I.NFO,25/11/2024,09:24:26,52199.9,52197.05,810,52199,30,330,2279055
BANKNIFTY-I.NFO,25/11/2024,09:24:28,52197.05,52197.05,345,52199.9,30,1365,2279055
BANKNIFTY-I.NFO,25/11/2024,09:24:28,52200,52197.05,345,52199.9,30,0,2279055
BANKNIFTY-I.NFO,25/11/2024,09:24:29,52197.05,52196,15,52197.05,285,690,2279055
BANKNIFTY-I.NFO,25/11/2024,09:24:31,52195.95,52195.8,15,52196,15,375,2279055
BANKNIFTY-I.NFO,25/11/2024,09:24:33,52191.85,52191.4,15,52196,15,1935,2279055
BANKNIFTY-I.NFO,25/11/2024,09:24:34,52185.75,52184.55,75,52191.4,15,285,2279055
BANKNIFTY-I.NFO,25/11/2024,09:24:36,52186.65,52188.5,375,52195.95,15,435,2279055
BANKNIFTY-I.NFO,25/11/2024,09:24:37,52196,52196,90,52199,270,300,2279055
BANKNIFTY-I.NFO,25/11/2024,09:24:39,52190.1,52189.45,30,52196,15,210,2279055
BANKNIFTY-I.NFO,25/11/2024,09:24:41,52189.7,52189.7,15,52198.9,15,105,2279055
BANKNIFTY-I.NFO,25/11/2024,09:24:42,52194.05,52193.4,75,52198.95,15,90,2279055
BANKNIFTY-I.NFO,25/11/2024,09:24:44,52195.95,52195.85,390,52198.95,15,150,2279055
BANKNIFTY-I.NFO,25/11/2024,09:24:46,52185.75,52190.1,375,52198.75,15,405,2279055
BANKNIFTY-I.NFO,25/11/2024,09:24:47,52185.9,52185.85,15,52194.9,30,450,2279055
BANKNIFTY-I.NFO,25/11/2024,09:24:49,52191.4,52185.3,300,52194.35,15,780,2279055
BANKNIFTY-I.NFO,25/11/2024,09:24:51,52198.75,52192.3,300,52198.75,30,675,2279055
BANKNIFTY-I.NFO,25/11/2024,09:24:52,52199.9,52196.3,30,52199.95,195,1275,2279055
BANKNIFTY-I.NFO,25/11/2024,09:24:54,52196.55,52196.4,15,52199.95,30,1485,2279055
BANKNIFTY-I.NFO,25/11/2024,09:24:55,52200.45,52199.9,15,52207.8,45,12495,2279055
BANKNIFTY-I.NFO,25/11/2024,09:24:55,52210.1,52199.9,15,52207.8,45,0,2279055
BANKNIFTY-I.NFO,25/11/2024,09:24:57,52206.4,52206.5,150,52207.8,30,915,2279055
BANKNIFTY-I.NFO,25/11/2024,09:24:59,52216.15,52219.65,15,52222,135,3945,2279055
BANKNIFTY-I.NFO,25/11/2024,09:24:59,52222,52219.65,15,52222,135,0,2279055
BANKNIFTY-I.NFO,25/11/2024,09:25:00,52219.65,52206.2,15,52219.65,30,1380,2279055
BANKNIFTY-I.NFO,25/11/2024,09:25:00,52225,52206.2,15,52219.65,30,0,2279055
BANKNIFTY-I.NFO,25/11/2024,09:25:02,52219.65,52215,300,52219.65,30,600,2279055
BANKNIFTY-I.NFO,25/11/2024,09:25:04,52215,52215,105,52220,30,525,2279055
BANKNIFTY-I.NFO,25/11/2024,09:25:05,52220,52215,15,52220,15,375,2279055
BANKNIFTY-I.NFO,25/11/2024,09:25:07,52209.2,52200,30,52209.4,15,375,2279055
BANKNIFTY-I.NFO,25/11/2024,09:25:07,52226.55,52200,30,52209.4,15,0,2279055
BANKNIFTY-I.NFO,25/11/2024,09:25:08,52222.85,52212.65,15,52225,105,2250,2279055
BANKNIFTY-I.NFO,25/11/2024,09:25:10,52224.45,52212.8,375,52224.45,120,285,2279055
BANKNIFTY-I.NFO,25/11/2024,09:25:12,52212.8,52212.8,1800,52223.95,105,180,2279055
BANKNIFTY-I.NFO,25/11/2024,09:25:13,52224,52212.8,1830,52222,15,315,2279055
BANKNIFTY-I.NFO,25/11/2024,09:25:15,52218.25,52212.8,1260,52218.25,15,645,2279055
BANKNIFTY-I.NFO,25/11/2024,09:25:16,52216.7,52220.05,15,52224.1,120,1590,2279055
BANKNIFTY-I.NFO,25/11/2024,09:25:18,52206.65,52203.05,195,52210.75,15,1590,2279055
BANKNIFTY-I.NFO,25/11/2024,09:25:20,52209.2,52205.8,15,52210.75,15,435,2279055
BANKNIFTY-I.NFO,25/11/2024,09:25:21,52200,52206.7,105,52210.75,30,180,2279055
BANKNIFTY-I.NFO,25/11/2024,09:25:23,52212.9,52206.7,15,52212.9,45,30,2279055
BANKNIFTY-I.NFO,25/11/2024,09:25:24,52200,52199.85,15,52200,60,900,2279055
BANKNIFTY-I.NFO,25/11/2024,09:25:26,52181.6,52181.1,15,52191.4,45,1065,2279055
BANKNIFTY-I.NFO,25/11/2024,09:25:28,52177.35,52168.95,30,52173.2,15,1320,2279055
BANKNIFTY-I.NFO,25/11/2024,09:25:29,52154,52153.95,150,52156.05,15,300,2279055
BANKNIFTY-I.NFO,25/11/2024,09:25:31,52150,52150,90,52156.05,15,750,2279055
BANKNIFTY-I.NFO,25/11/2024,09:25:33,52150,52149,15,52156.05,30,870,2279055
BANKNIFTY-I.NFO,25/11/2024,09:25:34,52148.25,52148.25,90,52153.65,60,495,2279055
BANKNIFTY-I.NFO,25/11/2024,09:25:36,52142.7,52142.7,15,52150,195,765,2279055
BANKNIFTY-I.NFO,25/11/2024,09:25:38,52141.35,52140.7,15,52148.25,30,450,2279055
BANKNIFTY-I.NFO,25/11/2024,09:25:39,52125,52124.75,120,52133.65,30,1230,2279055
BANKNIFTY-I.NFO,25/11/2024,09:25:41,52116.05,52122.05,15,52135.95,135,120,2279055
BANKNIFTY-I.NFO,25/11/2024,09:25:43,52128,52129.95,15,52140,15,285,2279055
BANKNIFTY-I.NFO,25/11/2024,09:25:44,52132.8,52132.4,15,52140,15,105,2279055
BANKNIFTY-I.NFO,25/11/2024,09:25:46,52132.4,52132.75,15,52140,45,180,2279055
BANKNIFTY-I.NFO,25/11/2024,09:25:48,52140,52130.7,15,52140.7,15,405,2279055
BANKNIFTY-I.NFO,25/11/2024,09:25:49,52116.75,52119.45,15,52129.95,60,300,2279055
BANKNIFTY-I.NFO,25/11/2024,09:25:51,52106.55,52105,105,52106.55,135,600,2279055
BANKNIFTY-I.NFO,25/11/2024,09:25:53,52105,52105.75,15,52117.95,15,315,2279055
BANKNIFTY-I.NFO,25/11/2024,09:25:54,52106,52105.75,60,52119.3,135,255,2279055
BANKNIFTY-I.NFO,25/11/2024,09:25:56,52103,52100,75,52103.25,45,330,2279055
BANKNIFTY-I.NFO,25/11/2024,09:25:58,52105,52102.75,15,52105,135,375,2279055
BANKNIFTY-I.NFO,25/11/2024,09:25:59,52111.15,52110.75,15,52122.95,15,285,2279055
BANKNIFTY-I.NFO,25/11/2024,09:26:01,52119.9,52106.25,15,52119.9,120,480,2279055
BANKNIFTY-I.NFO,25/11/2024,09:26:03,52109.75,52110.7,15,52120.95,15,105,2279055
BANKNIFTY-I.NFO,25/11/2024,09:26:04,52105.05,52106.4,375,52118.8,120,165,2279055
BANKNIFTY-I.NFO,25/11/2024,09:26:06,52114.45,52119.9,360,52129.95,60,1410,2279055
BANKNIFTY-I.NFO,25/11/2024,09:26:08,52119.9,52119.9,75,52129.95,45,330,2279055
BANKNIFTY-I.NFO,25/11/2024,09:26:09,52125,52119.9,90,52125,225,690,2279055
BANKNIFTY-I.NFO,25/11/2024,09:26:11,52125,52124.65,15,52125,195,255,2279055
BANKNIFTY-I.NFO,25/11/2024,09:26:13,52123.1,52123.65,90,52130,15,795,2279055
BANKNIFTY-I.NFO,25/11/2024,09:26:14,52131.05,52132.25,15,52142.95,165,480,2279055
BANKNIFTY-I.NFO,25/11/2024,09:26:16,52133.65,52134.2,75,52142.95,120,255,2279055
BANKNIFTY-I.NFO,25/11/2024,09:26:18,52144.9,52145.1,15,52148.25,15,1275,2279055
BANKNIFTY-I.NFO,25/11/2024,09:26:19,52150,52149.8,195,52150,105,840,2253465
BANKNIFTY-I.NFO,25/11/2024,09:26:21,52155.05,52154.05,15,52156.65,60,540,2253465
BANKNIFTY-I.NFO,25/11/2024,09:26:23,52156.65,52154.85,90,52156.65,30,150,2253465
BANKNIFTY-I.NFO,25/11/2024,09:26:24,52150.8,52150.85,15,52160,45,1365,2253465
BANKNIFTY-I.NFO,25/11/2024,09:26:26,52148.5,52144.6,45,52150.85,15,90,2253465
BANKNIFTY-I.NFO,25/11/2024,09:26:27,52144.6,52139.45,15,52149.7,15,930,2253465
BANKNIFTY-I.NFO,25/11/2024,09:26:29,52147.25,52148.55,15,52149.75,30,180,2253465
BANKNIFTY-I.NFO,25/11/2024,09:26:31,52146.35,52144.75,30,52147.95,15,330,2253465
BANKNIFTY-I.NFO,25/11/2024,09:26:32,52152.85,52152.85,15,52154.75,465,690,2253465
BANKNIFTY-I.NFO,25/11/2024,09:26:34,52154.45,52153.9,30,52164.85,45,975,2253465
BANKNIFTY-I.NFO,25/11/2024,09:26:36,52159.65,52154.15,15,52164.95,120,105,2253465
BANKNIFTY-I.NFO,25/11/2024,09:26:37,52151.3,52151.3,15,52160.95,15,60,2253465
BANKNIFTY-I.NFO,25/11/2024,09:26:39,52147.15,52139.05,75,52147.2,30,180,2253465
BANKNIFTY-I.NFO,25/11/2024,09:26:41,52125,52120.25,150,52133.3,120,255,2253465
BANKNIFTY-I.NFO,25/11/2024,09:26:42,52127.95,52120.1,15,52128.95,15,60,2253465
BANKNIFTY-I.NFO,25/11/2024,09:26:44,52127.6,52125.8,210,52128.95,15,120,2253465
BANKNIFTY-I.NFO,25/11/2024,09:26:46,52132.15,52131.7,240,52138.85,15,315,2253465
BANKNIFTY-I.NFO,25/11/2024,09:26:47,52138.85,52129.65,15,52138.85,15,450,2253465
BANKNIFTY-I.NFO,25/11/2024,09:26:49,52136.65,52132.5,15,52136.65,45,270,2253465
BANKNIFTY-I.NFO,25/11/2024,09:26:51,52126.35,52126.45,15,52136.65,75,840,2253465
BANKNIFTY-I.NFO,25/11/2024,09:26:52,52126.45,52125.75,30,52132.95,15,930,2253465
BANKNIFTY-I.NFO,25/11/2024,09:26:54,52125.75,52124.05,15,52125.75,30,120,2253465
BANKNIFTY-I.NFO,25/11/2024,09:26:55,52124.9,52120.8,75,52125.75,15,465,2253465
BANKNIFTY-I.NFO,25/11/2024,09:26:57,52124.45,52123.95,30,52124.45,15,60,2253465
BANKNIFTY-I.NFO,25/11/2024,09:26:59,52125.6,52128.85,15,52132,45,255,2253465
BANKNIFTY-I.NFO,25/11/2024,09:27:00,52131.35,52134.9,15,52136.65,285,315,2253465
BANKNIFTY-I.NFO,25/11/2024,09:27:02,52148.5,52138.65,15,52149.4,105,1275,2253465
BANKNIFTY-I.NFO,25/11/2024,09:27:04,52139.05,52139.05,345,52149.4,15,240,2253465
BANKNIFTY-I.NFO,25/11/2024,09:27:05,52140.55,52143.4,15,52150,75,165,2253465
BANKNIFTY-I.NFO,25/11/2024,09:27:07,52144.65,52143.9,15,52145,15,210,2253465
BANKNIFTY-I.NFO,25/11/2024,09:27:09,52145,52145,15,52150,60,465,2253465
BANKNIFTY-I.NFO,25/11/2024,09:27:10,52145,52145,30,52149,15,15,2253465
BANKNIFTY-I.NFO,25/11/2024,09:27:12,52150,52136.7,30,52146.45,15,135,2253465
BANKNIFTY-I.NFO,25/11/2024,09:27:14,52146.45,52144.7,15,52146.45,30,225,2253465
BANKNIFTY-I.NFO,25/11/2024,09:27:15,52144.85,52145.7,15,52146.45,15,360,2253465
BANKNIFTY-I.NFO,25/11/2024,09:27:17,52135.85,52137,120,52148,75,105,2253465
BANKNIFTY-I.NFO,25/11/2024,09:27:19,52137.3,52137,30,52141.15,30,15,2253465
BANKNIFTY-I.NFO,25/11/2024,09:27:20,52136,52130.05,15,52140,105,255,2253465
BANKNIFTY-I.NFO,25/11/2024,09:27:22,52123.5,52125.1,15,52130.05,30,165,2253465
BANKNIFTY-I.NFO,25/11/2024,09:27:24,52130.05,52130.6,90,52140,15,330,2253465
BANKNIFTY-I.NFO,25/11/2024,09:27:25,52137.55,52137,30,52140,45,285,2253465
BANKNIFTY-I.NFO,25/11/2024,09:27:27,52140,52139.95,30,52140,15,255,2253465
BANKNIFTY-I.NFO,25/11/2024,09:27:29,52143.1,52143.1,45,52144.85,105,330,2253465
BANKNIFTY-I.NFO,25/11/2024,09:27:30,52144.85,52142.9,30,52144.85,75,105,2253465
BANKNIFTY-I.NFO,25/11/2024,09:27:32,52145.25,52145.25,15,52148,75,780,2253465
BANKNIFTY-I.NFO,25/11/2024,09:27:33,52145.9,52145.9,15,52148,45,195,2253465
BANKNIFTY-I.NFO,25/11/2024,09:27:35,52154.95,52154.55,30,52156.85,15,1665,2253465
BANKNIFTY-I.NFO,25/11/2024,09:27:37,52150.1,52150.1,30,52154.55,30,675,2253465
BANKNIFTY-I.NFO,25/11/2024,09:27:38,52148.9,52148.9,15,52150,60,195,2253465
BANKNIFTY-I.NFO,25/11/2024,09:27:40,52149.85,52149.6,30,52150,585,1215,2253465
BANKNIFTY-I.NFO,25/11/2024,09:27:42,52149.75,52148.75,15,52149.6,45,765,2253465
BANKNIFTY-I.NFO,25/11/2024,09:27:43,52148.75,52147.95,30,52148.75,30,165,2253465
BANKNIFTY-I.NFO,25/11/2024,09:27:45,52147.95,52147.85,30,52147.95,15,360,2253465
BANKNIFTY-I.NFO,25/11/2024,09:27:47,52154.65,52153.7,15,52160,195,2070,2253465
BANKNIFTY-I.NFO,25/11/2024,09:27:48,52159.1,52158.7,15,52160,75,1365,2253465
BANKNIFTY-I.NFO,25/11/2024,09:27:50,52176.8,52173.6,15,52180.35,15,1935,2253465
BANKNIFTY-I.NFO,25/11/2024,09:27:52,52175.75,52175.75,15,52180.35,30,735,2253465
BANKNIFTY-I.NFO,25/11/2024,09:27:53,52174.7,52175.2,15,52175.75,15,75,2253465
BANKNIFTY-I.NFO,25/11/2024,09:27:55,52175.2,52175,15,52175.2,15,60,2253465
BANKNIFTY-I.NFO,25/11/2024,09:27:57,52183.45,52180.4,15,52187,15,1080,2253465
BANKNIFTY-I.NFO,25/11/2024,09:27:58,52189.95,52187.6,30,52194.95,15,1620,2253465
BANKNIFTY-I.NFO,25/11/2024,09:28:00,52187.6,52192.4,15,52194.95,45,975,2253465
BANKNIFTY-I.NFO,25/11/2024,09:28:02,52189.6,52186.75,15,52192.4,15,240,2253465
BANKNIFTY-I.NFO,25/11/2024,09:28:03,52192.3,52190.5,15,52192.4,30,165,2253465
BANKNIFTY-I.NFO,25/11/2024,09:28:05,52185.45,52183.05,15,52192.4,45,1305,2253465
BANKNIFTY-I.NFO,25/11/2024,09:28:07,52185.85,52185.75,15,52190,60,300,2253465
BANKNIFTY-I.NFO,25/11/2024,09:28:08,52184.15,52184.35,30,52190,120,225,2253465
BANKNIFTY-I.NFO,25/11/2024,09:28:10,52184.3,52173.6,15,52184,75,300,2253465
BANKNIFTY-I.NFO,25/11/2024,09:28:12,52166.85,52163.35,30,52166.85,15,90,2253465
BANKNIFTY-I.NFO,25/11/2024,09:28:13,52166.85,52169.55,225,52173.6,15,675,2253465
BANKNIFTY-I.NFO,25/11/2024,09:28:15,52167.15,52170.15,225,52171.8,15,1005,2253465
BANKNIFTY-I.NFO,25/11/2024,09:28:17,52173.65,52171.75,225,52173.55,30,405,2253465
BANKNIFTY-I.NFO,25/11/2024,09:28:18,52171.85,52171.85,135,52173.55,30,1290,2253465
BANKNIFTY-I.NFO,25/11/2024,09:28:20,52165,52155.05,15,52164.45,15,855,2253465
BANKNIFTY-I.NFO,25/11/2024,09:28:22,52166.85,52164.3,15,52164.45,30,30,2253465
BANKNIFTY-I.NFO,25/11/2024,09:28:23,52169.15,52169.95,15,52170.6,30,510,2253465
BANKNIFTY-I.NFO,25/11/2024,09:28:25,52162.4,52158.05,15,52168.25,45,315,2253465
BANKNIFTY-I.NFO,25/11/2024,09:28:27,52169.95,52157.15,15,52168.25,15,165,2253465
BANKNIFTY-I.NFO,25/11/2024,09:28:28,52162.8,52154.3,60,52162.8,15,75,2253465
BANKNIFTY-I.NFO,25/11/2024,09:28:30,52168.95,52161.7,75,52168.95,60,255,2253465
BANKNIFTY-I.NFO,25/11/2024,09:28:32,52162.8,52165.3,15,52168.95,90,15,2253465
BANKNIFTY-I.NFO,25/11/2024,09:28:33,52167.5,52166.85,15,52169.35,15,720,2253465
BANKNIFTY-I.NFO,25/11/2024,09:28:35,52168.8,52168.2,15,52168.6,15,60,2253465
BANKNIFTY-I.NFO,25/11/2024,09:28:37,52175,52169.65,105,52175.35,15,225,2253465
BANKNIFTY-I.NFO,25/11/2024,09:28:38,52169.65,52169.65,75,52170,15,165,2253465
BANKNIFTY-I.NFO,25/11/2024,09:28:40,52181.95,52168.75,15,52181.95,210,555,2253465
BANKNIFTY-I.NFO,25/11/2024,09:28:41,52168.75,52162.95,120,52176.15,15,225,2253465
BANKNIFTY-I.NFO,25/11/2024,09:28:43,52169.65,52167.7,15,52169.65,135,195,2253465
BANKNIFTY-I.NFO,25/11/2024,09:28:45,52165.15,52163.3,60,52167.7,15,525,2253465
BANKNIFTY-I.NFO,25/11/2024,09:28:46,52159.1,52159.3,15,52167.7,45,375,2253465
BANKNIFTY-I.NFO,25/11/2024,09:28:48,52164.95,52166.6,15,52167.7,30,690,2253465
BANKNIFTY-I.NFO,25/11/2024,09:28:50,52165.9,52163.1,60,52174.85,120,375,2253465
BANKNIFTY-I.NFO,25/11/2024,09:28:51,52180.9,52168.3,90,52174.85,15,90,2253465
BANKNIFTY-I.NFO,25/11/2024,09:28:53,52171.45,52171.3,15,52174.85,15,135,2253465
BANKNIFTY-I.NFO,25/11/2024,09:28:55,52174.85,52174.05,30,52174.85,15,495,2253465
BANKNIFTY-I.NFO,25/11/2024,09:28:56,52169.15,52172.25,15,52172.35,15,105,2253465
BANKNIFTY-I.NFO,25/11/2024,09:28:58,52172.35,52170.75,15,52172.35,30,405,2253465
BANKNIFTY-I.NFO,25/11/2024,09:29:00,52170.75,52166.8,300,52172.35,30,945,2253465
BANKNIFTY-I.NFO,25/11/2024,09:29:01,52172.35,52170.25,15,52172.35,15,435,2253465
BANKNIFTY-I.NFO,25/11/2024,09:29:03,52176,52175.95,15,52181.95,195,1155,2253465
BANKNIFTY-I.NFO,25/11/2024,09:29:04,52175.95,52175.95,15,52180,15,345,2253465
BANKNIFTY-I.NFO,25/11/2024,09:29:06,52175.9,52178.8,15,52180,30,165,2253465
BANKNIFTY-I.NFO,25/11/2024,09:29:08,52186.15,52183.8,15,52188.2,30,1020,2253465
BANKNIFTY-I.NFO,25/11/2024,09:29:09,52187,52187.5,30,52188.2,60,420,2253465
BANKNIFTY-I.NFO,25/11/2024,09:29:11,52188.05,52187.6,45,52188.05,15,780,2253465
BANKNIFTY-I.NFO,25/11/2024,09:29:13,52188.05,52186.65,15,52188.05,30,720,2253465
BANKNIFTY-I.NFO,25/11/2024,09:29:14,52186.5,52182.1,15,52183.6,15,105,2253465
BANKNIFTY-I.NFO,25/11/2024,09:29:16,52183.55,52183.45,15,52183.6,15,150,2253465
BANKNIFTY-I.NFO,25/11/2024,09:29:18,52188.95,52180.45,15,52189.45,45,405,2253465
BANKNIFTY-I.NFO,25/11/2024,09:29:19,52185.4,52186.3,15,52189.45,30,150,2253465
BANKNIFTY-I.NFO,25/11/2024,09:29:21,52180.45,52183.4,15,52186.3,15,465,2237370
BANKNIFTY-I.NFO,25/11/2024,09:29:23,52186.15,52185.15,45,52186.15,135,180,2237370
BANKNIFTY-I.NFO,25/11/2024,09:29:24,52185.15,52180,360,52185,360,45,2237370
BANKNIFTY-I.NFO,25/11/2024,09:29:26,52180,52180,375,52183.95,15,30,2237370
BANKNIFTY-I.NFO,25/11/2024,09:29:28,52180.05,52181.25,15,52184,135,480,2237370
BANKNIFTY-I.NFO,25/11/2024,09:29:29,52181.2,52176.7,60,52184,75,315,2237370
BANKNIFTY-I.NFO,25/11/2024,09:29:31,52176.7,52170.75,15,52176.7,15,15,2237370
BANKNIFTY-I.NFO,25/11/2024,09:29:33,52174,52173.05,15,52181.25,105,75,2237370
BANKNIFTY-I.NFO,25/11/2024,09:29:34,52166.45,52162.15,15,52169.95,120,435,2237370
BANKNIFTY-I.NFO,25/11/2024,09:29:36,52166.45,52166.55,15,52178,15,30,2237370
BANKNIFTY-I.NFO,25/11/2024,09:29:38,52172.2,52171.95,15,52180,210,300,2237370
BANKNIFTY-I.NFO,25/11/2024,09:29:39,52173,52171.65,15,52179.95,120,165,2237370
BANKNIFTY-I.NFO,25/11/2024,09:29:41,52171.65,52166.45,30,52171.65,210,45,2237370
BANKNIFTY-I.NFO,25/11/2024,09:29:43,52151,52150,120,52158.7,120,300,2237370
BANKNIFTY-I.NFO,25/11/2024,09:29:44,52150.85,52156.05,15,52161.85,90,300,2237370
BANKNIFTY-I.NFO,25/11/2024,09:29:46,52160,52155.55,75,52160,60,165,2237370
BANKNIFTY-I.NFO,25/11/2024,09:29:48,52156.05,52152.65,60,52162.15,15,150,2237370
BANKNIFTY-I.NFO,25/11/2024,09:29:49,52160,52150.15,15,52160,105,75,2237370
BANKNIFTY-I.NFO,25/11/2024,09:29:51,52157.95,52150.05,15,52158,90,60,2237370
BANKNIFTY-I.NFO,25/11/2024,09:29:53,52155.55,52145,600,52155.55,30,60,2237370
BANKNIFTY-I.NFO,25/11/2024,09:29:54,52145.7,52145,360,52156.8,15,480,2237370
BANKNIFTY-I.NFO,25/11/2024,09:29:56,52145.7,52152.35,15,52159,15,0,2237370
BANKNIFTY-I.NFO,25/11/2024,09:29:58,52143.95,52147.3,45,52159.95,15,2775,2237370
BANKNIFTY-I.NFO,25/11/2024,09:29:59,52155.55,52147.9,75,52155,90,45,2237370
BANKNIFTY-I.NFO,25/11/2024,09:30:01,52152.45,52149.05,15,52160.5,105,840,2237370
BANKNIFTY-I.NFO,25/11/2024,09:30:03,52146.95,52141.1,30,52151.5,75,90,2237370
BANKNIFTY-I.NFO,25/11/2024,09:30:04,52158.3,52143.4,15,52159.85,15,660,2237370
BANKNIFTY-I.NFO,25/11/2024,09:30:06,52144.25,52143.4,30,52150,15,60,2237370
BANKNIFTY-I.NFO,25/11/2024,09:30:08,52163.25,52147.75,120,52163.9,15,1470,2237370
BANKNIFTY-I.NFO,25/11/2024,09:30:09,52144.25,52142.15,15,52157.7,15,60,2237370
BANKNIFTY-I.NFO,25/11/2024,09:30:11,52164.95,52150.05,30,52166.55,15,45,2237370
BANKNIFTY-I.NFO,25/11/2024,09:30:13,52161.05,52161.1,15,52175,60,1035,2237370
BANKNIFTY-I.NFO,25/11/2024,09:30:14,52150.25,52156.15,15,52171.3,90,195,2237370
BANKNIFTY-I.NFO,25/11/2024,09:30:16,52161.1,52160.2,45,52171.3,30,195,2237370
BANKNIFTY-I.NFO,25/11/2024,09:30:18,52151.4,52151.4,15,52165.45,120,570,2237370
BANKNIFTY-I.NFO,25/11/2024,09:30:19,52160.75,52160.85,105,52165.45,15,1185,2237370
BANKNIFTY-I.NFO,25/11/2024,09:30:21,52161.1,52160.8,855,52173.5,120,435,2237370
BANKNIFTY-I.NFO,25/11/2024,09:30:23,52169.2,52169.2,15,52173.5,15,390,2237370
BANKNIFTY-I.NFO,25/11/2024,09:30:24,52169.2,52169.2,15,52173.5,30,135,2237370
BANKNIFTY-I.NFO,25/11/2024,09:30:26,52160.8,52160.8,810,52167.75,15,300,2237370
BANKNIFTY-I.NFO,25/11/2024,09:30:28,52167.75,52160.8,765,52167.75,15,195,2237370
BANKNIFTY-I.NFO,25/11/2024,09:30:29,52162.7,52160.8,1560,52167.75,15,165,2237370
BANKNIFTY-I.NFO,25/11/2024,09:30:31,52160.8,52152,90,52160.8,15,1785,2237370
BANKNIFTY-I.NFO,25/11/2024,09:30:33,52151.3,52151.3,150,52152,90,150,2237370
BANKNIFTY-I.NFO,25/11/2024,09:30:34,52140,52135,30,52147.35,15,345,2237370
BANKNIFTY-I.NFO,25/11/2024,09:30:36,52135,52133.4,15,52135,75,480,2237370
BANKNIFTY-I.NFO,25/11/2024,09:30:38,52147.8,52145.35,45,52152,30,615,2237370
BANKNIFTY-I.NFO,25/11/2024,09:30:39,52145.3,52145.3,1155,52152,15,180,2237370
BANKNIFTY-I.NFO,25/11/2024,09:30:41,52134.65,52135.2,15,52146.45,15,3105,2237370
BANKNIFTY-I.NFO,25/11/2024,09:30:43,52135.2,52130.6,180,52135.2,15,165,2237370
BANKNIFTY-I.NFO,25/11/2024,09:30:44,52130,52128.05,15,52130,135,60,2237370
BANKNIFTY-I.NFO,25/11/2024,09:30:46,52124.35,52123.1,15,52128.05,15,300,2237370
BANKNIFTY-I.NFO,25/11/2024,09:30:48,52127.15,52127.35,75,52130,165,1215,2237370
BANKNIFTY-I.NFO,25/11/2024,09:30:49,52127.2,52127.2,2565,52127.35,75,675,2237370
BANKNIFTY-I.NFO,25/11/2024,09:30:51,52127.2,52127.2,2280,52127.25,15,720,2237370
BANKNIFTY-I.NFO,25/11/2024,09:30:53,52126.7,52117.75,15,52126.75,15,2400,2237370
BANKNIFTY-I.NFO,25/11/2024,09:30:54,52113.55,52111,30,52113.55,30,135,2237370
BANKNIFTY-I.NFO,25/11/2024,09:30:56,52111,52108.75,75,52117.75,180,600,2237370
BANKNIFTY-I.NFO,25/11/2024,09:30:58,52113.4,52113.15,60,52117.75,105,780,2237370
BANKNIFTY-I.NFO,25/11/2024,09:30:59,52120.2,52121.2,45,52125,15,930,2237370
BANKNIFTY-I.NFO,25/11/2024,09:31:01,52117.7,52115.65,45,52123.7,30,390,2237370
BANKNIFTY-I.NFO,25/11/2024,09:31:03,52118.5,52117.75,15,52118.5,15,180,2237370
BANKNIFTY-I.NFO,25/11/2024,09:31:04,52115.65,52115.85,75,52117.75,15,225,2237370
BANKNIFTY-I.NFO,25/11/2024,09:31:06,52115.65,52115.65,1950,52117.75,15,675,2237370
BANKNIFTY-I.NFO,25/11/2024,09:31:08,52118.65,52118.65,60,52123.7,30,975,2237370
BANKNIFTY-I.NFO,25/11/2024,09:31:09,52128.95,52128.55,45,52130,375,450,2237370
BANKNIFTY-I.NFO,25/11/2024,09:31:11,52135.2,52134.45,75,52145,30,825,2237370
BANKNIFTY-I.NFO,25/11/2024,09:31:13,52134.45,52138.7,75,52145,30,75,2237370
BANKNIFTY-I.NFO,25/11/2024,09:31:14,52138.25,52140.1,75,52145,15,255,2237370
BANKNIFTY-I.NFO,25/11/2024,09:31:16,52140.1,52140.1,1605,52145,30,255,2237370
BANKNIFTY-I.NFO,25/11/2024,09:31:17,52140.1,52140.1,1470,52145.25,30,135,2237370
BANKNIFTY-I.NFO,25/11/2024,09:31:19,52145.3,52143.3,15,52147.8,15,345,2237370
BANKNIFTY-I.NFO,25/11/2024,09:31:21,52145.35,52143.3,45,52147.8,15,585,2237370
BANKNIFTY-I.NFO,25/11/2024,09:31:22,52145.65,52145.2,15,52149,30,825,2237370
BANKNIFTY-I.NFO,25/11/2024,09:31:24,52146.45,52144.9,15,52149,15,330,2237370
BANKNIFTY-I.NFO,25/11/2024,09:31:26,52144.9,52144.9,750,52149,30,195,2237370
BANKNIFTY-I.NFO,25/11/2024,09:31:27,52159.95,52147.2,75,52158.2,15,1020,2237370
BANKNIFTY-I.NFO,25/11/2024,09:31:29,52150,52150,285,52158.05,45,225,2237370
BANKNIFTY-I.NFO,25/11/2024,09:31:31,52156.2,52152.8,60,52158.05,30,645,2237370
BANKNIFTY-I.NFO,25/11/2024,09:31:32,52152.85,52152.85,45,52159.95,30,390,2237370
BANKNIFTY-I.NFO,25/11/2024,09:31:34,52152.8,52152.8,375,52159.95,45,150,2237370
BANKNIFTY-I.NFO,25/11/2024,09:31:36,52152.8,52152.8,1005,52154.15,150,390,2237370
BANKNIFTY-I.NFO,25/11/2024,09:31:37,52162.5,52153.45,45,52154.15,15,585,2237370
BANKNIFTY-I.NFO,25/11/2024,09:31:39,52147.3,52144.55,30,52154.2,30,2490,2237370
BANKNIFTY-I.NFO,25/11/2024,09:31:41,52135.5,52135.2,15,52141.9,120,60,2237370
BANKNIFTY-I.NFO,25/11/2024,09:31:42,52126.85,52126.6,105,52135.2,15,240,2237370
BANKNIFTY-I.NFO,25/11/2024,09:31:44,52129.5,52130.55,30,52140.55,15,420,2237370
BANKNIFTY-I.NFO,25/11/2024,09:31:46,52127.4,52128.15,15,52130.55,30,135,2237370
BANKNIFTY-I.NFO,25/11/2024,09:31:47,52128.35,52128.15,315,52128.35,45,180,2237370
BANKNIFTY-I.NFO,25/11/2024,09:31:49,52120.1,52120,150,52128.35,30,1380,2237370
BANKNIFTY-I.NFO,25/11/2024,09:31:51,52120.25,52118.5,15,52128.35,30,210,2237370
BANKNIFTY-I.NFO,25/11/2024,09:31:52,52118.35,52117.75,60,52118.5,75,60,2237370
BANKNIFTY-I.NFO,25/11/2024,09:31:54,52118.5,52116,15,52118.35,210,150,2237370
BANKNIFTY-I.NFO,25/11/2024,09:31:56,52110.2,52110.15,90,52116,15,1080,2237370
BANKNIFTY-I.NFO,25/11/2024,09:31:57,52122.8,52122.9,15,52136.85,15,1290,2237370
BANKNIFTY-I.NFO,25/11/2024,09:31:59,52131.35,52131.25,15,52136.85,15,930,2237370
BANKNIFTY-I.NFO,25/11/2024,09:32:01,52129.6,52129,30,52136.85,30,255,2237370
BANKNIFTY-I.NFO,25/11/2024,09:32:02,52129.05,52129.05,30,52136.85,30,150,2237370
BANKNIFTY-I.NFO,25/11/2024,09:32:04,52129.1,52129.05,45,52136.85,30,195,2237370
BANKNIFTY-I.NFO,25/11/2024,09:32:06,52126.4,52118.25,15,52129,15,1125,2237370
BANKNIFTY-I.NFO,25/11/2024,09:32:07,52118.25,52118,45,52118.25,15,75,2237370
BANKNIFTY-I.NFO,25/11/2024,09:32:09,52118.3,52118,15,52129.1,15,195,2237370
BANKNIFTY-I.NFO,25/11/2024,09:32:11,52120.3,52124.8,30,52129.1,15,15,2237370
BANKNIFTY-I.NFO,25/11/2024,09:32:12,52124.3,52124.3,15,52129.1,15,300,2237370
BANKNIFTY-I.NFO,25/11/2024,09:32:14,52129.1,52126.6,15,52130,180,135,2237370
BANKNIFTY-I.NFO,25/11/2024,09:32:16,52126.6,52129.1,45,52130,210,285,2237370
BANKNIFTY-I.NFO,25/11/2024,09:32:17,52129.15,52129.15,45,52130,225,105,2237370
BANKNIFTY-I.NFO,25/11/2024,09:32:19,52124.65,52123.45,30,52126.6,15,300,2237370
BANKNIFTY-I.NFO,25/11/2024,09:32:21,52121.95,52122.5,15,52123.45,30,180,2177355
BANKNIFTY-I.NFO,25/11/2024,09:32:22,52120.8,52119,90,52122.5,15,105,2177355
BANKNIFTY-I.NFO,25/11/2024,09:32:24,52119,52118.2,15,52119,15,135,2177355
BANKNIFTY-I.NFO,25/11/2024,09:32:25,52118.2,52118,15,52118.2,15,75,2177355
BANKNIFTY-I.NFO,25/11/2024,09:32:27,52118,52115.5,60,52119,30,120,2177355
BANKNIFTY-I.NFO,25/11/2024,09:32:29,52115,52114.15,15,52115,195,75,2177355
BANKNIFTY-I.NFO,25/11/2024,09:32:30,52115.35,52118.35,15,52120,75,285,2177355
BANKNIFTY-I.NFO,25/11/2024,09:32:32,52120.8,52120.45,15,52126.6,30,135,2177355
BANKNIFTY-I.NFO,25/11/2024,09:32:34,52120.45,52120.45,15,52126.6,45,45,2177355
BANKNIFTY-I.NFO,25/11/2024,09:32:35,52118.35,52115,15,52120.8,30,150,2177355
BANKNIFTY-I.NFO,25/11/2024,09:32:37,52115,52120,30,52120.45,45,45,2177355
BANKNIFTY-I.NFO,25/11/2024,09:32:39,52111.7,52110.4,15,52119.95,15,285,2177355
BANKNIFTY-I.NFO,25/11/2024,09:32:40,52111.45,52110.9,30,52119.9,15,75,2177355
BANKNIFTY-I.NFO,25/11/2024,09:32:42,52110,52110,45,52118.8,30,60,2177355
BANKNIFTY-I.NFO,25/11/2024,09:32:44,52110,52110,30,52118.35,15,30,2177355
BANKNIFTY-I.NFO,25/11/2024,09:32:46,52110,52107,300,52117.15,15,195,2177355
BANKNIFTY-I.NFO,25/11/2024,09:32:47,52102.55,52101.05,60,52105.9,15,285,2177355
BANKNIFTY-I.NFO,25/11/2024,09:32:49,52100,52100,105,52101.05,195,210,2177355
BANKNIFTY-I.NFO,25/11/2024,09:32:51,52088.75,52089.2,30,52100.4,15,330,2177355
BANKNIFTY-I.NFO,25/11/2024,09:32:52,52089.6,52089.45,75,52100.4,15,450,2177355
BANKNIFTY-I.NFO,25/11/2024,09:32:54,52101.05,52101.05,15,52108.6,15,585,2177355
BANKNIFTY-I.NFO,25/11/2024,09:32:56,52112.25,52111.55,15,52118,15,720,2177355
BANKNIFTY-I.NFO,25/11/2024,09:32:57,52108.1,52108.1,75,52111.45,15,300,2177355
BANKNIFTY-I.NFO,25/11/2024,09:32:59,52102,52100.4,45,52105,30,165,2177355
BANKNIFTY-I.NFO,25/11/2024,09:33:00,52097.6,52099.05,15,52100,15,210,2177355
BANKNIFTY-I.NFO,25/11/2024,09:33:02,52105.7,52108.7,15,52111,60,630,2177355
BANKNIFTY-I.NFO,25/11/2024,09:33:04,52108.7,52107.9,75,52118,15,225,2177355
BANKNIFTY-I.NFO,25/11/2024,09:33:05,52107.85,52107.8,15,52107.9,270,210,2177355
BANKNIFTY-I.NFO,25/11/2024,09:33:07,52109.45,52109.35,15,52109.45,90,840,2177355
BANKNIFTY-I.NFO,25/11/2024,09:33:09,52110,52110.15,15,52112.25,15,735,2177355
BANKNIFTY-I.NFO,25/11/2024,09:33:10,52112.25,52111.15,75,52111.55,15,165,2177355
BANKNIFTY-I.NFO,25/11/2024,09:33:12,52111.55,52111.85,15,52118,45,105,2177355
BANKNIFTY-I.NFO,25/11/2024,09:33:14,52118,52112.85,15,52118,15,135,2177355
BANKNIFTY-I.NFO,25/11/2024,09:33:15,52110.7,52112.6,15,52119,45,150,2177355
BANKNIFTY-I.NFO,25/11/2024,09:33:17,52112.6,52113.95,75,52119,15,15,2177355
BANKNIFTY-I.NFO,25/11/2024,09:33:19,52120.1,52119,345,52126.6,30,165,2177355
BANKNIFTY-I.NFO,25/11/2024,09:33:20,52119,52118.75,15,52119,15,375,2177355
BANKNIFTY-I.NFO,25/11/2024,09:33:22,52119,52114.25,15,52119.4,705,45,2177355
BANKNIFTY-I.NFO,25/11/2024,09:33:23,52120.1,52119.8,15,52126.6,30,1125,2177355
BANKNIFTY-I.NFO,25/11/2024,09:33:25,52130,52128,15,52130,135,90,2177355
BANKNIFTY-I.NFO,25/11/2024,09:33:27,52136,52132.7,225,52139.75,15,255,2177355
BANKNIFTY-I.NFO,25/11/2024,09:33:28,52139.75,52129.1,150,52139.8,15,330,2177355
BANKNIFTY-I.NFO,25/11/2024,09:33:30,52144.95,52132,300,52139.8,15,90,2177355
BANKNIFTY-I.NFO,25/11/2024,09:33:32,52131.2,52131.9,75,52143.95,15,1020,2177355
BANKNIFTY-I.NFO,25/11/2024,09:33:33,52132.25,52132.25,30,52136,15,60,2177355
BANKNIFTY-I.NFO,25/11/2024,09:33:35,52145,52132.6,15,52133.85,15,510,2177355
BANKNIFTY-I.NFO,25/11/2024,09:33:36,52132.6,52132.2,60,52136,30,255,2177355
BANKNIFTY-I.NFO,25/11/2024,09:33:38,52133.1,52132.15,15,52143.55,45,45,2177355
BANKNIFTY-I.NFO,25/11/2024,09:33:39,52137,52135.8,15,52140,15,45,2177355
BANKNIFTY-I.NFO,25/11/2024,09:33:41,52136.8,52138.4,15,52140,45,30,2177355
BANKNIFTY-I.NFO,25/11/2024,09:33:43,52138.4,52131.2,15,52139.45,120,510,2177355
BANKNIFTY-I.NFO,25/11/2024,09:33:44,52145,52134.55,60,52139.45,15,285,2177355
BANKNIFTY-I.NFO,25/11/2024,09:33:46,52132,52134.6,15,52139.45,30,360,2177355
BANKNIFTY-I.NFO,25/11/2024,09:33:48,52139.45,52136.6,15,52139.45,30,105,2177355
BANKNIFTY-I.NFO,25/11/2024,09:33:49,52127.15,52126.6,120,52134.45,45,135,2177355
BANKNIFTY-I.NFO,25/11/2024,09:33:51,52113.6,52115,60,52127.4,15,210,2177355
BANKNIFTY-I.NFO,25/11/2024,09:33:52,52128.55,52121.55,15,52128.55,15,615,2177355
BANKNIFTY-I.NFO,25/11/2024,09:33:54,52123,52124.75,75,52132,15,165,2177355
BANKNIFTY-I.NFO,25/11/2024,09:33:56,52125,52125,240,52131.95,120,90,2177355
BANKNIFTY-I.NFO,25/11/2024,09:33:57,52128.95,52118.8,15,52129,15,645,2177355
BANKNIFTY-I.NFO,25/11/2024,09:33:59,52118.3,52115.25,15,52118.8,15,105,2177355
BANKNIFTY-I.NFO,25/11/2024,09:34:01,52116.8,52113.15,30,52115.25,15,120,2177355
BANKNIFTY-I.NFO,25/11/2024,09:34:02,52115.25,52114.6,15,52115.25,15,255,2177355
BANKNIFTY-I.NFO,25/11/2024,09:34:04,52115.25,52115.1,150,52117.25,45,45,2177355
BANKNIFTY-I.NFO,25/11/2024,09:34:06,52111.55,52110,30,52114.2,15,195,2177355
BANKNIFTY-I.NFO,25/11/2024,09:34:07,52108,52105,15,52110,15,45,2177355
BANKNIFTY-I.NFO,25/11/2024,09:34:09,52092,52093.4,45,52105,15,510,2177355
BANKNIFTY-I.NFO,25/11/2024,09:34:10,52102.35,52091.05,15,52104.85,120,180,2177355
BANKNIFTY-I.NFO,25/11/2024,09:34:12,52092.5,52092.5,45,52093.4,345,270,2177355
BANKNIFTY-I.NFO,25/11/2024,09:34:14,52100,52096.6,15,52100,90,1050,2177355
BANKNIFTY-I.NFO,25/11/2024,09:34:15,52097.05,52093.75,150,52099.95,15,465,2177355
BANKNIFTY-I.NFO,25/11/2024,09:34:17,52110,52103.2,30,52110,60,405,2177355
BANKNIFTY-I.NFO,25/11/2024,09:34:19,52110,52104,75,52110,15,90,2177355
BANKNIFTY-I.NFO,25/11/2024,09:34:20,52095.5,52096.65,15,52098.05,15,990,2177355
BANKNIFTY-I.NFO,25/11/2024,09:34:22,52098.05,52097.15,15,52110,30,375,2177355
BANKNIFTY-I.NFO,25/11/2024,09:34:24,52097.2,52097.15,30,52104,30,60,2177355
BANKNIFTY-I.NFO,25/11/2024,09:34:25,52097.15,52092.5,15,52097.15,105,255,2177355
BANKNIFTY-I.NFO,25/11/2024,09:34:27,52092.5,52092.5,30,52097.15,15,135,2177355
BANKNIFTY-I.NFO,25/11/2024,09:34:29,52093,52092.5,30,52100.15,15,150,2177355
BANKNIFTY-I.NFO,25/11/2024,09:34:30,52092,52092,60,52099.75,15,120,2177355
BANKNIFTY-I.NFO,25/11/2024,09:34:32,52093.55,52093.55,15,52093.65,15,120,2177355
BANKNIFTY-I.NFO,25/11/2024,09:34:34,52093.65,52093.55,45,52097.15,15,60,2177355
BANKNIFTY-I.NFO,25/11/2024,09:34:35,52093,52087.85,15,52097,90,180,2177355
BANKNIFTY-I.NFO,25/11/2024,09:34:37,52088,52090.55,15,52097,60,75,2177355
BANKNIFTY-I.NFO,25/11/2024,09:34:39,52087.3,52087.2,15,52097,75,495,2177355
BANKNIFTY-I.NFO,25/11/2024,09:34:40,52087.2,52087.2,15,52097,90,15,2177355
BANKNIFTY-I.NFO,25/11/2024,09:34:42,52084.5,52084.5,315,52097,105,285,2177355
BANKNIFTY-I.NFO,25/11/2024,09:34:43,52084.8,52083.05,15,52084.8,135,405,2177355
BANKNIFTY-I.NFO,25/11/2024,09:34:45,52084.9,52084.75,15,52084.8,30,1035,2177355
BANKNIFTY-I.NFO,25/11/2024,09:34:47,52090.65,52085.9,15,52096.95,45,135,2177355
BANKNIFTY-I.NFO,25/11/2024,09:34:48,52085.9,52084.7,15,52085.9,180,375,2177355
BANKNIFTY-I.NFO,25/11/2024,09:34:50,52097.4,52097,15,52099,30,555,2177355
BANKNIFTY-I.NFO,25/11/2024,09:34:52,52097.35,52097.85,15,52099,60,690,2177355
BANKNIFTY-I.NFO,25/11/2024,09:34:53,52097.85,52097.85,15,52099,45,375,2177355
BANKNIFTY-I.NFO,25/11/2024,09:34:55,52097.85,52090.3,15,52098.05,45,60,2177355
BANKNIFTY-I.NFO,25/11/2024,09:34:57,52096.75,52083.55,15,52085.9,15,645,2177355
BANKNIFTY-I.NFO,25/11/2024,09:34:58,52086,52083.85,30,52085.9,15,255,2177355
BANKNIFTY-I.NFO,25/11/2024,09:35:00,52085.95,52084.9,15,52085.9,15,315,2177355
BANKNIFTY-I.NFO,25/11/2024,09:35:02,52081.7,52080.05,60,52085.85,15,360,2177355
BANKNIFTY-I.NFO,25/11/2024,09:35:03,52080,52080,30,52080.65,30,150,2177355
BANKNIFTY-I.NFO,25/11/2024,09:35:05,52085.85,52080.25,15,52085.85,15,810,2177355
BANKNIFTY-I.NFO,25/11/2024,09:35:07,52090.3,52090.2,15,52090.3,900,720,2177355
BANKNIFTY-I.NFO,25/11/2024,09:35:08,52090.3,52089.85,15,52090.3,645,690,2177355
BANKNIFTY-I.NFO,25/11/2024,09:35:10,52090.3,52089.5,15,52090,60,930,2177355
BANKNIFTY-I.NFO,25/11/2024,09:35:12,52089.5,52087.5,15,52090,15,225,2177355
BANKNIFTY-I.NFO,25/11/2024,09:35:13,52094.7,52085.8,15,52094.85,120,120,2177355
BANKNIFTY-I.NFO,25/11/2024,09:35:15,52087.9,52080.1,15,52087.85,30,120,2177355
BANKNIFTY-I.NFO,25/11/2024,09:35:17,52087.5,52081.65,30,52087.5,75,180,2177355
BANKNIFTY-I.NFO,25/11/2024,09:35:18,52087.5,52078.5,15,52087.5,60,465,2177355
BANKNIFTY-I.NFO,25/11/2024,09:35:20,52088.35,52089.25,15,52091.15,30,195,2177355
BANKNIFTY-I.NFO,25/11/2024,09:35:22,52089.25,52088.95,15,52094.7,30,60,2177355
BANKNIFTY-I.NFO,25/11/2024,09:35:23,52090.45,52092.35,15,52094.7,30,150,2163600
BANKNIFTY-I.NFO,25/11/2024,09:35:25,52092,52091.8,15,52092,345,225,2163600
BANKNIFTY-I.NFO,25/11/2024,09:35:27,52094,52092.2,15,52100,285,1500,2163600
BANKNIFTY-I.NFO,25/11/2024,09:35:28,52096.85,52095.35,15,52100,285,60,2163600
BANKNIFTY-I.NFO,25/11/2024,09:35:30,52098.9,52099.5,15,52100,15,780,2163600
BANKNIFTY-I.NFO,25/11/2024,09:35:31,52107.95,52108.2,15,52116.95,15,345,2163600
BANKNIFTY-I.NFO,25/11/2024,09:35:33,52118.8,52116.55,15,52120,15,345,2163600
BANKNIFTY-I.NFO,25/11/2024,09:35:35,52120.65,52121.3,15,52121.9,15,240,2163600
BANKNIFTY-I.NFO,25/11/2024,09:35:36,52121.9,52121.3,45,52121.6,30,90,2163600
BANKNIFTY-I.NFO,25/11/2024,09:35:38,52125,52123.1,15,52125,60,180,2163600
BANKNIFTY-I.NFO,25/11/2024,09:35:40,52119.05,52119,15,52125,60,435,2163600
BANKNIFTY-I.NFO,25/11/2024,09:35:41,52119.2,52121,75,52125,60,195,2163600
BANKNIFTY-I.NFO,25/11/2024,09:35:43,52121,52120.1,75,52125,15,165,2163600
BANKNIFTY-I.NFO,25/11/2024,09:35:45,52130.45,52131.35,15,52132,75,315,2163600
BANKNIFTY-I.NFO,25/11/2024,09:35:46,52125,52126.65,15,52131.95,15,75,2163600
BANKNIFTY-I.NFO,25/11/2024,09:35:48,52132,52128.7,15,52137.95,15,120,2163600
BANKNIFTY-I.NFO,25/11/2024,09:35:50,52132,52132,45,52138.95,15,0,2163600
BANKNIFTY-I.NFO,25/11/2024,09:35:51,52137.05,52127.25,15,52132,15,75,2163600
BANKNIFTY-I.NFO,25/11/2024,09:35:53,52127.25,52129.6,75,52132,15,15,2163600
BANKNIFTY-I.NFO,25/11/2024,09:35:55,52134.5,52134.55,15,52140,120,825,2163600
BANKNIFTY-I.NFO,25/11/2024,09:35:56,52138.2,52137.75,30,52138.85,30,900,2163600
BANKNIFTY-I.NFO,25/11/2024,09:35:58,52144.95,52140.05,15,52145,450,135,2163600
BANKNIFTY-I.NFO,25/11/2024,09:36:00,52150,52143.5,15,52145,15,735,2163600
BANKNIFTY-I.NFO,25/11/2024,09:36:01,52145,52143.5,15,52148.95,15,15,2163600
BANKNIFTY-I.NFO,25/11/2024,09:36:03,52153,52146.4,90,52153,45,480,2163600
BANKNIFTY-I.NFO,25/11/2024,09:36:04,52146.4,52145,2475,52151.95,15,330,2163600
BANKNIFTY-I.NFO,25/11/2024,09:36:06,52155,52150.75,15,52155,45,120,2163600
BANKNIFTY-I.NFO,25/11/2024,09:36:08,52156.85,52151.8,15,52157.6,30,195,2163600
BANKNIFTY-I.NFO,25/11/2024,09:36:09,52150.9,52151.6,75,52153,570,60,2163600
BANKNIFTY-I.NFO,25/11/2024,09:36:11,52153,52152.65,330,52153,300,285,2163600
BANKNIFTY-I.NFO,25/11/2024,09:36:13,52153,52152.85,330,52153,270,30,2163600
BANKNIFTY-I.NFO,25/11/2024,09:36:14,52152.85,52150,30,52152.5,120,420,2163600
BANKNIFTY-I.NFO,25/11/2024,09:36:16,52150,52150,300,52152.85,60,45,2163600
BANKNIFTY-I.NFO,25/11/2024,09:36:18,52150.1,52145,2475,52151.25,120,480,2163600
BANKNIFTY-I.NFO,25/11/2024,09:36:19,52140,52123.85,15,52133.9,15,3120,2163600
BANKNIFTY-I.NFO,25/11/2024,09:36:21,52120,52117.55,30,52123.95,15,765,2163600
BANKNIFTY-I.NFO,25/11/2024,09:36:23,52120,52125.45,15,52137.9,45,0,2163600
BANKNIFTY-I.NFO,25/11/2024,09:36:24,52137.1,52125.45,30,52134.75,30,300,2163600
BANKNIFTY-I.NFO,25/11/2024,09:36:26,52125.45,52125.45,30,52131.95,15,135,2163600
BANKNIFTY-I.NFO,25/11/2024,09:36:28,52125.45,52125.5,15,52126.6,30,0,2163600
BANKNIFTY-I.NFO,25/11/2024,09:36:29,52108.4,52111.8,15,52120.95,15,210,2163600
BANKNIFTY-I.NFO,25/11/2024,09:36:31,52113.15,52112.1,15,52121.95,15,45,2163600
BANKNIFTY-I.NFO,25/11/2024,09:36:33,52113.15,52112.15,15,52121.3,15,0,2163600
BANKNIFTY-I.NFO,25/11/2024,09:36:34,52112.2,52112.15,45,52122.35,15,30,2163600
BANKNIFTY-I.NFO,25/11/2024,09:36:36,52112.05,52107.25,15,52113.15,15,75,2163600
BANKNIFTY-I.NFO,25/11/2024,09:36:38,52112.15,52107.25,45,52112.15,300,15,2163600
BANKNIFTY-I.NFO,25/11/2024,09:36:39,52107.3,52107.25,45,52112.1,15,15,2163600
BANKNIFTY-I.NFO,25/11/2024,09:36:41,52108,52100,30,52106.3,30,90,2163600
BANKNIFTY-I.NFO,25/11/2024,09:36:42,52100,52100,45,52106.05,15,30,2163600
BANKNIFTY-I.NFO,25/11/2024,09:36:44,52096.9,52097.45,15,52100,300,120,2163600
BANKNIFTY-I.NFO,25/11/2024,09:36:46,52100,52099,15,52107.25,30,390,2163600
BANKNIFTY-I.NFO,25/11/2024,09:36:47,52099,52094,195,52100,555,45,2163600
BANKNIFTY-I.NFO,25/11/2024,09:36:49,52094,52095,75,52100,555,30,2163600
BANKNIFTY-I.NFO,25/11/2024,09:36:51,52095.1,52095.05,30,52100,555,60,2163600
BANKNIFTY-I.NFO,25/11/2024,09:36:52,52092.85,52100,495,52103.15,15,1065,2163600
BANKNIFTY-I.NFO,25/11/2024,09:36:54,52100,52100,465,52103.15,15,30,2163600
BANKNIFTY-I.NFO,25/11/2024,09:36:57,52107.25,52105,120,52108.85,15,135,2163600
BANKNIFTY-I.NFO,25/11/2024,09:36:59,52102.25,52100.4,75,52110,15,375,2163600
BANKNIFTY-I.NFO,25/11/2024,09:37:00,52114.25,52114.65,15,52123.95,15,135,2163600
BANKNIFTY-I.NFO,25/11/2024,09:37:02,52120,52120,150,52124.05,15,105,2163600
BANKNIFTY-I.NFO,25/11/2024,09:37:04,52120,52120,60,52124.1,15,180,2163600
BANKNIFTY-I.NFO,25/11/2024,09:37:05,52120,52124.1,150,52125,30,0,2163600
BANKNIFTY-I.NFO,25/11/2024,09:37:07,52124.1,52124.1,120,52125,30,30,2163600
BANKNIFTY-I.NFO,25/11/2024,09:37:09,52120.65,52123.8,45,52134,15,330,2163600
BANKNIFTY-I.NFO,25/11/2024,09:37:10,52126.3,52125.9,45,52134,15,45,2163600
BANKNIFTY-I.NFO,25/11/2024,09:37:12,52128.25,52127.1,15,52134,15,90,2163600
BANKNIFTY-I.NFO,25/11/2024,09:37:14,52128.25,52127.1,45,52134,15,15,2163600
BANKNIFTY-I.NFO,25/11/2024,09:37:15,52127.1,52127.1,30,52130,30,15,2163600
BANKNIFTY-I.NFO,25/11/2024,09:37:17,52133.65,52133.75,15,52145,15,270,2163600
BANKNIFTY-I.NFO,25/11/2024,09:37:19,52136.5,52136.85,30,52145,15,240,2163600
BANKNIFTY-I.NFO,25/11/2024,09:37:20,52140.9,52137.05,15,52145,15,30,2163600
BANKNIFTY-I.NFO,25/11/2024,09:37:22,52142.45,52131.05,30,52142.55,15,45,2163600
BANKNIFTY-I.NFO,25/11/2024,09:37:23,52142.45,52130.1,15,52136.8,30,0,2163600
BANKNIFTY-I.NFO,25/11/2024,09:37:25,52142.45,52133.7,60,52136.8,30,30,2163600
BANKNIFTY-I.NFO,25/11/2024,09:37:27,52136.75,52131.55,15,52136.75,15,15,2163600
BANKNIFTY-I.NFO,25/11/2024,09:37:28,52131.3,52131.55,30,52136,15,90,2163600
BANKNIFTY-I.NFO,25/11/2024,09:37:30,52127.75,52126.1,75,52132.1,210,90,2163600
BANKNIFTY-I.NFO,25/11/2024,09:37:32,52127.75,52126.1,45,52132.1,210,0,2163600
BANKNIFTY-I.NFO,25/11/2024,09:37:33,52129.65,52129.35,15,52132.1,60,165,2163600
BANKNIFTY-I.NFO,25/11/2024,09:37:35,52136.55,52132.05,30,52142.45,15,135,2163600
BANKNIFTY-I.NFO,25/11/2024,09:37:37,52139.8,52132.2,15,52140.8,15,15,2163600
BANKNIFTY-I.NFO,25/11/2024,09:37:38,52132.25,52126.35,15,52137.2,30,105,2163600
BANKNIFTY-I.NFO,25/11/2024,09:37:40,52127.4,52128.4,15,52132.1,75,225,2163600
BANKNIFTY-I.NFO,25/11/2024,09:37:41,52130.35,52129.55,15,52132.1,75,60,2163600
BANKNIFTY-I.NFO,25/11/2024,09:37:43,52131.45,52131.55,15,52132.1,75,45,2163600
BANKNIFTY-I.NFO,25/11/2024,09:37:45,52127,52127,15,52132.1,60,225,2163600
BANKNIFTY-I.NFO,25/11/2024,09:37:46,52129.55,52129.75,15,52132.1,30,75,2163600
BANKNIFTY-I.NFO,25/11/2024,09:37:48,52142.55,52141.8,15,52145,30,165,2163600
BANKNIFTY-I.NFO,25/11/2024,09:37:49,52157.6,52148.7,75,52159.25,15,705,2163600
BANKNIFTY-I.NFO,25/11/2024,09:37:51,52144.45,52144.5,30,52156.3,15,480,2163600
BANKNIFTY-I.NFO,25/11/2024,09:37:53,52146.2,52146.1,15,52158.6,15,60,2163600
BANKNIFTY-I.NFO,25/11/2024,09:37:54,52158.55,52146.6,15,52158.4,15,15,2163600
BANKNIFTY-I.NFO,25/11/2024,09:37:56,52146.9,52146.8,60,52158.35,15,45,2163600
BANKNIFTY-I.NFO,25/11/2024,09:37:57,52160,52150,15,52160,75,345,2163600
BANKNIFTY-I.NFO,25/11/2024,09:37:59,52150,52150.3,15,52160,75,45,2163600
BANKNIFTY-I.NFO,25/11/2024,09:38:01,52160,52160,30,52163.3,30,330,2163600
BANKNIFTY-I.NFO,25/11/2024,09:38:02,52150.3,52146.2,15,52150.3,30,360,2163600
BANKNIFTY-I.NFO,25/11/2024,09:38:04,52150,52150.1,45,52150.3,15,75,2163600
BANKNIFTY-I.NFO,25/11/2024,09:38:05,52144.1,52136.05,15,52144,15,225,2163600
BANKNIFTY-I.NFO,25/11/2024,09:38:07,52153.3,52140.25,15,52153.5,120,45,2163600
BANKNIFTY-I.NFO,25/11/2024,09:38:09,52141.4,52140.25,30,52150,15,90,2163600
BANKNIFTY-I.NFO,25/11/2024,09:38:10,52141.4,52140.25,30,52144.45,120,0,2163600
BANKNIFTY-I.NFO,25/11/2024,09:38:12,52140.25,52132.05,15,52141.8,30,60,2163600
BANKNIFTY-I.NFO,25/11/2024,09:38:14,52144.9,52132.1,300,52141,15,75,2163600
BANKNIFTY-I.NFO,25/11/2024,09:38:15,52137.05,52138,15,52141,15,30,2163600
BANKNIFTY-I.NFO,25/11/2024,09:38:17,52138,52138,30,52141,15,60,2163600
BANKNIFTY-I.NFO,25/11/2024,09:38:19,52138,52138,15,52141,15,15,2163600
BANKNIFTY-I.NFO,25/11/2024,09:38:20,52141,52143.8,75,52149,15,15,2163600
BANKNIFTY-I.NFO,25/11/2024,09:38:22,52143.8,52136.55,300,52147.05,120,30,2140650
BANKNIFTY-I.NFO,25/11/2024,09:38:23,52145.35,52136.55,255,52141.85,30,105,2140650
BANKNIFTY-I.NFO,25/11/2024,09:38:25,52143.65,52130.35,120,52142.95,15,30,2140650
BANKNIFTY-I.NFO,25/11/2024,09:38:27,52130,52130,135,52135,75,15,2140650
BANKNIFTY-I.NFO,25/11/2024,09:38:28,52130,52130.15,15,52135,60,45,2140650
BANKNIFTY-I.NFO,25/11/2024,09:38:30,52131.7,52132.75,60,52135,60,45,2140650
BANKNIFTY-I.NFO,25/11/2024,09:38:31,52134,52132.75,30,52140,75,75,2140650
BANKNIFTY-I.NFO,25/11/2024,09:38:33,52134.7,52134.35,75,52140,30,360,2140650
BANKNIFTY-I.NFO,25/11/2024,09:38:35,52143.65,52137.25,150,52143.8,15,300,2140650
BANKNIFTY-I.NFO,25/11/2024,09:38:36,52143.8,52143.15,15,52149.95,15,75,2140650
BANKNIFTY-I.NFO,25/11/2024,09:38:38,52149,52148.05,15,52150,90,285,2140650
BANKNIFTY-I.NFO,25/11/2024,09:38:40,52150.9,52151.45,60,52155,15,315,2140650
BANKNIFTY-I.NFO,25/11/2024,09:38:41,52155,52155,75,52159,300,75,2140650
BANKNIFTY-I.NFO,25/11/2024,09:38:43,52159,52156,15,52159,270,60,2140650
BANKNIFTY-I.NFO,25/11/2024,09:38:44,52170,52169.95,15,52175,345,1725,2140650
BANKNIFTY-I.NFO,25/11/2024,09:38:46,52175,52175,45,52179.2,120,1590,2140650
BANKNIFTY-I.NFO,25/11/2024,09:38:48,52181.75,52180.95,15,52182,795,120,2140650
BANKNIFTY-I.NFO,25/11/2024,09:38:49,52180.95,52180.95,90,52182,600,210,2140650
BANKNIFTY-I.NFO,25/11/2024,09:38:51,52175,52175,30,52182,15,780,2140650
BANKNIFTY-I.NFO,25/11/2024,09:38:53,52175,52176.3,15,52185,105,90,2140650
BANKNIFTY-I.NFO,25/11/2024,09:38:54,52176.3,52182,15,52185,15,1425,2140650
BANKNIFTY-I.NFO,25/11/2024,09:38:56,52194.5,52182.55,135,52194.5,15,465,2140650
BANKNIFTY-I.NFO,25/11/2024,09:38:58,52199.95,52196.95,15,52199.95,180,1005,2140650
BANKNIFTY-I.NFO,25/11/2024,09:38:59,52200,52190.3,15,52199.5,15,480,2140650
BANKNIFTY-I.NFO,25/11/2024,09:39:01,52199.5,52190.3,30,52200,7710,240,2140650
BANKNIFTY-I.NFO,25/11/2024,09:39:03,52200,52194.4,15,52200,7515,225,2140650
BANKNIFTY-I.NFO,25/11/2024,09:39:04,52194.4,52190.35,15,52193.4,30,360,2140650
BANKNIFTY-I.NFO,25/11/2024,09:39:06,52199.6,52190.45,15,52196.95,15,360,2140650
BANKNIFTY-I.NFO,25/11/2024,09:39:08,52191.35,52190.6,210,52194.4,15,180,2140650
BANKNIFTY-I.NFO,25/11/2024,09:39:09,52190.6,52190.5,270,52199.9,30,195,2140650
BANKNIFTY-I.NFO,25/11/2024,09:39:11,52200,52192,30,52200,6945,90,2140650
BANKNIFTY-I.NFO,25/11/2024,09:39:13,52192.3,52194.45,15,52200,7080,165,2140650
BANKNIFTY-I.NFO,25/11/2024,09:39:14,52198.45,52196.3,45,52200,6825,315,2140650
BANKNIFTY-I.NFO,25/11/2024,09:39:16,52193.35,52190.6,15,52192.6,510,60,2140650
BANKNIFTY-I.NFO,25/11/2024,09:39:18,52200,52191.2,15,52200,6825,585,2140650
BANKNIFTY-I.NFO,25/11/2024,09:39:19,52190.9,52190.85,15,52199.9,15,45,2140650
BANKNIFTY-I.NFO,25/11/2024,09:39:21,52193.9,52192.6,15,52197.15,15,105,2140650
BANKNIFTY-I.NFO,25/11/2024,09:39:22,52192.6,52180.85,30,52191.3,15,60,2140650
BANKNIFTY-I.NFO,25/11/2024,09:39:24,52195.65,52180.55,300,52192.2,15,300,2140650
BANKNIFTY-I.NFO,25/11/2024,09:39:26,52193.7,52180.6,60,52192.25,15,495,2140650
BANKNIFTY-I.NFO,25/11/2024,09:39:27,52183,52180.6,60,52190.85,45,60,2140650
BANKNIFTY-I.NFO,25/11/2024,09:39:29,52180.6,52180.6,30,52185,900,60,2140650
BANKNIFTY-I.NFO,25/11/2024,09:39:31,52185,52180.6,30,52185,645,285,2140650
BANKNIFTY-I.NFO,25/11/2024,09:39:32,52180.6,52180.6,15,52185,570,120,2140650
BANKNIFTY-I.NFO,25/11/2024,09:39:34,52180.6,52175,1155,52180.6,30,60,2140650
BANKNIFTY-I.NFO,25/11/2024,09:39:36,52175,52175.05,45,52181.85,15,75,2140650
BANKNIFTY-I.NFO,25/11/2024,09:39:37,52171,52170,30,52171,45,1170,2140650
BANKNIFTY-I.NFO,25/11/2024,09:39:39,52170,52170,30,52180.15,15,105,2140650
BANKNIFTY-I.NFO,25/11/2024,09:39:41,52179.85,52176,30,52180.6,15,120,2140650
BANKNIFTY-I.NFO,25/11/2024,09:39:42,52175.25,52175.2,15,52180,15,600,2140650
BANKNIFTY-I.NFO,25/11/2024,09:39:44,52180.45,52175.2,45,52185,135,150,2140650
BANKNIFTY-I.NFO,25/11/2024,09:39:45,52185.95,52175.2,45,52185.4,30,450,2140650
BANKNIFTY-I.NFO,25/11/2024,09:39:47,52184.85,52175.2,30,52184.85,15,165,2140650
BANKNIFTY-I.NFO,25/11/2024,09:39:49,52187.65,52175.2,30,52185.3,30,165,2140650
BANKNIFTY-I.NFO,25/11/2024,09:39:50,52166.65,52164.8,300,52174.45,15,960,2140650
BANKNIFTY-I.NFO,25/11/2024,09:39:52,52165.55,52164.3,15,52175.2,45,30,2140650
BANKNIFTY-I.NFO,25/11/2024,09:39:54,52175.2,52172.85,300,52184.3,120,90,2140650
BANKNIFTY-I.NFO,25/11/2024,09:39:55,52199,52182,15,52193.45,30,1005,2140650
BANKNIFTY-I.NFO,25/11/2024,09:39:57,52183.15,52183,30,52196.15,120,420,2140650
BANKNIFTY-I.NFO,25/11/2024,09:39:59,52196.15,52183.05,15,52193.65,15,60,2140650
BANKNIFTY-I.NFO,25/11/2024,09:40:00,52196.15,52183.05,75,52185,15,0,2140650
BANKNIFTY-I.NFO,25/11/2024,09:40:02,52185.05,52183.7,15,52195.5,15,30,2140650
BANKNIFTY-I.NFO,25/11/2024,09:40:04,52183.7,52183.7,45,52193.75,15,150,2140650
BANKNIFTY-I.NFO,25/11/2024,09:40:05,52195.5,52186.45,60,52195.5,15,15,2140650
BANKNIFTY-I.NFO,25/11/2024,09:40:07,52196,52186.45,75,52195.05,15,135,2140650
BANKNIFTY-I.NFO,25/11/2024,09:40:08,52195.05,52186.5,30,52193.35,30,165,2140650
BANKNIFTY-I.NFO,25/11/2024,09:40:10,52186.45,52186.4,15,52191.95,30,195,2140650
BANKNIFTY-I.NFO,25/11/2024,09:40:12,52177,52175.2,120,52180,15,105,2140650
BANKNIFTY-I.NFO,25/11/2024,09:40:13,52175.25,52175.2,120,52180,15,15,2140650
BANKNIFTY-I.NFO,25/11/2024,09:40:15,52177.7,52178.45,15,52180,15,615,2140650
BANKNIFTY-I.NFO,25/11/2024,09:40:16,52178.45,52179.5,15,52180,15,30,2140650
BANKNIFTY-I.NFO,25/11/2024,09:40:18,52186.5,52179.5,30,52186.4,45,45,2140650
BANKNIFTY-I.NFO,25/11/2024,09:40:20,52179.5,52179.5,15,52191.45,30,75,2140650
BANKNIFTY-I.NFO,25/11/2024,09:40:21,52179.5,52179.5,60,52184.8,15,0,2140650
BANKNIFTY-I.NFO,25/11/2024,09:40:23,52179.65,52179.5,45,52185.05,15,45,2140650
BANKNIFTY-I.NFO,25/11/2024,09:40:25,52175.2,52175.2,45,52179.5,15,135,2140650
BANKNIFTY-I.NFO,25/11/2024,09:40:26,52175.2,52170.1,15,52175,15,60,2140650
BANKNIFTY-I.NFO,25/11/2024,09:40:28,52175,52175.2,15,52184.3,15,315,2140650
BANKNIFTY-I.NFO,25/11/2024,09:40:30,52180.4,52175.2,45,52185.15,30,15,2140650
BANKNIFTY-I.NFO,25/11/2024,09:40:31,52171.9,52175.2,15,52184.5,15,120,2140650
BANKNIFTY-I.NFO,25/11/2024,09:40:33,52175.2,52175.7,60,52184,15,90,2140650
BANKNIFTY-I.NFO,25/11/2024,09:40:35,52175.2,52176.45,45,52184,15,0,2140650
BANKNIFTY-I.NFO,25/11/2024,09:40:36,52177.9,52180.65,15,52184,15,660,2140650
BANKNIFTY-I.NFO,25/11/2024,09:40:38,52177.9,52182.4,15,52184,15,0,2140650
BANKNIFTY-I.NFO,25/11/2024,09:40:40,52184,52183.1,75,52186.25,45,15,2140650
BANKNIFTY-I.NFO,25/11/2024,09:40:41,52188,52186.5,15,52190,150,60,2140650
BANKNIFTY-I.NFO,25/11/2024,09:40:43,52189.8,52189.8,105,52193,15,165,2140650
BANKNIFTY-I.NFO,25/11/2024,09:40:45,52192.95,52189.8,330,52192.95,15,180,2140650
BANKNIFTY-I.NFO,25/11/2024,09:40:46,52189.8,52189.8,180,52192.95,15,165,2140650
BANKNIFTY-I.NFO,25/11/2024,09:40:48,52192.7,52189.8,180,52192.85,15,15,2140650
BANKNIFTY-I.NFO,25/11/2024,09:40:50,52183.1,52180.05,15,52184.45,15,210,2140650
BANKNIFTY-I.NFO,25/11/2024,09:40:51,52173,52171,15,52181,15,105,2140650
BANKNIFTY-I.NFO,25/11/2024,09:40:53,52178.2,52178.2,135,52180.95,30,30,2140650
BANKNIFTY-I.NFO,25/11/2024,09:40:55,52176.75,52171.05,105,52180.85,135,150,2140650
BANKNIFTY-I.NFO,25/11/2024,09:40:56,52176.75,52171.05,135,52178.7,30,0,2140650
BANKNIFTY-I.NFO,25/11/2024,09:40:58,52160.55,52159.95,45,52171.65,15,345,2140650
BANKNIFTY-I.NFO,25/11/2024,09:41:00,52162.5,52162.1,15,52174.15,15,120,2140650
BANKNIFTY-I.NFO,25/11/2024,09:41:01,52162.5,52162.1,30,52174.25,45,0,2140650
BANKNIFTY-I.NFO,25/11/2024,09:41:03,52162.1,52162.1,30,52170.95,90,15,2140650
BANKNIFTY-I.NFO,25/11/2024,09:41:05,52165.5,52165.05,30,52168.75,15,195,2140650
BANKNIFTY-I.NFO,25/11/2024,09:41:06,52160.55,52158.65,60,52168.5,75,60,2140650
BANKNIFTY-I.NFO,25/11/2024,09:41:08,52160.55,52158.65,30,52160.55,135,30,2140650
BANKNIFTY-I.NFO,25/11/2024,09:41:10,52165.55,52165.5,75,52168.35,75,165,2140650
BANKNIFTY-I.NFO,25/11/2024,09:41:11,52165.5,52168.45,270,52174.15,30,135,2140650
BANKNIFTY-I.NFO,25/11/2024,09:41:13,52178.2,52174.4,15,52178.2,480,135,2140650
BANKNIFTY-I.NFO,25/11/2024,09:41:15,52178.2,52177.85,60,52178.2,225,315,2140650
BANKNIFTY-I.NFO,25/11/2024,09:41:16,52178.2,52179.45,15,52180,15,300,2140650
BANKNIFTY-I.NFO,25/11/2024,09:41:18,52189.8,52189.8,30,52190,75,120,2140650
BANKNIFTY-I.NFO,25/11/2024,09:41:20,52195,52194.95,15,52195,60,420,2140650
BANKNIFTY-I.NFO,25/11/2024,09:41:21,52194.95,52190,15,52195.95,120,315,2140650
BANKNIFTY-I.NFO,25/11/2024,09:41:23,52193.75,52190,30,52193.9,15,45,2139240
BANKNIFTY-I.NFO,25/11/2024,09:41:25,52198.85,52190,30,52198.8,15,15,2139240
BANKNIFTY-I.NFO,25/11/2024,09:41:26,52199,52193.75,15,52199,495,495,2139240
BANKNIFTY-I.NFO,25/11/2024,09:41:28,52193.75,52193.75,30,52198.3,105,30,2139240
BANKNIFTY-I.NFO,25/11/2024,09:41:30,52210,52205.5,60,52210,585,8835,2139240
BANKNIFTY-I.NFO,25/11/2024,09:41:31,52218,52213.65,15,52218,375,900,2139240
BANKNIFTY-I.NFO,25/11/2024,09:41:33,52227.7,52227.7,45,52232.4,15,6480,2139240
BANKNIFTY-I.NFO,25/11/2024,09:41:33,52240,52227.7,45,52232.4,15,0,2139240
BANKNIFTY-I.NFO,25/11/2024,09:41:35,52240,52232.35,15,52239.95,15,600,2139240
BANKNIFTY-I.NFO,25/11/2024,09:41:36,52232.35,52232.35,15,52238.85,15,285,2139240
BANKNIFTY-I.NFO,25/11/2024,09:41:38,52232.4,52232.35,15,52238.85,15,225,2139240
BANKNIFTY-I.NFO,25/11/2024,09:41:40,52237.95,52232.4,15,52238.05,15,240,2139240
BANKNIFTY-I.NFO,25/11/2024,09:41:41,52239.2,52232.45,15,52239.6,15,60,2139240
BANKNIFTY-I.NFO,25/11/2024,09:41:43,52232.35,52230.4,15,52236.6,15,120,2139240
BANKNIFTY-I.NFO,25/11/2024,09:41:45,52230.4,52230,45,52230.4,30,555,2139240
BANKNIFTY-I.NFO,25/11/2024,09:41:46,52232.75,52225.5,15,52237.75,15,390,2139240
BANKNIFTY-I.NFO,25/11/2024,09:41:48,52235.75,52225.05,30,52235.75,15,315,2139240
BANKNIFTY-I.NFO,25/11/2024,09:41:50,52236.8,52225.1,15,52232.4,15,90,2139240
BANKNIFTY-I.NFO,25/11/2024,09:41:51,52225.15,52225.15,15,52232.35,15,15,2139240
BANKNIFTY-I.NFO,25/11/2024,09:41:53,52224,52224,135,52230.7,60,555,2139240
BANKNIFTY-I.NFO,25/11/2024,09:41:55,52230.7,52224.35,120,52230.7,60,30,2139240
BANKNIFTY-I.NFO,25/11/2024,09:41:56,52224.05,52224,120,52230.7,45,60,2139240
BANKNIFTY-I.NFO,25/11/2024,09:41:58,52224,52223,60,52232.35,15,195,2139240
BANKNIFTY-I.NFO,25/11/2024,09:42:00,52230,52222.3,30,52232.4,15,135,2139240
BANKNIFTY-I.NFO,25/11/2024,09:42:01,52222.35,52226.65,45,52232.35,15,45,2139240
BANKNIFTY-I.NFO,25/11/2024,09:42:03,52230,52229.45,15,52235,30,105,2139240
BANKNIFTY-I.NFO,25/11/2024,09:42:05,52240,52239.95,75,52240,1770,29610,2139240
BANKNIFTY-I.NFO,25/11/2024,09:42:06,52259.75,52248.1,30,52259.7,165,11940,2139240
BANKNIFTY-I.NFO,25/11/2024,09:42:06,52260,52248.1,30,52259.7,165,0,2139240
BANKNIFTY-I.NFO,25/11/2024,09:42:08,52253,52242.4,60,52253.1,15,585,2139240
BANKNIFTY-I.NFO,25/11/2024,09:42:10,52255,52245.65,150,52257.7,15,510,2139240
BANKNIFTY-I.NFO,25/11/2024,09:42:11,52249.75,52241.75,15,52249.75,15,105,2139240
BANKNIFTY-I.NFO,25/11/2024,09:42:13,52249.7,52247,15,52249.7,165,105,2139240
BANKNIFTY-I.NFO,25/11/2024,09:42:14,52250.85,52251.35,15,52255.75,45,585,2139240
BANKNIFTY-I.NFO,25/11/2024,09:42:16,52259.35,52259.05,15,52265,60,510,2139240
BANKNIFTY-I.NFO,25/11/2024,09:42:16,52265,52259.05,15,52265,60,0,2139240
BANKNIFTY-I.NFO,25/11/2024,09:42:18,52265.85,52258.9,30,52265.9,60,210,2139240
BANKNIFTY-I.NFO,25/11/2024,09:42:18,52265.85,52258.9,30,52265.9,60,0,2139240
BANKNIFTY-I.NFO,25/11/2024,09:42:19,52266,52256.4,120,52266.95,15,210,2139240
BANKNIFTY-I.NFO,25/11/2024,09:42:19,52266,52256.4,120,52266.95,15,0,2139240
BANKNIFTY-I.NFO,25/11/2024,09:42:21,52266,52256.8,15,52266.95,15,240,2139240
BANKNIFTY-I.NFO,25/11/2024,09:42:21,52266.9,52256.8,15,52266.95,15,0,2139240
BANKNIFTY-I.NFO,25/11/2024,09:42:23,52268.9,52258.4,15,52266.5,15,120,2139240
BANKNIFTY-I.NFO,25/11/2024,09:42:23,52268.9,52258.4,15,52266.5,15,0,2139240
BANKNIFTY-I.NFO,25/11/2024,09:42:24,52253.5,52254.05,120,52265,15,135,2139240
BANKNIFTY-I.NFO,25/11/2024,09:42:26,52266.85,52255,15,52266.85,15,2370,2139240
BANKNIFTY-I.NFO,25/11/2024,09:42:26,52272,52255,15,52266.85,15,0,2139240
BANKNIFTY-I.NFO,25/11/2024,09:42:28,52257.2,52255.05,15,52260,60,1350,2139240
BANKNIFTY-I.NFO,25/11/2024,09:42:29,52255.05,52255.1,15,52259,15,60,2139240
BANKNIFTY-I.NFO,25/11/2024,09:42:31,52255,52250,135,52255.1,15,255,2139240
BANKNIFTY-I.NFO,25/11/2024,09:42:33,52250,52250.05,15,52254,195,405,2139240
BANKNIFTY-I.NFO,25/11/2024,09:42:34,52254.9,52255.25,60,52259.95,15,405,2139240
BANKNIFTY-I.NFO,25/11/2024,09:42:36,52260,52253.75,15,52256.4,45,30,2139240
BANKNIFTY-I.NFO,25/11/2024,09:42:38,52256.4,52253.75,30,52261.55,45,345,2139240
BANKNIFTY-I.NFO,25/11/2024,09:42:39,52250,52249.75,15,52250,285,210,2139240
BANKNIFTY-I.NFO,25/11/2024,09:42:41,52250,52246.9,15,52250,210,120,2139240
BANKNIFTY-I.NFO,25/11/2024,09:42:43,52250,52247.7,15,52250,120,210,2139240
BANKNIFTY-I.NFO,25/11/2024,09:42:44,52250,52247.8,15,52250,75,60,2139240
BANKNIFTY-I.NFO,25/11/2024,09:42:46,52247.8,52247.9,15,52250,75,45,2139240
BANKNIFTY-I.NFO,25/11/2024,09:42:48,52250,52247.9,30,52250,915,75,2139240
BANKNIFTY-I.NFO,25/11/2024,09:42:49,52247.9,52247.9,30,52250,870,60,2139240
BANKNIFTY-I.NFO,25/11/2024,09:42:51,52249.25,52248.15,15,52250,225,690,2139240
BANKNIFTY-I.NFO,25/11/2024,09:42:52,52250,52248.65,15,52250,150,90,2139240
BANKNIFTY-I.NFO,25/11/2024,09:42:54,52253.75,52252.05,15,52253.75,15,225,2139240
BANKNIFTY-I.NFO,25/11/2024,09:42:56,52254.6,52258.2,15,52260,225,120,2139240
BANKNIFTY-I.NFO,25/11/2024,09:42:57,52250,52249.5,15,52255,15,105,2139240
BANKNIFTY-I.NFO,25/11/2024,09:42:59,52253.75,52252.5,15,52253.75,15,30,2139240
BANKNIFTY-I.NFO,25/11/2024,09:43:01,52253.8,52253.8,75,52255,15,165,2139240
BANKNIFTY-I.NFO,25/11/2024,09:43:02,52254.95,52245.3,30,52254,15,270,2139240
BANKNIFTY-I.NFO,25/11/2024,09:43:04,52254.95,52240.35,15,52242.6,15,0,2139240
BANKNIFTY-I.NFO,25/11/2024,09:43:06,52244.7,52242.6,15,52250,60,165,2139240
BANKNIFTY-I.NFO,25/11/2024,09:43:07,52220,52220,105,52225,15,420,2139240
BANKNIFTY-I.NFO,25/11/2024,09:43:09,52210.5,52210.5,90,52219.5,90,255,2139240
BANKNIFTY-I.NFO,25/11/2024,09:43:11,52210.5,52203.5,15,52215.6,120,1545,2139240
BANKNIFTY-I.NFO,25/11/2024,09:43:12,52220,52212.45,15,52223.8,15,165,2139240
BANKNIFTY-I.NFO,25/11/2024,09:43:14,52210.9,52210.85,285,52224.2,120,675,2139240
BANKNIFTY-I.NFO,25/11/2024,09:43:16,52204.55,52204.05,15,52212.05,30,105,2139240
BANKNIFTY-I.NFO,25/11/2024,09:43:17,52214.55,52204.05,30,52213.7,120,120,2139240
BANKNIFTY-I.NFO,25/11/2024,09:43:19,52204.75,52204.45,255,52214.9,120,75,2139240
BANKNIFTY-I.NFO,25/11/2024,09:43:20,52201.05,52200,30,52204.75,15,195,2139240
BANKNIFTY-I.NFO,25/11/2024,09:43:22,52193.1,52195.25,15,52203.25,60,225,2139240
BANKNIFTY-I.NFO,25/11/2024,09:43:24,52191.55,52192.35,45,52204.05,15,1200,2139240
BANKNIFTY-I.NFO,25/11/2024,09:43:25,52191.05,52192.05,15,52198.55,30,15,2139240
BANKNIFTY-I.NFO,25/11/2024,09:43:27,52192.9,52193.4,30,52198.55,15,330,2139240
BANKNIFTY-I.NFO,25/11/2024,09:43:29,52195.05,52185.3,75,52198.5,120,1005,2139240
BANKNIFTY-I.NFO,25/11/2024,09:43:30,52192.6,52185.3,30,52192.6,120,105,2139240
BANKNIFTY-I.NFO,25/11/2024,09:43:32,52185.3,52176.05,15,52185.25,120,45,2139240
BANKNIFTY-I.NFO,25/11/2024,09:43:34,52189.9,52180,45,52189.2,120,60,2139240
BANKNIFTY-I.NFO,25/11/2024,09:43:35,52187.3,52180.05,15,52187.35,120,90,2139240
BANKNIFTY-I.NFO,25/11/2024,09:43:37,52189.65,52180.75,90,52193.9,120,105,2139240
BANKNIFTY-I.NFO,25/11/2024,09:43:39,52182.45,52184.45,120,52198.9,75,570,2139240
BANKNIFTY-I.NFO,25/11/2024,09:43:40,52183.5,52183.4,375,52197.4,120,300,2139240
BANKNIFTY-I.NFO,25/11/2024,09:43:42,52180.6,52180.6,60,52192.95,15,450,2139240
BANKNIFTY-I.NFO,25/11/2024,09:43:44,52185.55,52186.3,15,52200,180,420,2139240
BANKNIFTY-I.NFO,25/11/2024,09:43:45,52182.2,52182.8,30,52197.5,15,525,2139240
BANKNIFTY-I.NFO,25/11/2024,09:43:47,52184.6,52183.05,15,52195.95,15,330,2139240
BANKNIFTY-I.NFO,25/11/2024,09:43:49,52183.45,52183.45,45,52195,90,660,2139240
BANKNIFTY-I.NFO,25/11/2024,09:43:50,52180.55,52180.5,75,52193.05,15,645,2139240
BANKNIFTY-I.NFO,25/11/2024,09:43:52,52181,52180.5,15,52185,225,315,2139240
BANKNIFTY-I.NFO,25/11/2024,09:43:54,52185,52180.5,15,52185,75,195,2139240
BANKNIFTY-I.NFO,25/11/2024,09:43:55,52190,52180.5,15,52190,120,135,2139240
BANKNIFTY-I.NFO,25/11/2024,09:43:57,52180.5,52185,15,52190,165,15,2139240
BANKNIFTY-I.NFO,25/11/2024,09:43:59,52181.55,52181,30,52190,165,90,2139240
BANKNIFTY-I.NFO,25/11/2024,09:44:00,52180.15,52180.05,30,52190,165,45,2139240
BANKNIFTY-I.NFO,25/11/2024,09:44:02,52175.05,52173.75,15,52178.95,15,165,2139240
BANKNIFTY-I.NFO,25/11/2024,09:44:04,52181.3,52181.25,15,52189.6,30,75,2139240
BANKNIFTY-I.NFO,25/11/2024,09:44:05,52180,52171.95,120,52181.25,15,60,2139240
BANKNIFTY-I.NFO,25/11/2024,09:44:07,52184.8,52170.75,75,52183.6,15,60,2139240
BANKNIFTY-I.NFO,25/11/2024,09:44:09,52180.85,52171,15,52177.7,15,45,2139240
BANKNIFTY-I.NFO,25/11/2024,09:44:10,52176.5,52162.7,15,52170,30,450,2139240
BANKNIFTY-I.NFO,25/11/2024,09:44:12,52169.35,52162.7,30,52169.05,15,75,2139240
BANKNIFTY-I.NFO,25/11/2024,09:44:14,52155,52155,135,52155.5,15,390,2139240
BANKNIFTY-I.NFO,25/11/2024,09:44:15,52159.65,52156.7,75,52162.7,150,75,2139240
BANKNIFTY-I.NFO,25/11/2024,09:44:17,52162.1,52162.1,15,52162.7,105,90,2139240
BANKNIFTY-I.NFO,25/11/2024,09:44:19,52160,52156.6,180,52162.7,90,930,2139240
BANKNIFTY-I.NFO,25/11/2024,09:44:20,52162.7,52156.35,300,52167.5,15,195,2139240
BANKNIFTY-I.NFO,25/11/2024,09:44:22,52157.45,52157.1,120,52169.35,15,60,2139240
BANKNIFTY-I.NFO,25/11/2024,09:44:23,52169.95,52155,105,52165,90,120,2097390
BANKNIFTY-I.NFO,25/11/2024,09:44:25,52165,52163,15,52165,75,75,2097390
BANKNIFTY-I.NFO,25/11/2024,09:44:27,52163.9,52163,30,52167,30,255,2097390
BANKNIFTY-I.NFO,25/11/2024,09:44:28,52156.8,52160.25,15,52167,30,75,2097390
BANKNIFTY-I.NFO,25/11/2024,09:44:30,52160.05,52160.05,30,52167,30,60,2097390
BANKNIFTY-I.NFO,25/11/2024,09:44:32,52156.45,52156.25,15,52160,750,300,2097390
BANKNIFTY-I.NFO,25/11/2024,09:44:33,52156.5,52156.25,15,52160,735,1365,2097390
BANKNIFTY-I.NFO,25/11/2024,09:44:35,52163,52162.5,75,52163,210,1185,2097390
BANKNIFTY-I.NFO,25/11/2024,09:44:36,52163.65,52164.15,15,52167,15,795,2097390
BANKNIFTY-I.NFO,25/11/2024,09:44:38,52178.95,52173.05,15,52179.9,15,150,2097390
BANKNIFTY-I.NFO,25/11/2024,09:44:40,52174.75,52173.1,15,52185,15,45,2097390
BANKNIFTY-I.NFO,25/11/2024,09:44:41,52178.95,52173.1,30,52183.4,120,30,2097390
BANKNIFTY-I.NFO,25/11/2024,09:44:43,52173.8,52173.15,30,52180,15,15,2097390
BANKNIFTY-I.NFO,25/11/2024,09:44:45,52185.95,52173.2,15,52185.15,15,495,2097390
BANKNIFTY-I.NFO,25/11/2024,09:44:46,52174.9,52176.05,15,52180,90,315,2097390
BANKNIFTY-I.NFO,25/11/2024,09:44:48,52187,52179.95,15,52185,30,270,2097390
BANKNIFTY-I.NFO,25/11/2024,09:44:50,52185,52180.35,30,52187,45,60,2097390
BANKNIFTY-I.NFO,25/11/2024,09:44:51,52180.35,52180.35,45,52187,30,30,2097390
BANKNIFTY-I.NFO,25/11/2024,09:44:53,52180.35,52180.35,45,52186.95,120,0,2097390
BANKNIFTY-I.NFO,25/11/2024,09:44:54,52173.8,52170.1,60,52180.55,120,495,2097390
BANKNIFTY-I.NFO,25/11/2024,09:44:56,52177.8,52165,150,52174.4,120,975,2097390
BANKNIFTY-I.NFO,25/11/2024,09:44:58,52165,52165,120,52175.9,120,45,2097390
BANKNIFTY-I.NFO,25/11/2024,09:44:59,52165,52165.9,30,52179.9,120,0,2097390
BANKNIFTY-I.NFO,25/11/2024,09:45:01,52168.2,52168.05,15,52180.3,120,30,2097390
BANKNIFTY-I.NFO,25/11/2024,09:45:03,52165,52165,75,52168.05,30,150,2097390
BANKNIFTY-I.NFO,25/11/2024,09:45:04,52161.35,52161.35,120,52165,15,750,2097390
BANKNIFTY-I.NFO,25/11/2024,09:45:06,52177.6,52160.15,45,52168.05,15,360,2097390
BANKNIFTY-I.NFO,25/11/2024,09:45:07,52168.05,52162.5,45,52175,30,15,2097390
BANKNIFTY-I.NFO,25/11/2024,09:45:09,52164.65,52169.65,45,52180.6,15,525,2097390
BANKNIFTY-I.NFO,25/11/2024,09:45:11,52178.1,52169.4,45,52180.55,15,195,2097390
BANKNIFTY-I.NFO,25/11/2024,09:45:12,52161.7,52161.7,30,52167.05,30,30,2097390
BANKNIFTY-I.NFO,25/11/2024,09:45:14,52167,52161,150,52173,30,90,2097390
BANKNIFTY-I.NFO,25/11/2024,09:45:16,52172.4,52161,150,52172.75,30,15,2097390
BANKNIFTY-I.NFO,25/11/2024,09:45:17,52172.75,52161.2,45,52172.4,15,30,2097390
BANKNIFTY-I.NFO,25/11/2024,09:45:19,52173.6,52161.55,45,52174.9,30,45,2097390
BANKNIFTY-I.NFO,25/11/2024,09:45:20,52162.45,52162.2,30,52174.95,15,45,2097390
BANKNIFTY-I.NFO,25/11/2024,09:45:22,52175.95,52162.2,15,52173.85,30,405,2097390
BANKNIFTY-I.NFO,25/11/2024,09:45:24,52161.2,52161.2,15,52171.9,30,30,2097390
BANKNIFTY-I.NFO,25/11/2024,09:45:25,52145.95,52140.05,15,52151.05,15,945,2097390
BANKNIFTY-I.NFO,25/11/2024,09:45:27,52127,52128.9,120,52142.6,15,570,2097390
BANKNIFTY-I.NFO,25/11/2024,09:45:29,52132.65,52132.05,15,52144,45,270,2097390
BANKNIFTY-I.NFO,25/11/2024,09:45:30,52125.25,52127.7,15,52142.4,120,60,2097390
BANKNIFTY-I.NFO,25/11/2024,09:45:32,52127.7,52127.15,15,52140.4,15,135,2097390
BANKNIFTY-I.NFO,25/11/2024,09:45:34,52127.7,52135.05,15,52142.6,15,0,2097390
BANKNIFTY-I.NFO,25/11/2024,09:45:35,52158.15,52142.7,120,52157.65,15,1560,2097390
BANKNIFTY-I.NFO,25/11/2024,09:45:37,52143.1,52142.7,135,52153.3,15,45,2097390
BANKNIFTY-I.NFO,25/11/2024,09:45:39,52146.35,52144.85,120,52155.95,15,120,2097390
BANKNIFTY-I.NFO,25/11/2024,09:45:40,52158.9,52143.5,120,52157.3,15,75,2097390
BANKNIFTY-I.NFO,25/11/2024,09:45:42,52152.2,52142.7,120,52152.95,15,15,2097390
BANKNIFTY-I.NFO,25/11/2024,09:45:43,52140.1,52133.05,15,52144.5,75,360,2097390
BANKNIFTY-I.NFO,25/11/2024,09:45:45,52133.3,52133.05,30,52145.55,30,15,2097390
BANKNIFTY-I.NFO,25/11/2024,09:45:47,52133.05,52133.05,15,52144.15,30,30,2097390
BANKNIFTY-I.NFO,25/11/2024,09:45:48,52149.45,52140,135,52149.95,15,30,2097390
BANKNIFTY-I.NFO,25/11/2024,09:45:50,52140,52141.35,15,52150,30,270,2097390
BANKNIFTY-I.NFO,25/11/2024,09:45:52,52150,52140,30,52152.6,165,60,2097390
BANKNIFTY-I.NFO,25/11/2024,09:45:53,52155.3,52140,45,52150,30,930,2097390
BANKNIFTY-I.NFO,25/11/2024,09:45:55,52140,52140,30,52150,60,15,2097390
BANKNIFTY-I.NFO,25/11/2024,09:45:57,52140,52140,390,52141.35,30,15,2097390
BANKNIFTY-I.NFO,25/11/2024,09:45:58,52140,52140,390,52147.15,30,90,2097390
BANKNIFTY-I.NFO,25/11/2024,09:46:00,52140,52133.05,30,52140,15,390,2097390
BANKNIFTY-I.NFO,25/11/2024,09:46:02,52133.05,52133.05,15,52142.05,120,60,2097390
BANKNIFTY-I.NFO,25/11/2024,09:46:03,52140.9,52133.05,15,52140,45,225,2097390
BANKNIFTY-I.NFO,25/11/2024,09:46:05,52135,52123.6,120,52136.95,15,450,2097390
BANKNIFTY-I.NFO,25/11/2024,09:46:07,52120.5,52120,105,52129.7,45,345,2097390
BANKNIFTY-I.NFO,25/11/2024,09:46:08,52114.05,52113.05,15,52127.25,45,390,2097390
BANKNIFTY-I.NFO,25/11/2024,09:46:10,52114.1,52114.05,15,52127.75,45,165,2097390
BANKNIFTY-I.NFO,25/11/2024,09:46:12,52118.3,52118.65,120,52122.55,15,45,2097390
BANKNIFTY-I.NFO,25/11/2024,09:46:13,52123.5,52123.15,120,52128,45,105,2097390
BANKNIFTY-I.NFO,25/11/2024,09:46:15,52140,52140,135,52142.25,30,90,2097390
BANKNIFTY-I.NFO,25/11/2024,09:46:17,52130.5,52132.55,90,52144.95,15,240,2097390
BANKNIFTY-I.NFO,25/11/2024,09:46:18,52135.75,52134.55,45,52145,30,15,2097390
BANKNIFTY-I.NFO,25/11/2024,09:46:20,52146.65,52143.4,45,52146.65,45,180,2097390
BANKNIFTY-I.NFO,25/11/2024,09:46:22,52146.65,52143.4,30,52146.65,30,15,2097390
BANKNIFTY-I.NFO,25/11/2024,09:46:23,52146.65,52144.2,45,52146.65,30,0,2097390
BANKNIFTY-I.NFO,25/11/2024,09:46:25,52144.25,52144.2,30,52150,75,105,2097390
BANKNIFTY-I.NFO,25/11/2024,09:46:26,52145,52144.3,30,52150,75,465,2097390
BANKNIFTY-I.NFO,25/11/2024,09:46:28,52145,52144.3,60,52150,75,0,2097390
BANKNIFTY-I.NFO,25/11/2024,09:46:30,52147.35,52144.7,90,52150,75,30,2097390
BANKNIFTY-I.NFO,25/11/2024,09:46:31,52147.35,52144.9,15,52145,15,0,2097390
BANKNIFTY-I.NFO,25/11/2024,09:46:33,52150,52148.2,30,52150,30,75,2097390
BANKNIFTY-I.NFO,25/11/2024,09:46:35,52155,52150.25,30,52160.95,15,105,2097390
BANKNIFTY-I.NFO,25/11/2024,09:46:36,52152.5,52152.25,15,52162.95,15,75,2097390
BANKNIFTY-I.NFO,25/11/2024,09:46:38,52151,52151.65,90,52162.95,15,930,2097390
BANKNIFTY-I.NFO,25/11/2024,09:46:40,52153.25,52155.4,30,52162.95,15,30,2097390
BANKNIFTY-I.NFO,25/11/2024,09:46:41,52156,52156.1,15,52165.95,15,315,2097390
BANKNIFTY-I.NFO,25/11/2024,09:46:43,52156.1,52157.05,15,52165.95,15,15,2097390
BANKNIFTY-I.NFO,25/11/2024,09:46:45,52157.2,52157.15,30,52167.95,15,45,2097390
BANKNIFTY-I.NFO,25/11/2024,09:46:46,52157.1,52155.6,300,52168.55,45,135,2097390
BANKNIFTY-I.NFO,25/11/2024,09:46:48,52170.9,52155.65,15,52169.15,120,60,2097390
BANKNIFTY-I.NFO,25/11/2024,09:46:50,52168.25,52155.6,270,52164.45,30,285,2097390
BANKNIFTY-I.NFO,25/11/2024,09:46:51,52168,52155.6,240,52168.95,45,675,2097390
BANKNIFTY-I.NFO,25/11/2024,09:46:53,52173.3,52159.5,15,52173.95,15,660,2097390
BANKNIFTY-I.NFO,25/11/2024,09:46:55,52176.6,52162.25,45,52176.65,75,615,2097390
BANKNIFTY-I.NFO,25/11/2024,09:46:56,52180,52167.7,45,52180,60,645,2097390
BANKNIFTY-I.NFO,25/11/2024,09:46:58,52188.45,52174.95,15,52189.25,15,570,2097390
BANKNIFTY-I.NFO,25/11/2024,09:47:00,52192.95,52179.1,45,52193.6,90,525,2097390
BANKNIFTY-I.NFO,25/11/2024,09:47:01,52168.1,52169.7,15,52184.95,30,210,2097390
BANKNIFTY-I.NFO,25/11/2024,09:47:03,52169.7,52170.9,45,52186.15,15,60,2097390
BANKNIFTY-I.NFO,25/11/2024,09:47:04,52169.7,52174.45,45,52187.8,15,0,2097390
BANKNIFTY-I.NFO,25/11/2024,09:47:06,52169.7,52174.5,15,52187.6,45,0,2097390
BANKNIFTY-I.NFO,25/11/2024,09:47:08,52178.6,52165.05,45,52178.1,105,375,2097390
BANKNIFTY-I.NFO,25/11/2024,09:47:09,52178.6,52165.05,30,52177.6,105,0,2097390
BANKNIFTY-I.NFO,25/11/2024,09:47:11,52178.6,52165.05,30,52176.55,105,45,2097390
BANKNIFTY-I.NFO,25/11/2024,09:47:13,52165,52161.35,45,52175.4,105,75,2097390
BANKNIFTY-I.NFO,25/11/2024,09:47:14,52175.4,52168.9,45,52182.95,90,30,2097390
BANKNIFTY-I.NFO,25/11/2024,09:47:16,52175.4,52168.9,30,52180.5,90,0,2097390
BANKNIFTY-I.NFO,25/11/2024,09:47:18,52168.9,52168.9,15,52178.8,90,75,2097390
BANKNIFTY-I.NFO,25/11/2024,09:47:19,52162.55,52162,45,52174.05,15,165,2097390
BANKNIFTY-I.NFO,25/11/2024,09:47:21,52162.05,52162.05,15,52163.55,15,45,2097390
BANKNIFTY-I.NFO,25/11/2024,09:47:23,52162.05,52162.1,15,52163.55,15,30,2097390
BANKNIFTY-I.NFO,25/11/2024,09:47:26,52155.6,52155.6,210,52167.95,60,105,2083890
BANKNIFTY-I.NFO,25/11/2024,09:47:28,52162.05,52162.05,30,52168,15,15,2083890
BANKNIFTY-I.NFO,25/11/2024,09:47:29,52168,52158.25,120,52162.05,15,30,2083890
BANKNIFTY-I.NFO,25/11/2024,09:47:31,52162.05,52159.65,15,52168.95,15,30,2083890
BANKNIFTY-I.NFO,25/11/2024,09:47:33,52160.05,52159.65,30,52168.7,75,15,2083890
BANKNIFTY-I.NFO,25/11/2024,09:47:34,52159.65,52157.7,75,52168.95,15,135,2083890
BANKNIFTY-I.NFO,25/11/2024,09:47:36,52160.15,52160.05,45,52168.95,15,45,2083890
BANKNIFTY-I.NFO,25/11/2024,09:47:38,52162.8,52161.7,30,52174.8,15,60,2083890
BANKNIFTY-I.NFO,25/11/2024,09:47:39,52163.15,52163.75,15,52174.8,15,120,2083890
BANKNIFTY-I.NFO,25/11/2024,09:47:41,52175,52169.75,15,52175,75,15,2083890
BANKNIFTY-I.NFO,25/11/2024,09:47:43,52166.1,52166.05,15,52174,195,75,2083890
BANKNIFTY-I.NFO,25/11/2024,09:47:44,52164.3,52164.05,15,52174,195,60,2083890
BANKNIFTY-I.NFO,25/11/2024,09:47:46,52166.05,52164.75,15,52174,180,30,2083890
BANKNIFTY-I.NFO,25/11/2024,09:47:48,52174,52164.75,15,52174,135,45,2083890
BANKNIFTY-I.NFO,25/11/2024,09:47:49,52174,52164.75,15,52174,120,15,2083890
BANKNIFTY-I.NFO,25/11/2024,09:47:51,52164.75,52164.75,15,52174,120,15,2083890
BANKNIFTY-I.NFO,25/11/2024,09:47:53,52164.75,52165.5,30,52174,120,0,2083890
BANKNIFTY-I.NFO,25/11/2024,09:47:54,52164.75,52166.1,30,52173.85,120,0,2083890
BANKNIFTY-I.NFO,25/11/2024,09:47:56,52164.75,52166.2,30,52173.95,120,15,2083890
BANKNIFTY-I.NFO,25/11/2024,09:47:58,52166.2,52166.2,15,52170,30,1575,2083890
BANKNIFTY-I.NFO,25/11/2024,09:47:59,52170,52166.2,30,52174,120,30,2083890
BANKNIFTY-I.NFO,25/11/2024,09:48:01,52166.2,52159.05,15,52169.1,120,45,2083890
BANKNIFTY-I.NFO,25/11/2024,09:48:03,52159.05,52155.6,210,52161.65,120,15,2083890
BANKNIFTY-I.NFO,25/11/2024,09:48:04,52155.6,52150,45,52155.6,45,255,2083890
BANKNIFTY-I.NFO,25/11/2024,09:48:06,52150,52144,30,52154.25,120,105,2083890
BANKNIFTY-I.NFO,25/11/2024,09:48:08,52140,52137.05,15,52149.75,120,105,2083890
BANKNIFTY-I.NFO,25/11/2024,09:48:09,52150.95,52141.05,15,52156.3,120,15,2083890
BANKNIFTY-I.NFO,25/11/2024,09:48:11,52142.05,52141.05,30,52154.5,120,255,2083890
BANKNIFTY-I.NFO,25/11/2024,09:48:13,52141.05,52138.05,15,52149.3,120,30,2083890
BANKNIFTY-I.NFO,25/11/2024,09:48:14,52138.05,52138.1,30,52150.75,120,15,2083890
BANKNIFTY-I.NFO,25/11/2024,09:48:16,52138.2,52143.2,30,52151.15,15,15,2083890
BANKNIFTY-I.NFO,25/11/2024,09:48:17,52150,52138.65,30,52151.15,15,15,2083890
BANKNIFTY-I.NFO,25/11/2024,09:48:19,52150.95,52138.15,30,52151.9,120,330,2083890
BANKNIFTY-I.NFO,25/11/2024,09:48:21,52150.95,52138.15,60,52148.25,120,0,2083890
BANKNIFTY-I.NFO,25/11/2024,09:48:22,52138.15,52138.15,45,52149.95,120,165,2083890
BANKNIFTY-I.NFO,25/11/2024,09:48:24,52138.15,52138.3,120,52150,165,30,2083890
BANKNIFTY-I.NFO,25/11/2024,09:48:26,52142.45,52141.05,15,52150,165,30,2083890
BANKNIFTY-I.NFO,25/11/2024,09:48:27,52150,52147.15,105,52150,195,15,2083890
BANKNIFTY-I.NFO,25/11/2024,09:48:29,52150,52147.15,30,52150,195,0,2083890
BANKNIFTY-I.NFO,25/11/2024,09:48:31,52150,52147.15,30,52150,195,15,2083890
BANKNIFTY-I.NFO,25/11/2024,09:48:33,52147.2,52147.15,30,52150,195,630,2083890
BANKNIFTY-I.NFO,25/11/2024,09:48:34,52150,52147.15,30,52150,60,135,2083890
BANKNIFTY-I.NFO,25/11/2024,09:48:36,52150,52149.95,15,52164.3,120,75,2083890
BANKNIFTY-I.NFO,25/11/2024,09:48:38,52148.05,52150.05,15,52162.5,120,90,2083890
BANKNIFTY-I.NFO,25/11/2024,09:48:39,52148.05,52153.45,30,52163,30,0,2083890
BANKNIFTY-I.NFO,25/11/2024,09:48:41,52148.05,52158.5,15,52163,30,0,2083890
