Ticker,Date,Time,LTP,BuyPrice,BuyQty,SellPrice,SellQty,LTQ,OpenInterest
NIFTY-II.NFO,25/11/2024,09:15:00,24354.55,24400.05,100,24429.15,50,5425,2347125
NIFTY-II.NFO,25/11/2024,09:15:00,24354.55,24400.05,100,24429.15,50,0,2347125
NIFTY-II.NFO,25/11/2024,09:15:00,24454.3,24400.05,100,24429.15,50,0,2347125
NIFTY-II.NFO,25/11/2024,09:15:00,24354.55,24400.05,100,24429.15,50,0,2347125
NIFTY-II.NFO,25/11/2024,09:15:01,24379.65,24379.9,175,24407.95,200,8725,2347125
NIFTY-II.NFO,25/11/2024,09:15:02,24411.55,24390.15,200,24411.55,100,7150,2347125
NIFTY-II.NFO,25/11/2024,09:15:04,24391.75,24391.75,200,24398.95,25,5950,2347125
NIFTY-II.NFO,25/11/2024,09:15:05,24390,24386.75,175,24397.3,200,3950,2347125
NIFTY-II.NFO,25/11/2024,09:15:07,24400,24400,1125,24403.75,75,2625,2347125
NIFTY-II.NFO,25/11/2024,09:15:08,24409.3,24397,200,24409.55,50,5350,2347125
NIFTY-II.NFO,25/11/2024,09:15:10,24400,24396.6,250,24409.95,200,4125,2347125
NIFTY-II.NFO,25/11/2024,09:15:12,24411.3,24407.6,100,24419.85,200,5300,2347125
NIFTY-II.NFO,25/11/2024,09:15:13,24431.95,24422.65,25,24431.95,200,6550,2347125
NIFTY-II.NFO,25/11/2024,09:15:15,24422.9,24422.95,125,24434.05,250,6000,2347125
NIFTY-II.NFO,25/11/2024,09:15:17,24441.7,24431.6,200,24443.1,50,7200,2347125
NIFTY-II.NFO,25/11/2024,09:15:18,24439.8,24435.6,200,24443.25,50,2425,2347125
NIFTY-II.NFO,25/11/2024,09:15:20,24435.25,24429.75,200,24439.9,250,6075,2347125
NIFTY-II.NFO,25/11/2024,09:15:21,24435.35,24435.35,200,24448.5,75,4225,2347125
NIFTY-II.NFO,25/11/2024,09:15:23,24441.7,24438.65,75,24448.95,200,3125,2347125
NIFTY-II.NFO,25/11/2024,09:15:25,24447.7,24437.55,250,24447.7,575,3800,2347125
NIFTY-II.NFO,25/11/2024,09:15:26,24444.65,24432.1,250,24441.55,75,4100,2347125
NIFTY-II.NFO,25/11/2024,09:15:28,24438.55,24429,50,24439.95,200,3575,2347125
NIFTY-II.NFO,25/11/2024,09:15:29,24436.25,24425.95,100,24435.75,200,3925,2347125
NIFTY-II.NFO,25/11/2024,09:15:31,24431.8,24422.35,200,24431.8,50,4950,2347125
NIFTY-II.NFO,25/11/2024,09:15:33,24429.55,24429.55,25,24434.35,150,2875,2347125
NIFTY-II.NFO,25/11/2024,09:15:34,24430,24429.55,25,24430,125,1800,2347125
NIFTY-II.NFO,25/11/2024,09:15:36,24432.5,24432.5,25,24435,150,2375,2347125
NIFTY-II.NFO,25/11/2024,09:15:38,24435.4,24430.05,150,24436.7,25,2925,2347125
NIFTY-II.NFO,25/11/2024,09:15:39,24427.2,24430.05,25,24431,25,700,2347125
NIFTY-II.NFO,25/11/2024,09:15:41,24431,24431,150,24437.1,200,1000,2347125
NIFTY-II.NFO,25/11/2024,09:15:43,24430,24427.9,125,24435.25,200,2000,2347125
NIFTY-II.NFO,25/11/2024,09:15:44,24431.05,24431.05,25,24434.05,200,975,2347125
NIFTY-II.NFO,25/11/2024,09:15:46,24431.05,24431.05,25,24434.35,25,375,2347125
NIFTY-II.NFO,25/11/2024,09:15:47,24430,24430,225,24431.05,25,1700,2347125
NIFTY-II.NFO,25/11/2024,09:15:49,24422.25,24422.15,200,24431.3,125,1225,2347125
NIFTY-II.NFO,25/11/2024,09:15:51,24430.95,24424.75,200,24430.95,150,1300,2347125
NIFTY-II.NFO,25/11/2024,09:15:52,24434.95,24429.3,125,24434.95,150,1625,2347125
NIFTY-II.NFO,25/11/2024,09:15:54,24430,24427.05,25,24430,6800,6675,2347125
NIFTY-II.NFO,25/11/2024,09:15:56,24430,24426,50,24430,4475,14925,2347125
NIFTY-II.NFO,25/11/2024,09:15:57,24429.9,24420.2,250,24428.1,125,3975,2347125
NIFTY-II.NFO,25/11/2024,09:15:59,24430,24422.85,200,24430,5550,1500,2347125
NIFTY-II.NFO,25/11/2024,09:16:00,24429.05,24429.1,175,24433.2,25,6375,2347125
NIFTY-II.NFO,25/11/2024,09:16:02,24439.55,24439.55,25,24442,25,4000,2347125
NIFTY-II.NFO,25/11/2024,09:16:04,24441.9,24431.8,275,24442.7,250,4050,2347125
NIFTY-II.NFO,25/11/2024,09:16:05,24440.05,24435.15,150,24446.35,200,3200,2347125
NIFTY-II.NFO,25/11/2024,09:16:07,24440.3,24443.55,25,24447.05,25,2300,2347125
NIFTY-II.NFO,25/11/2024,09:16:09,24448.35,24444.05,25,24446.8,25,750,2347125
NIFTY-II.NFO,25/11/2024,09:16:10,24440.25,24440.05,100,24445.25,200,1325,2347125
NIFTY-II.NFO,25/11/2024,09:16:12,24446.9,24440.1,25,24446.9,50,675,2347125
NIFTY-II.NFO,25/11/2024,09:16:13,24446.75,24440,150,24446.75,25,1700,2347125
NIFTY-II.NFO,25/11/2024,09:16:15,24447.8,24440,100,24447.2,25,1650,2347125
NIFTY-II.NFO,25/11/2024,09:16:17,24447.05,24435.95,300,24443.75,25,1850,2347125
NIFTY-II.NFO,25/11/2024,09:16:18,24436.2,24436.25,250,24444,300,550,2347125
NIFTY-II.NFO,25/11/2024,09:16:20,24445,24436.75,200,24443.2,25,1475,2347125
NIFTY-II.NFO,25/11/2024,09:16:22,24435.15,24435,50,24440.6,25,1025,2347125
NIFTY-II.NFO,25/11/2024,09:16:23,24431.1,24431.05,50,24438.35,75,1750,2347125
NIFTY-II.NFO,25/11/2024,09:16:25,24439.25,24430.85,200,24439.25,25,1350,2347125
NIFTY-II.NFO,25/11/2024,09:16:27,24438.7,24430.6,25,24435.1,50,1700,2347125
NIFTY-II.NFO,25/11/2024,09:16:28,24437.55,24430.05,250,24437.95,50,600,2347125
NIFTY-II.NFO,25/11/2024,09:16:30,24434.2,24427.1,125,24434.2,250,625,2347125
NIFTY-II.NFO,25/11/2024,09:16:32,24425.7,24425.8,50,24432.85,125,1375,2347125
NIFTY-II.NFO,25/11/2024,09:16:33,24427.55,24425.65,250,24434.75,175,600,2347125
NIFTY-II.NFO,25/11/2024,09:16:35,24425.85,24425.3,250,24432.1,25,1075,2347125
NIFTY-II.NFO,25/11/2024,09:16:37,24425,24425,325,24430,200,500,2347125
NIFTY-II.NFO,25/11/2024,09:16:38,24428.8,24422.85,125,24428.85,25,775,2347125
NIFTY-II.NFO,25/11/2024,09:16:40,24420,24421.35,250,24427.55,25,900,2347125
NIFTY-II.NFO,25/11/2024,09:16:42,24429.8,24423.1,50,24430,800,1325,2347125
NIFTY-II.NFO,25/11/2024,09:16:43,24428.85,24422.3,50,24429.3,125,1875,2347125
NIFTY-II.NFO,25/11/2024,09:16:45,24421.1,24421.1,200,24428.75,50,1100,2347125
NIFTY-II.NFO,25/11/2024,09:16:47,24426.6,24417.5,50,24425.5,125,1275,2347125
NIFTY-II.NFO,25/11/2024,09:16:48,24423.05,24415.9,50,24423.05,75,950,2347125
NIFTY-II.NFO,25/11/2024,09:16:50,24420,24416.65,25,24420,25,375,2347125
NIFTY-II.NFO,25/11/2024,09:16:52,24420.9,24413,950,24420.7,200,550,2347125
NIFTY-II.NFO,25/11/2024,09:16:53,24413,24413,850,24418.45,25,375,2347125
NIFTY-II.NFO,25/11/2024,09:16:55,24421.4,24414.2,200,24418.55,25,975,2347125
NIFTY-II.NFO,25/11/2024,09:16:57,24416.7,24413.55,200,24416.65,25,775,2347125
NIFTY-II.NFO,25/11/2024,09:16:58,24421.7,24413.05,250,24420.75,25,2200,2347125
NIFTY-II.NFO,25/11/2024,09:17:00,24419.7,24419.7,25,24423,25,650,2347125
NIFTY-II.NFO,25/11/2024,09:17:02,24416.05,24416.05,150,24421.4,25,650,2347125
NIFTY-II.NFO,25/11/2024,09:17:03,24418.9,24418.9,75,24424,225,1225,2347125
NIFTY-II.NFO,25/11/2024,09:17:05,24426.6,24423,125,24426.6,25,1550,2347125
NIFTY-II.NFO,25/11/2024,09:17:07,24422.05,24422.2,125,24425,100,550,2347125
NIFTY-II.NFO,25/11/2024,09:17:08,24418.05,24419.6,125,24425.55,50,1475,2347125
NIFTY-II.NFO,25/11/2024,09:17:10,24427.25,24418.05,200,24425,125,2400,2347125
NIFTY-II.NFO,25/11/2024,09:17:12,24425.45,24418.9,25,24425.4,50,1300,2347125
NIFTY-II.NFO,25/11/2024,09:17:13,24419.95,24418.65,200,24426.55,200,1250,2347125
NIFTY-II.NFO,25/11/2024,09:17:15,24425.2,24419.05,25,24425.95,200,875,2347125
NIFTY-II.NFO,25/11/2024,09:17:17,24420,24418.1,125,24423.45,25,300,2347125
NIFTY-II.NFO,25/11/2024,09:17:18,24426,24417.55,200,24423.4,25,1550,2314075
NIFTY-II.NFO,25/11/2024,09:17:20,24422.6,24417.5,175,24422.85,625,1100,2314075
NIFTY-II.NFO,25/11/2024,09:17:22,24422,24417.5,125,24422,1325,850,2314075
NIFTY-II.NFO,25/11/2024,09:17:23,24417.5,24417.5,25,24422,700,900,2314075
NIFTY-II.NFO,25/11/2024,09:17:25,24421,24414.75,200,24421.3,25,950,2314075
NIFTY-II.NFO,25/11/2024,09:17:27,24420,24414.9,200,24420,425,800,2314075
NIFTY-II.NFO,25/11/2024,09:17:28,24420,24417.5,25,24420,125,1150,2314075
NIFTY-II.NFO,25/11/2024,09:17:30,24420,24420,100,24421.55,25,450,2314075
NIFTY-II.NFO,25/11/2024,09:17:32,24415.75,24415.55,125,24420.5,125,300,2314075
NIFTY-II.NFO,25/11/2024,09:17:33,24419.1,24415,50,24419.1,100,675,2314075
NIFTY-II.NFO,25/11/2024,09:17:35,24420.4,24415,150,24420.45,125,1350,2314075
NIFTY-II.NFO,25/11/2024,09:17:37,24418,24415,75,24419.85,125,200,2314075
NIFTY-II.NFO,25/11/2024,09:17:38,24415.15,24415.35,125,24420,500,975,2314075
NIFTY-II.NFO,25/11/2024,09:17:40,24415.3,24413.7,75,24420,425,2375,2314075
NIFTY-II.NFO,25/11/2024,09:17:42,24410.4,24411.1,125,24418.9,200,600,2314075
NIFTY-II.NFO,25/11/2024,09:17:43,24413.7,24413.7,475,24419.25,25,450,2314075
NIFTY-II.NFO,25/11/2024,09:17:45,24413.7,24413.7,300,24418.9,125,450,2314075
NIFTY-II.NFO,25/11/2024,09:17:47,24417.7,24413.75,175,24419.6,125,175,2314075
NIFTY-II.NFO,25/11/2024,09:17:49,24412.7,24412,125,24417.5,25,475,2314075
NIFTY-II.NFO,25/11/2024,09:17:50,24412.2,24412.7,50,24418.6,625,325,2314075
NIFTY-II.NFO,25/11/2024,09:17:52,24412.7,24412.65,175,24419.25,125,275,2314075
NIFTY-II.NFO,25/11/2024,09:17:54,24414.5,24413.85,100,24419.7,25,675,2314075
NIFTY-II.NFO,25/11/2024,09:17:55,24413.2,24413,25,24419.05,125,3250,2314075
NIFTY-II.NFO,25/11/2024,09:17:57,24411.9,24411.9,200,24418.85,75,175,2314075
NIFTY-II.NFO,25/11/2024,09:17:59,24416.7,24410.35,25,24416.7,50,375,2314075
NIFTY-II.NFO,25/11/2024,09:18:00,24411,24410,1475,24415,25,300,2314075
NIFTY-II.NFO,25/11/2024,09:18:02,24419.3,24418.55,1000,24419.8,25,475,2314075
NIFTY-II.NFO,25/11/2024,09:18:04,24419,24417.4,250,24422,250,3500,2314075
NIFTY-II.NFO,25/11/2024,09:18:05,24419.5,24415.85,250,24422.7,150,500,2314075
NIFTY-II.NFO,25/11/2024,09:18:07,24420,24415.1,200,24422.05,125,425,2314075
NIFTY-II.NFO,25/11/2024,09:18:09,24420,24417.35,125,24420,275,325,2314075
NIFTY-II.NFO,25/11/2024,09:18:10,24418.4,24415.3,25,24422.25,325,600,2314075
NIFTY-II.NFO,25/11/2024,09:18:12,24419.65,24415,25,24419.65,200,1675,2314075
NIFTY-II.NFO,25/11/2024,09:18:14,24421.55,24415.35,250,24422.3,25,1100,2314075
NIFTY-II.NFO,25/11/2024,09:18:15,24416.25,24416.45,250,24421.75,125,675,2314075
NIFTY-II.NFO,25/11/2024,09:18:17,24421.75,24417.2,250,24422.15,125,1025,2314075
NIFTY-II.NFO,25/11/2024,09:18:18,24417.35,24417.45,25,24421.45,125,650,2314075
NIFTY-II.NFO,25/11/2024,09:18:20,24418.75,24418.75,275,24422.5,25,650,2314075
NIFTY-II.NFO,25/11/2024,09:18:22,24423.45,24418.55,100,24423.55,125,400,2314075
NIFTY-II.NFO,25/11/2024,09:18:23,24417.4,24417.15,425,24421.55,100,625,2314075
NIFTY-II.NFO,25/11/2024,09:18:25,24419,24417.05,75,24424.1,25,1775,2314075
NIFTY-II.NFO,25/11/2024,09:18:27,24418,24424.65,25,24424.8,25,1525,2314075
NIFTY-II.NFO,25/11/2024,09:18:28,24420.05,24420.05,25,24422.5,25,1250,2314075
NIFTY-II.NFO,25/11/2024,09:18:30,24420.3,24420.3,25,24422.5,25,100,2314075
NIFTY-II.NFO,25/11/2024,09:18:32,24420.55,24420.55,25,24423.05,125,200,2314075
NIFTY-II.NFO,25/11/2024,09:18:33,24420.6,24420.6,100,24425.1,25,2700,2314075
NIFTY-II.NFO,25/11/2024,09:18:35,24422,24421.05,25,24423.5,125,675,2314075
NIFTY-II.NFO,25/11/2024,09:18:37,24421.15,24421.05,25,24422,25,700,2314075
NIFTY-II.NFO,25/11/2024,09:18:38,24421.05,24421.35,50,24424.4,125,500,2314075
NIFTY-II.NFO,25/11/2024,09:18:40,24421.35,24419.1,200,24422.95,25,375,2314075
NIFTY-II.NFO,25/11/2024,09:18:42,24420.65,24420.6,25,24425,75,400,2314075
NIFTY-II.NFO,25/11/2024,09:18:43,24426.75,24424.05,25,24426.75,25,650,2314075
NIFTY-II.NFO,25/11/2024,09:18:45,24424.05,24418.5,200,24426.2,125,4375,2314075
NIFTY-II.NFO,25/11/2024,09:18:47,24427.5,24425,500,24427.55,25,950,2314075
NIFTY-II.NFO,25/11/2024,09:18:48,24423.55,24423.55,25,24427.75,75,1250,2314075
NIFTY-II.NFO,25/11/2024,09:18:50,24427.75,24424.05,100,24427.05,125,500,2314075
NIFTY-II.NFO,25/11/2024,09:18:52,24430,24424,25,24427.75,200,1625,2314075
NIFTY-II.NFO,25/11/2024,09:18:53,24423.25,24423.25,25,24427.75,50,475,2314075
NIFTY-II.NFO,25/11/2024,09:18:55,24430,24426.05,25,24429,25,250,2314075
NIFTY-II.NFO,25/11/2024,09:18:57,24427.75,24427.75,25,24429.75,25,525,2314075
NIFTY-II.NFO,25/11/2024,09:18:58,24430,24426.05,375,24430,1725,575,2314075
NIFTY-II.NFO,25/11/2024,09:19:00,24427.75,24427.75,25,24429.9,125,275,2314075
NIFTY-II.NFO,25/11/2024,09:19:02,24427.85,24427.85,25,24429.75,25,1075,2314075
NIFTY-II.NFO,25/11/2024,09:19:03,24430,24428.75,125,24431.1,25,1525,2314075
NIFTY-II.NFO,25/11/2024,09:19:05,24429.6,24429.1,125,24430,75,100,2314075
NIFTY-II.NFO,25/11/2024,09:19:07,24429.05,24429.05,150,24432.1,125,600,2314075
NIFTY-II.NFO,25/11/2024,09:19:08,24432.1,24430,50,24432.7,125,150,2314075
NIFTY-II.NFO,25/11/2024,09:19:10,24433.2,24430.25,25,24433.15,125,250,2314075
NIFTY-II.NFO,25/11/2024,09:19:12,24435,24431.7,25,24433.35,125,600,2314075
NIFTY-II.NFO,25/11/2024,09:19:13,24432.1,24431.45,25,24433.7,125,225,2314075
NIFTY-II.NFO,25/11/2024,09:19:15,24431.7,24431.55,25,24433.7,125,650,2314075
NIFTY-II.NFO,25/11/2024,09:19:17,24433.9,24433.55,25,24433.95,125,1550,2314075
NIFTY-II.NFO,25/11/2024,09:19:18,24433.95,24433.2,1200,24433.95,100,2075,2314075
NIFTY-II.NFO,25/11/2024,09:19:20,24434,24433.2,1125,24435.3,125,350,2314075
NIFTY-II.NFO,25/11/2024,09:19:22,24433.2,24433.2,900,24435.9,125,1925,2314075
NIFTY-II.NFO,25/11/2024,09:19:23,24433.2,24431.7,25,24434.4,175,1575,2314075
NIFTY-II.NFO,25/11/2024,09:19:25,24434,24431.45,500,24435,50,400,2314075
NIFTY-II.NFO,25/11/2024,09:19:27,24433.2,24435,1500,24435.9,125,550,2314075
NIFTY-II.NFO,25/11/2024,09:19:28,24436.15,24431.05,25,24434.95,200,2825,2314075
NIFTY-II.NFO,25/11/2024,09:19:30,24435.7,24431.5,100,24435.7,100,1725,2314075
NIFTY-II.NFO,25/11/2024,09:19:32,24432.05,24432,25,24434.15,25,150,2314075
NIFTY-II.NFO,25/11/2024,09:19:33,24434.4,24434.15,1500,24434.4,25,1300,2314075
NIFTY-II.NFO,25/11/2024,09:19:35,24431.5,24431.5,50,24434.15,25,525,2314075
NIFTY-II.NFO,25/11/2024,09:19:37,24432,24431.5,50,24436.15,25,125,2314075
NIFTY-II.NFO,25/11/2024,09:19:38,24434.75,24430,25,24434.95,200,4075,2314075
NIFTY-II.NFO,25/11/2024,09:19:40,24429.3,24430.55,25,24434.95,200,450,2314075
NIFTY-II.NFO,25/11/2024,09:19:42,24435,24434.95,1500,24435,75,125,2314075
NIFTY-II.NFO,25/11/2024,09:19:43,24435.95,24432,25,24435,25,800,2314075
NIFTY-II.NFO,25/11/2024,09:19:45,24431.05,24430,25,24434.95,25,75,2314075
NIFTY-II.NFO,25/11/2024,09:19:47,24435,24434.95,1425,24435,75,400,2314075
NIFTY-II.NFO,25/11/2024,09:19:48,24434.95,24434.95,1075,24436,50,475,2314075
NIFTY-II.NFO,25/11/2024,09:19:50,24435.65,24435.05,25,24439.25,625,575,2314075
NIFTY-II.NFO,25/11/2024,09:19:52,24435.15,24435.15,275,24439.8,875,475,2314075
NIFTY-II.NFO,25/11/2024,09:19:53,24440.6,24435.6,75,24440.2,500,2775,2314075
NIFTY-II.NFO,25/11/2024,09:19:55,24437,24435.1,150,24439.55,100,1600,2314075
NIFTY-II.NFO,25/11/2024,09:19:57,24434.95,24434.75,50,24437.1,125,450,2314075
NIFTY-II.NFO,25/11/2024,09:19:59,24434.15,24433.7,25,24434.75,25,250,2314075
NIFTY-II.NFO,25/11/2024,09:20:00,24433.6,24430.55,250,24433.65,50,1675,2314075
NIFTY-II.NFO,25/11/2024,09:20:02,24430.55,24430.55,150,24432.8,125,900,2314075
NIFTY-II.NFO,25/11/2024,09:20:04,24427.1,24423.25,50,24426.2,375,1550,2314075
NIFTY-II.NFO,25/11/2024,09:20:05,24425.7,24428.4,500,24433.9,50,75,2314075
NIFTY-II.NFO,25/11/2024,09:20:07,24430.55,24429.55,25,24434.1,25,25,2314075
NIFTY-II.NFO,25/11/2024,09:20:09,24430.2,24431,200,24435,25,425,2314075
NIFTY-II.NFO,25/11/2024,09:20:10,24431.85,24431.05,250,24435,25,225,2314075
NIFTY-II.NFO,25/11/2024,09:20:12,24435,24435,50,24438.25,125,1100,2314075
NIFTY-II.NFO,25/11/2024,09:20:14,24432.4,24432.7,100,24435,25,275,2314075
NIFTY-II.NFO,25/11/2024,09:20:15,24433.6,24433.6,325,24435,25,525,2314075
NIFTY-II.NFO,25/11/2024,09:20:17,24438.25,24431.65,25,24436,25,400,2314075
NIFTY-II.NFO,25/11/2024,09:20:19,24430.55,24428.95,125,24432.7,25,225,2314075
NIFTY-II.NFO,25/11/2024,09:20:20,24432.7,24430.7,200,24434.65,25,100,2318350
NIFTY-II.NFO,25/11/2024,09:20:22,24438,24430.1,200,24437.9,300,575,2318350
NIFTY-II.NFO,25/11/2024,09:20:23,24425.5,24429.15,200,24434.9,200,1900,2318350
NIFTY-II.NFO,25/11/2024,09:20:25,24436.7,24430.15,125,24432.7,125,1900,2318350
NIFTY-II.NFO,25/11/2024,09:20:27,24427.15,24427.15,200,24435.2,200,2200,2318350
NIFTY-II.NFO,25/11/2024,09:20:28,24433.15,24425.15,200,24432.25,50,250,2318350
NIFTY-II.NFO,25/11/2024,09:20:30,24427.15,24427.25,125,24432.6,25,125,2318350
NIFTY-II.NFO,25/11/2024,09:20:32,24433.9,24427.6,50,24434.1,50,325,2318350
NIFTY-II.NFO,25/11/2024,09:20:33,24427.15,24427.15,25,24433.45,50,50,2318350
NIFTY-II.NFO,25/11/2024,09:20:35,24427,24427,50,24427.25,25,100,2318350
NIFTY-II.NFO,25/11/2024,09:20:37,24427.15,24427,50,24427.6,25,50,2318350
NIFTY-II.NFO,25/11/2024,09:20:38,24425,24425,775,24427,50,225,2318350
NIFTY-II.NFO,25/11/2024,09:20:40,24425,24423.25,25,24424.95,125,1050,2318350
NIFTY-II.NFO,25/11/2024,09:20:42,24420.55,24420,275,24421.05,125,150,2318350
NIFTY-II.NFO,25/11/2024,09:20:43,24420,24420,50,24422.3,125,450,2318350
NIFTY-II.NFO,25/11/2024,09:20:45,24418.15,24417.9,125,24424.2,25,250,2318350
NIFTY-II.NFO,25/11/2024,09:20:47,24417.85,24417.8,275,24423.95,50,125,2318350
NIFTY-II.NFO,25/11/2024,09:20:48,24423.65,24417.8,275,24424,100,225,2318350
NIFTY-II.NFO,25/11/2024,09:20:50,24423.65,24421.4,150,24423.65,100,725,2318350
NIFTY-II.NFO,25/11/2024,09:20:52,24421.35,24417.75,75,24421.2,75,400,2318350
NIFTY-II.NFO,25/11/2024,09:20:53,24416.1,24416.1,25,24420,25,300,2318350
NIFTY-II.NFO,25/11/2024,09:20:55,24419.15,24415,125,24419.6,250,100,2318350
NIFTY-II.NFO,25/11/2024,09:20:57,24412.05,24412.05,25,24416,25,550,2318350
NIFTY-II.NFO,25/11/2024,09:20:58,24413.1,24411,750,24414.2,475,550,2318350
NIFTY-II.NFO,25/11/2024,09:21:00,24410.1,24410.1,75,24410.55,150,900,2318350
NIFTY-II.NFO,25/11/2024,09:21:02,24411,24410,225,24411,50,300,2318350
NIFTY-II.NFO,25/11/2024,09:21:03,24410.05,24404.1,50,24410.25,200,600,2318350
NIFTY-II.NFO,25/11/2024,09:21:05,24408.25,24403.75,25,24407.9,125,100,2318350
NIFTY-II.NFO,25/11/2024,09:21:07,24404.75,24400,1825,24405.85,25,1475,2318350
NIFTY-II.NFO,25/11/2024,09:21:08,24400,24404.8,25,24406.95,100,400,2318350
NIFTY-II.NFO,25/11/2024,09:21:10,24400.25,24400,1625,24405,25,150,2318350
NIFTY-II.NFO,25/11/2024,09:21:12,24404.75,24401,375,24404.8,25,400,2318350
NIFTY-II.NFO,25/11/2024,09:21:13,24405.4,24405.4,75,24408.25,50,325,2318350
NIFTY-II.NFO,25/11/2024,09:21:15,24408.55,24408.35,125,24415,325,1275,2318350
NIFTY-II.NFO,25/11/2024,09:21:17,24405.4,24405.4,100,24410.35,25,500,2318350
NIFTY-II.NFO,25/11/2024,09:21:18,24408.55,24401.75,250,24402.65,25,275,2318350
NIFTY-II.NFO,25/11/2024,09:21:20,24401,24401,25,24406.6,75,500,2318350
NIFTY-II.NFO,25/11/2024,09:21:22,24401.1,24401.1,125,24401.75,75,225,2318350
NIFTY-II.NFO,25/11/2024,09:21:23,24400,24400,1200,24401.75,100,250,2318350
NIFTY-II.NFO,25/11/2024,09:21:25,24401.75,24400.55,125,24405,50,325,2318350
NIFTY-II.NFO,25/11/2024,09:21:27,24400,24402,25,24405,50,1475,2318350
NIFTY-II.NFO,25/11/2024,09:21:28,24401,24398.8,250,24401,25,100,2318350
NIFTY-II.NFO,25/11/2024,09:21:30,24398.65,24399.55,250,24401,25,250,2318350
NIFTY-II.NFO,25/11/2024,09:21:32,24400,24397.7,50,24400,75,250,2318350
NIFTY-II.NFO,25/11/2024,09:21:33,24395.4,24395.75,125,24400,100,850,2318350
NIFTY-II.NFO,25/11/2024,09:21:35,24400,24396.9,375,24401,350,575,2318350
NIFTY-II.NFO,25/11/2024,09:21:37,24397.35,24396.8,250,24400,350,125,2318350
NIFTY-II.NFO,25/11/2024,09:21:38,24396.85,24398.75,250,24400,375,125,2318350
NIFTY-II.NFO,25/11/2024,09:21:40,24396.1,24396.2,100,24397.7,50,750,2318350
NIFTY-II.NFO,25/11/2024,09:21:42,24400,24396.3,125,24401,350,550,2318350
NIFTY-II.NFO,25/11/2024,09:21:43,24395.1,24395.1,75,24400,150,225,2318350
NIFTY-II.NFO,25/11/2024,09:21:45,24397.75,24397.9,75,24400,225,150,2318350
NIFTY-II.NFO,25/11/2024,09:21:47,24400,24399.4,250,24400,150,750,2318350
NIFTY-II.NFO,25/11/2024,09:21:48,24400,24397.05,250,24400,75,525,2318350
NIFTY-II.NFO,25/11/2024,09:21:50,24400,24395,350,24399.95,125,1025,2318350
NIFTY-II.NFO,25/11/2024,09:21:52,24396.6,24390,350,24395.2,50,1000,2318350
NIFTY-II.NFO,25/11/2024,09:21:53,24392.3,24390,225,24393.55,250,225,2318350
NIFTY-II.NFO,25/11/2024,09:21:55,24390,24390,125,24396.85,250,350,2318350
NIFTY-II.NFO,25/11/2024,09:21:57,24386,24387.3,50,24394.7,200,1250,2318350
NIFTY-II.NFO,25/11/2024,09:21:58,24394.3,24387.65,150,24394.25,200,275,2318350
NIFTY-II.NFO,25/11/2024,09:22:00,24394.25,24385,50,24386,25,150,2318350
NIFTY-II.NFO,25/11/2024,09:22:02,24389.95,24383.55,75,24390,75,600,2318350
NIFTY-II.NFO,25/11/2024,09:22:03,24384.8,24384.05,50,24389.7,25,925,2318350
NIFTY-II.NFO,25/11/2024,09:22:05,24385.3,24385.25,25,24392.8,150,850,2318350
NIFTY-II.NFO,25/11/2024,09:22:07,24393.95,24385.95,175,24393.95,25,275,2318350
NIFTY-II.NFO,25/11/2024,09:22:08,24383.4,24384.95,75,24391.95,25,525,2318350
NIFTY-II.NFO,25/11/2024,09:22:10,24386.35,24386.35,75,24391.3,200,475,2318350
NIFTY-II.NFO,25/11/2024,09:22:12,24386.35,24387,100,24391.9,200,200,2318350
NIFTY-II.NFO,25/11/2024,09:22:13,24387.4,24387.4,375,24390,50,250,2318350
NIFTY-II.NFO,25/11/2024,09:22:15,24388,24387.4,175,24391.95,75,625,2318350
NIFTY-II.NFO,25/11/2024,09:22:17,24386,24386,275,24391.8,175,875,2318350
NIFTY-II.NFO,25/11/2024,09:22:18,24386,24386,25,24390,75,250,2318350
NIFTY-II.NFO,25/11/2024,09:22:20,24386.2,24383,50,24387.35,250,550,2318350
NIFTY-II.NFO,25/11/2024,09:22:22,24381,24381,725,24383,50,850,2318350
NIFTY-II.NFO,25/11/2024,09:22:23,24383.75,24381,575,24385.05,25,200,2318350
NIFTY-II.NFO,25/11/2024,09:22:25,24390.5,24381.5,250,24390.55,250,1675,2318350
NIFTY-II.NFO,25/11/2024,09:22:27,24384.85,24383.15,225,24390,25,300,2318350
NIFTY-II.NFO,25/11/2024,09:22:28,24383.15,24381.45,175,24386,25,275,2318350
NIFTY-II.NFO,25/11/2024,09:22:30,24382.5,24382.1,200,24386,75,450,2318350
NIFTY-II.NFO,25/11/2024,09:22:32,24384,24384,425,24388.45,25,350,2318350
NIFTY-II.NFO,25/11/2024,09:22:33,24390,24386.35,125,24390,1325,1350,2318350
NIFTY-II.NFO,25/11/2024,09:22:35,24390.05,24390.05,200,24394.1,25,2050,2318350
NIFTY-II.NFO,25/11/2024,09:22:37,24390.25,24390.5,100,24398.95,200,550,2318350
NIFTY-II.NFO,25/11/2024,09:22:38,24393.05,24393.45,125,24399,250,450,2318350
NIFTY-II.NFO,25/11/2024,09:22:40,24392.85,24392.9,250,24399.95,100,700,2318350
NIFTY-II.NFO,25/11/2024,09:22:42,24394.1,24396.25,25,24400,900,1125,2318350
NIFTY-II.NFO,25/11/2024,09:22:43,24398.5,24398.9,50,24405,225,1350,2318350
NIFTY-II.NFO,25/11/2024,09:22:45,24408.65,24401.15,200,24408.6,100,1450,2318350
NIFTY-II.NFO,25/11/2024,09:22:47,24402.65,24404.15,200,24410,350,275,2318350
NIFTY-II.NFO,25/11/2024,09:22:48,24404.15,24402,200,24406,25,325,2318350
NIFTY-II.NFO,25/11/2024,09:22:50,24395.75,24395.5,425,24403.25,75,2725,2318350
NIFTY-II.NFO,25/11/2024,09:22:52,24399.95,24392.4,25,24399.95,125,900,2318350
NIFTY-II.NFO,25/11/2024,09:22:53,24399.3,24392.8,200,24399.8,50,450,2318350
NIFTY-II.NFO,25/11/2024,09:22:55,24394.8,24395.5,300,24399.95,250,225,2318350
NIFTY-II.NFO,25/11/2024,09:22:57,24396.65,24396.65,150,24399.95,125,175,2318350
NIFTY-II.NFO,25/11/2024,09:22:58,24407.5,24399.15,200,24407.5,250,3275,2318350
NIFTY-II.NFO,25/11/2024,09:23:00,24404.95,24399.1,125,24405.9,200,425,2318350
NIFTY-II.NFO,25/11/2024,09:23:02,24400.65,24400.25,175,24406.95,25,150,2318350
NIFTY-II.NFO,25/11/2024,09:23:03,24404.6,24404.05,75,24410,150,200,2318350
NIFTY-II.NFO,25/11/2024,09:23:05,24412,24406.85,250,24414.95,200,575,2318350
NIFTY-II.NFO,25/11/2024,09:23:07,24407.7,24407.65,800,24414.95,25,475,2318350
NIFTY-II.NFO,25/11/2024,09:23:08,24410.5,24410.5,250,24415.95,25,350,2318350
NIFTY-II.NFO,25/11/2024,09:23:10,24409.6,24408.85,125,24412,25,625,2318350
NIFTY-II.NFO,25/11/2024,09:23:12,24405.95,24406,275,24409.95,25,575,2318350
NIFTY-II.NFO,25/11/2024,09:23:13,24408.9,24403.5,225,24408.9,150,425,2318350
NIFTY-II.NFO,25/11/2024,09:23:15,24409.6,24405,375,24409.6,25,275,2318350
NIFTY-II.NFO,25/11/2024,09:23:17,24410.9,24404.75,400,24411.15,375,750,2318350
NIFTY-II.NFO,25/11/2024,09:23:18,24414.35,24407.75,875,24413.95,25,275,2318350
NIFTY-II.NFO,25/11/2024,09:23:20,24405.55,24405.95,200,24411.95,25,175,2323700
NIFTY-II.NFO,25/11/2024,09:23:22,24405.35,24407,25,24409.95,25,125,2323700
NIFTY-II.NFO,25/11/2024,09:23:23,24410.9,24404.6,25,24410.95,275,500,2323700
NIFTY-II.NFO,25/11/2024,09:23:25,24410.95,24406,625,24409.95,25,25,2323700
NIFTY-II.NFO,25/11/2024,09:23:27,24406.85,24406.25,500,24410,75,100,2323700
NIFTY-II.NFO,25/11/2024,09:23:28,24410.95,24406.3,200,24410.9,25,275,2323700
NIFTY-II.NFO,25/11/2024,09:23:30,24406.55,24407.45,200,24410,25,200,2323700
NIFTY-II.NFO,25/11/2024,09:23:32,24414,24407.2,125,24409.95,25,375,2323700
NIFTY-II.NFO,25/11/2024,09:23:33,24405.45,24407.3,25,24412.9,250,475,2323700
NIFTY-II.NFO,25/11/2024,09:23:35,24408.75,24408.75,200,24414,200,100,2323700
NIFTY-II.NFO,25/11/2024,09:23:37,24408.2,24407.9,25,24412.8,25,150,2323700
NIFTY-II.NFO,25/11/2024,09:23:38,24407.3,24407.3,600,24413.85,125,225,2323700
NIFTY-II.NFO,25/11/2024,09:23:40,24406.55,24405.15,250,24410.15,25,100,2323700
NIFTY-II.NFO,25/11/2024,09:23:42,24411.9,24407.95,25,24411.9,125,175,2323700
NIFTY-II.NFO,25/11/2024,09:23:43,24410.2,24408,200,24410.2,25,25,2323700
NIFTY-II.NFO,25/11/2024,09:23:45,24405.15,24405.1,225,24410.4,25,275,2323700
NIFTY-II.NFO,25/11/2024,09:23:47,24404.95,24404.65,175,24410.85,200,175,2323700
NIFTY-II.NFO,25/11/2024,09:23:48,24407.5,24407.65,225,24410.9,1700,125,2323700
NIFTY-II.NFO,25/11/2024,09:23:50,24406.7,24406.7,525,24410.35,25,175,2323700
NIFTY-II.NFO,25/11/2024,09:23:52,24410.9,24407.9,225,24410.9,1625,75,2323700
NIFTY-II.NFO,25/11/2024,09:23:53,24410.8,24409.65,200,24416.8,150,2450,2323700
NIFTY-II.NFO,25/11/2024,09:23:55,24416.7,24408.1,200,24415.6,175,325,2323700
NIFTY-II.NFO,25/11/2024,09:23:57,24410.05,24410.05,200,24415.65,175,75,2323700
NIFTY-II.NFO,25/11/2024,09:23:58,24416.8,24410.1,150,24415.45,125,2500,2323700
NIFTY-II.NFO,25/11/2024,09:24:00,24410,24406.7,25,24412.35,75,150,2323700
NIFTY-II.NFO,25/11/2024,09:24:02,24412.8,24410,25,24414.75,375,25,2323700
NIFTY-II.NFO,25/11/2024,09:24:03,24411,24411.05,350,24416.65,250,325,2323700
NIFTY-II.NFO,25/11/2024,09:24:05,24418.45,24411.7,250,24415,25,200,2323700
NIFTY-II.NFO,25/11/2024,09:24:07,24418.8,24413.1,250,24418.8,250,75,2323700
NIFTY-II.NFO,25/11/2024,09:24:08,24418.85,24414.65,625,24419.95,25,125,2323700
NIFTY-II.NFO,25/11/2024,09:24:10,24413,24413,600,24414.65,25,75,2323700
NIFTY-II.NFO,25/11/2024,09:24:12,24417.95,24413.35,625,24418.65,125,150,2323700
NIFTY-II.NFO,25/11/2024,09:24:13,24415.6,24415.6,475,24416,25,625,2323700
NIFTY-II.NFO,25/11/2024,09:24:15,24422.8,24417.15,625,24422.8,250,1975,2323700
NIFTY-II.NFO,25/11/2024,09:24:17,24419.3,24419.25,625,24424.95,25,1050,2323700
NIFTY-II.NFO,25/11/2024,09:24:18,24425,24421.4,200,24425,100,500,2323700
NIFTY-II.NFO,25/11/2024,09:24:20,24429.45,24420.05,200,24427.45,25,825,2323700
NIFTY-II.NFO,25/11/2024,09:24:22,24429.9,24422.1,250,24429.95,50,150,2323700
NIFTY-II.NFO,25/11/2024,09:24:23,24428,24421.95,250,24429.95,50,100,2323700
NIFTY-II.NFO,25/11/2024,09:24:25,24426.15,24426.15,150,24430,625,375,2323700
NIFTY-II.NFO,25/11/2024,09:24:27,24433.9,24430.05,200,24434.5,25,775,2323700
NIFTY-II.NFO,25/11/2024,09:24:28,24434.5,24430.15,250,24434.95,25,575,2323700
NIFTY-II.NFO,25/11/2024,09:24:30,24435.4,24435.7,125,24438,50,650,2323700
NIFTY-II.NFO,25/11/2024,09:24:32,24437.4,24436.15,300,24442.15,25,2450,2323700
NIFTY-II.NFO,25/11/2024,09:24:33,24436.95,24437.05,250,24443,475,850,2323700
NIFTY-II.NFO,25/11/2024,09:24:35,24438.95,24439,25,24443.25,75,2400,2323700
NIFTY-II.NFO,25/11/2024,09:24:37,24439,24436.1,250,24441.75,25,1050,2323700
NIFTY-II.NFO,25/11/2024,09:24:38,24442,24437.4,250,24442,25,2275,2323700
NIFTY-II.NFO,25/11/2024,09:24:40,24438.15,24438.55,25,24445,300,150,2323700
NIFTY-II.NFO,25/11/2024,09:24:42,24445,24441.75,900,24445.35,25,500,2323700
NIFTY-II.NFO,25/11/2024,09:24:43,24446.4,24442,25,24446.5,25,300,2323700
NIFTY-II.NFO,25/11/2024,09:24:45,24445,24441.75,400,24444.65,200,650,2323700
NIFTY-II.NFO,25/11/2024,09:24:47,24444.3,24439,25,24444,125,1825,2323700
NIFTY-II.NFO,25/11/2024,09:24:48,24437.8,24437.8,275,24445.9,50,1200,2323700
NIFTY-II.NFO,25/11/2024,09:24:50,24438,24437.55,200,24444.85,25,125,2323700
NIFTY-II.NFO,25/11/2024,09:24:52,24439,24435.35,200,24439,75,375,2323700
NIFTY-II.NFO,25/11/2024,09:24:53,24444.9,24440,400,24444.5,50,125,2323700
NIFTY-II.NFO,25/11/2024,09:24:55,24444.7,24440,350,24441.75,125,350,2323700
NIFTY-II.NFO,25/11/2024,09:24:57,24443.5,24435.45,625,24443.5,125,3450,2323700
NIFTY-II.NFO,25/11/2024,09:24:58,24438.2,24438.2,75,24444.8,50,150,2323700
NIFTY-II.NFO,25/11/2024,09:25:00,24442.4,24438.1,25,24442.5,125,50,2323700
NIFTY-II.NFO,25/11/2024,09:25:02,24444.35,24437.35,75,24444.35,25,125,2323700
NIFTY-II.NFO,25/11/2024,09:25:03,24444.75,24439.4,275,24444.75,100,950,2323700
NIFTY-II.NFO,25/11/2024,09:25:05,24440,24440,75,24443.85,100,25,2323700
NIFTY-II.NFO,25/11/2024,09:25:07,24443.7,24440,50,24443.15,175,525,2323700
NIFTY-II.NFO,25/11/2024,09:25:08,24443.85,24443.85,125,24444,75,575,2323700
NIFTY-II.NFO,25/11/2024,09:25:10,24444,24439.35,125,24444,75,150,2323700
NIFTY-II.NFO,25/11/2024,09:25:12,24440.5,24438.4,275,24444.7,250,1400,2323700
NIFTY-II.NFO,25/11/2024,09:25:13,24439.7,24439.3,75,24444,25,125,2323700
NIFTY-II.NFO,25/11/2024,09:25:15,24445.1,24445,50,24446.5,50,675,2323700
NIFTY-II.NFO,25/11/2024,09:25:17,24447.95,24444.7,100,24448,150,400,2323700
NIFTY-II.NFO,25/11/2024,09:25:18,24447.95,24444.7,75,24448,25,175,2323700
NIFTY-II.NFO,25/11/2024,09:25:20,24448.95,24444.7,50,24448.95,25,700,2323700
NIFTY-II.NFO,25/11/2024,09:25:22,24442.4,24443.25,50,24445.95,25,525,2323700
NIFTY-II.NFO,25/11/2024,09:25:23,24447.95,24442.4,50,24445,100,400,2323700
NIFTY-II.NFO,25/11/2024,09:25:25,24440.1,24440.2,600,24445,50,200,2323700
NIFTY-II.NFO,25/11/2024,09:25:27,24438.45,24438.5,125,24444.1,250,400,2323700
NIFTY-II.NFO,25/11/2024,09:25:28,24442.3,24442.3,600,24444.7,25,275,2323700
NIFTY-II.NFO,25/11/2024,09:25:30,24442.3,24441.75,625,24443.85,100,375,2323700
NIFTY-II.NFO,25/11/2024,09:25:32,24440.1,24440.1,600,24443.85,50,225,2323700
NIFTY-II.NFO,25/11/2024,09:25:33,24440.15,24440.15,100,24445,275,200,2323700
NIFTY-II.NFO,25/11/2024,09:25:35,24440,24440,100,24440.35,50,900,2323700
NIFTY-II.NFO,25/11/2024,09:25:37,24438.1,24435,175,24438.45,300,1100,2323700
NIFTY-II.NFO,25/11/2024,09:25:38,24435,24433.25,25,24434.65,125,325,2323700
NIFTY-II.NFO,25/11/2024,09:25:40,24424.05,24424,25,24427.7,175,900,2323700
NIFTY-II.NFO,25/11/2024,09:25:42,24429.05,24423.85,125,24429.75,100,100,2323700
NIFTY-II.NFO,25/11/2024,09:25:43,24427.4,24426.95,625,24433.85,100,425,2323700
NIFTY-II.NFO,25/11/2024,09:25:45,24434.55,24427.4,50,24432.2,75,100,2323700
NIFTY-II.NFO,25/11/2024,09:25:47,24425.55,24424.75,50,24429.85,50,225,2323700
NIFTY-II.NFO,25/11/2024,09:25:48,24429.35,24424.1,625,24427.65,225,1950,2323700
NIFTY-II.NFO,25/11/2024,09:25:50,24421.15,24421.1,100,24425.75,225,75,2323700
NIFTY-II.NFO,25/11/2024,09:25:52,24421.1,24421.1,50,24424.75,50,475,2323700
NIFTY-II.NFO,25/11/2024,09:25:53,24421.15,24425.15,625,24429.7,125,1100,2323700
NIFTY-II.NFO,25/11/2024,09:25:55,24420,24418.65,200,24425,50,1375,2323700
NIFTY-II.NFO,25/11/2024,09:25:57,24421.95,24421.2,50,24424.3,25,1575,2323700
NIFTY-II.NFO,25/11/2024,09:25:58,24425,24425,275,24425.55,25,1175,2323700
NIFTY-II.NFO,25/11/2024,09:26:00,24428.25,24425,25,24427.1,25,300,2323700
NIFTY-II.NFO,25/11/2024,09:26:02,24425,24421.15,25,24425.5,125,25,2323700
NIFTY-II.NFO,25/11/2024,09:26:03,24420.5,24421.6,100,24427.65,250,100,2323700
NIFTY-II.NFO,25/11/2024,09:26:05,24419.3,24418.8,50,24424.8,250,50,2323700
NIFTY-II.NFO,25/11/2024,09:26:07,24420.3,24417.9,125,24425.4,200,275,2323700
NIFTY-II.NFO,25/11/2024,09:26:08,24422.3,24422,50,24425.55,25,400,2323700
NIFTY-II.NFO,25/11/2024,09:26:10,24424.95,24417.7,25,24422,25,175,2323700
NIFTY-II.NFO,25/11/2024,09:26:12,24422.1,24417.75,50,24423.55,200,100,2323700
NIFTY-II.NFO,25/11/2024,09:26:13,24423.45,24419.6,25,24423.7,125,150,2323700
NIFTY-II.NFO,25/11/2024,09:26:15,24417.7,24417.1,75,24422.1,25,350,2323700
NIFTY-II.NFO,25/11/2024,09:26:17,24416.05,24416,425,24420,25,300,2323700
NIFTY-II.NFO,25/11/2024,09:26:18,24425,24421.7,125,24427.65,300,250,2323700
NIFTY-II.NFO,25/11/2024,09:26:20,24423.15,24422.25,100,24427.65,25,100,2331125
NIFTY-II.NFO,25/11/2024,09:26:22,24424.3,24423.3,625,24427.65,25,300,2331125
NIFTY-II.NFO,25/11/2024,09:26:23,24425,24425,25,24426,25,400,2331125
NIFTY-II.NFO,25/11/2024,09:26:25,24425.95,24420,75,24425,25,150,2331125
NIFTY-II.NFO,25/11/2024,09:26:27,24421,24417.7,25,24420,100,150,2331125
NIFTY-II.NFO,25/11/2024,09:26:28,24420.7,24417.85,25,24423.95,200,150,2331125
NIFTY-II.NFO,25/11/2024,09:26:30,24420.1,24421,25,24425,900,225,2331125
NIFTY-II.NFO,25/11/2024,09:26:32,24425,24422.25,625,24425,900,100,2331125
NIFTY-II.NFO,25/11/2024,09:26:33,24425.4,24424.85,575,24428,50,1150,2331125
NIFTY-II.NFO,25/11/2024,09:26:35,24424.2,24424.35,75,24428,50,425,2331125
NIFTY-II.NFO,25/11/2024,09:26:37,24424.35,24422.2,625,24424.35,25,75,2331125
NIFTY-II.NFO,25/11/2024,09:26:38,24425.95,24421.55,25,24425,25,300,2331125
NIFTY-II.NFO,25/11/2024,09:26:40,24420,24417.7,25,24420.65,250,100,2331125
NIFTY-II.NFO,25/11/2024,09:26:42,24417,24416,25,24418.45,200,50,2331125
NIFTY-II.NFO,25/11/2024,09:26:43,24416,24415,25,24419.3,125,825,2331125
NIFTY-II.NFO,25/11/2024,09:26:45,24419.55,24418.8,625,24422.2,25,225,2331125
NIFTY-II.NFO,25/11/2024,09:26:47,24419.25,24416.25,625,24418.8,25,50,2331125
NIFTY-II.NFO,25/11/2024,09:26:48,24418.8,24418,200,24419.7,200,675,2331125
NIFTY-II.NFO,25/11/2024,09:26:50,24417.75,24417.75,50,24418,25,375,2331125
NIFTY-II.NFO,25/11/2024,09:26:52,24417,24417,25,24418.6,125,350,2331125
NIFTY-II.NFO,25/11/2024,09:26:53,24417.75,24417.75,575,24421.5,125,225,2331125
NIFTY-II.NFO,25/11/2024,09:26:55,24417.8,24417.8,600,24420,50,625,2331125
NIFTY-II.NFO,25/11/2024,09:26:57,24420.7,24419.8,625,24423.9,25,1075,2331125
NIFTY-II.NFO,25/11/2024,09:26:58,24421.7,24420,25,24421.6,125,175,2331125
NIFTY-II.NFO,25/11/2024,09:27:00,24421.5,24421.5,25,24422.55,125,100,2331125
NIFTY-II.NFO,25/11/2024,09:27:02,24419.25,24420,25,24421.95,100,550,2331125
NIFTY-II.NFO,25/11/2024,09:27:03,24418.75,24417.5,50,24422.85,150,350,2331125
NIFTY-II.NFO,25/11/2024,09:27:05,24420.45,24420.4,200,24425.95,725,1950,2331125
NIFTY-II.NFO,25/11/2024,09:27:07,24420.85,24420,100,24425.4,75,150,2331125
NIFTY-II.NFO,25/11/2024,09:27:08,24420.5,24420,100,24424.35,175,125,2331125
NIFTY-II.NFO,25/11/2024,09:27:10,24420,24420,50,24420.85,25,75,2331125
NIFTY-II.NFO,25/11/2024,09:27:12,24422.65,24420,25,24421.1,50,125,2331125
NIFTY-II.NFO,25/11/2024,09:27:13,24415.45,24417.65,25,24422.45,25,800,2331125
NIFTY-II.NFO,25/11/2024,09:27:15,24419.3,24420.65,25,24425.8,150,175,2331125
NIFTY-II.NFO,25/11/2024,09:27:17,24420,24419.15,75,24424.65,125,100,2331125
NIFTY-II.NFO,25/11/2024,09:27:18,24419.85,24419.85,675,24424.6,250,50,2331125
NIFTY-II.NFO,25/11/2024,09:27:20,24420,24419.05,625,24423.9,250,50,2331125
NIFTY-II.NFO,25/11/2024,09:27:22,24422.3,24419,25,24420.4,75,50,2331125
NIFTY-II.NFO,25/11/2024,09:27:23,24422.3,24420,300,24422.25,125,0,2331125
NIFTY-II.NFO,25/11/2024,09:27:25,24421.95,24422.3,175,24423.65,250,1900,2331125
NIFTY-II.NFO,25/11/2024,09:27:27,24422.3,24422.3,75,24424.2,100,150,2331125
NIFTY-II.NFO,25/11/2024,09:27:28,24422.3,24422.3,50,24424.8,25,175,2331125
NIFTY-II.NFO,25/11/2024,09:27:30,24422.3,24422.3,25,24425,25,25,2331125
NIFTY-II.NFO,25/11/2024,09:27:32,24427.85,24423.7,200,24428,50,200,2331125
NIFTY-II.NFO,25/11/2024,09:27:33,24425.45,24426.1,250,24428.9,125,125,2331125
NIFTY-II.NFO,25/11/2024,09:27:35,24428.65,24428.8,175,24432.9,250,2200,2331125
NIFTY-II.NFO,25/11/2024,09:27:37,24424.9,24424.75,25,24432.85,250,2925,2331125
NIFTY-II.NFO,25/11/2024,09:27:38,24433.6,24430.3,175,24434.9,250,100,2331125
NIFTY-II.NFO,25/11/2024,09:27:40,24434.9,24433.05,125,24434,300,275,2331125
NIFTY-II.NFO,25/11/2024,09:27:42,24433.8,24430.35,100,24433.05,25,450,2331125
NIFTY-II.NFO,25/11/2024,09:27:43,24436,24434.55,50,24438.95,250,325,2331125
NIFTY-II.NFO,25/11/2024,09:27:45,24435.25,24435.9,50,24439,25,175,2331125
NIFTY-II.NFO,25/11/2024,09:27:47,24438.8,24439,75,24442.1,100,600,2331125
NIFTY-II.NFO,25/11/2024,09:27:48,24447.2,24447.45,25,24450,2550,3650,2331125
NIFTY-II.NFO,25/11/2024,09:27:50,24451,24448.85,25,24451,800,4500,2331125
NIFTY-II.NFO,25/11/2024,09:27:52,24450,24448.65,125,24450,1800,1500,2331125
NIFTY-II.NFO,25/11/2024,09:27:53,24450,24448.65,25,24450,550,2750,2331125
NIFTY-II.NFO,25/11/2024,09:27:55,24449.05,24448.55,25,24451,475,925,2331125
NIFTY-II.NFO,25/11/2024,09:27:57,24457.05,24457.05,125,24462.75,250,3100,2331125
NIFTY-II.NFO,25/11/2024,09:27:57,24461.05,24457.05,125,24462.75,250,0,2331125
NIFTY-II.NFO,25/11/2024,09:27:58,24465,24459.25,25,24464.95,100,2350,2331125
NIFTY-II.NFO,25/11/2024,09:27:58,24465,24459.25,25,24464.95,100,0,2331125
NIFTY-II.NFO,25/11/2024,09:28:00,24460,24459.15,250,24464.9,250,175,2331125
NIFTY-II.NFO,25/11/2024,09:28:02,24464.85,24460.4,250,24464.9,25,1700,2331125
NIFTY-II.NFO,25/11/2024,09:28:03,24466.95,24462.45,250,24466.95,50,725,2331125
NIFTY-II.NFO,25/11/2024,09:28:03,24466.95,24462.45,250,24466.95,50,0,2331125
NIFTY-II.NFO,25/11/2024,09:28:05,24468.85,24464.9,1800,24469,25,475,2331125
NIFTY-II.NFO,25/11/2024,09:28:05,24468.85,24464.9,1800,24469,25,0,2331125
NIFTY-II.NFO,25/11/2024,09:28:07,24465.9,24465,100,24465.95,50,700,2331125
NIFTY-II.NFO,25/11/2024,09:28:07,24468.95,24465,100,24465.95,50,0,2331125
NIFTY-II.NFO,25/11/2024,09:28:08,24464.9,24464,50,24465,25,1875,2331125
NIFTY-II.NFO,25/11/2024,09:28:10,24462.05,24460.05,200,24461.95,25,1000,2331125
NIFTY-II.NFO,25/11/2024,09:28:12,24460,24460,200,24462.25,275,275,2331125
NIFTY-II.NFO,25/11/2024,09:28:13,24460,24460,25,24464.6,250,250,2331125
NIFTY-II.NFO,25/11/2024,09:28:15,24460,24455,50,24460,50,75,2331125
NIFTY-II.NFO,25/11/2024,09:28:17,24451.9,24452.15,200,24459.6,100,875,2331125
NIFTY-II.NFO,25/11/2024,09:28:18,24455,24455,25,24458.55,50,125,2331125
NIFTY-II.NFO,25/11/2024,09:28:20,24458.15,24455,50,24457.45,125,775,2331125
NIFTY-II.NFO,25/11/2024,09:28:22,24455.85,24455,25,24455.85,25,100,2331125
NIFTY-II.NFO,25/11/2024,09:28:23,24459.55,24455,25,24459.9,125,150,2331125
NIFTY-II.NFO,25/11/2024,09:28:25,24456.75,24451,100,24455.05,75,250,2331125
NIFTY-II.NFO,25/11/2024,09:28:27,24451.6,24450,375,24452.05,125,300,2331125
NIFTY-II.NFO,25/11/2024,09:28:28,24441.5,24442.4,25,24448.15,25,600,2331125
NIFTY-II.NFO,25/11/2024,09:28:30,24448.1,24448,125,24455.1,250,350,2331125
NIFTY-II.NFO,25/11/2024,09:28:32,24447.8,24453.35,25,24455.8,25,100,2331125
NIFTY-II.NFO,25/11/2024,09:28:33,24453.35,24448.15,25,24453.65,25,125,2331125
NIFTY-II.NFO,25/11/2024,09:28:35,24456.3,24449.1,50,24456.1,50,350,2331125
NIFTY-II.NFO,25/11/2024,09:28:37,24449.65,24449.9,125,24455,75,650,2331125
NIFTY-II.NFO,25/11/2024,09:28:38,24454.2,24448.6,950,24455,575,775,2331125
NIFTY-II.NFO,25/11/2024,09:28:40,24452.05,24453.65,25,24455,525,400,2331125
NIFTY-II.NFO,25/11/2024,09:28:42,24452.3,24450.8,25,24452.3,25,150,2331125
NIFTY-II.NFO,25/11/2024,09:28:43,24451.2,24451.3,200,24455,400,450,2331125
NIFTY-II.NFO,25/11/2024,09:28:45,24455,24453.35,25,24455,50,375,2331125
NIFTY-II.NFO,25/11/2024,09:28:47,24455,24452.85,25,24455,1075,50,2331125
NIFTY-II.NFO,25/11/2024,09:28:48,24453.55,24453.1,125,24455,1050,150,2331125
NIFTY-II.NFO,25/11/2024,09:28:50,24452.85,24453,125,24455,850,700,2331125
NIFTY-II.NFO,25/11/2024,09:28:52,24455,24453.8,825,24455,925,100,2331125
NIFTY-II.NFO,25/11/2024,09:28:53,24455.85,24455.8,25,24456,50,1050,2331125
NIFTY-II.NFO,25/11/2024,09:28:55,24455.1,24455.4,200,24462.3,50,2050,2331125
NIFTY-II.NFO,25/11/2024,09:28:57,24456.4,24455.1,100,24462.45,25,350,2331125
NIFTY-II.NFO,25/11/2024,09:28:58,24455.05,24457.55,25,24462.45,200,750,2331125
NIFTY-II.NFO,25/11/2024,09:29:00,24458.3,24460.25,25,24463.9,25,375,2331125
NIFTY-II.NFO,25/11/2024,09:29:02,24463.1,24464.4,75,24466.95,50,125,2331125
NIFTY-II.NFO,25/11/2024,09:29:04,24463.05,24462.55,25,24466,25,675,2331125
NIFTY-II.NFO,25/11/2024,09:29:05,24468.15,24461.5,125,24468.15,150,1100,2331125
NIFTY-II.NFO,25/11/2024,09:29:07,24464.55,24465.05,25,24468.15,100,100,2331125
NIFTY-II.NFO,25/11/2024,09:29:09,24470,24463.15,225,24470,325,1825,2331125
NIFTY-II.NFO,25/11/2024,09:29:09,24470,24463.15,225,24470,325,0,2331125
NIFTY-II.NFO,25/11/2024,09:29:10,24469.85,24462,50,24469.85,200,200,2331125
NIFTY-II.NFO,25/11/2024,09:29:12,24461.9,24461.9,200,24469.5,200,425,2331125
NIFTY-II.NFO,25/11/2024,09:29:14,24468.9,24462.15,125,24468.9,300,200,2331125
NIFTY-II.NFO,25/11/2024,09:29:15,24468.8,24465,50,24467.05,125,225,2331125
NIFTY-II.NFO,25/11/2024,09:29:17,24461,24460,50,24461.9,25,325,2331125
NIFTY-II.NFO,25/11/2024,09:29:19,24458.3,24458.3,50,24464.6,25,175,2331125
NIFTY-II.NFO,25/11/2024,09:29:20,24458.3,24462.1,25,24464.55,25,0,2331125
NIFTY-II.NFO,25/11/2024,09:29:22,24458.6,24458.35,250,24465,375,500,2344725
NIFTY-II.NFO,25/11/2024,09:29:24,24465,24458.3,25,24464.55,75,175,2344725
NIFTY-II.NFO,25/11/2024,09:29:25,24459.1,24458.3,25,24465,250,175,2344725
NIFTY-II.NFO,25/11/2024,09:29:27,24464.95,24458.1,225,24465,250,75,2344725
NIFTY-II.NFO,25/11/2024,09:29:29,24465,24458.05,225,24465,250,325,2344725
NIFTY-II.NFO,25/11/2024,09:29:30,24463.95,24460,75,24464.35,175,500,2344725
NIFTY-II.NFO,25/11/2024,09:29:32,24467.05,24459.55,125,24466.95,300,550,2344725
NIFTY-II.NFO,25/11/2024,09:29:34,24458.7,24458.55,25,24459.5,50,1275,2344725
NIFTY-II.NFO,25/11/2024,09:29:35,24459.5,24460,25,24464.05,100,100,2344725
NIFTY-II.NFO,25/11/2024,09:29:37,24464,24460.45,125,24464,50,1050,2344725
NIFTY-II.NFO,25/11/2024,09:29:39,24464,24460,75,24464,25,25,2344725
NIFTY-II.NFO,25/11/2024,09:29:40,24464.05,24460.05,225,24464,25,125,2344725
NIFTY-II.NFO,25/11/2024,09:29:42,24460.05,24460,75,24464,50,1025,2344725
NIFTY-II.NFO,25/11/2024,09:29:44,24456.35,24456.3,75,24463.25,250,1375,2344725
NIFTY-II.NFO,25/11/2024,09:29:45,24455,24455,375,24461.4,125,250,2344725
NIFTY-II.NFO,25/11/2024,09:29:47,24460,24460,175,24464,100,175,2344725
NIFTY-II.NFO,25/11/2024,09:29:49,24460.05,24457.25,475,24461.4,25,375,2344725
NIFTY-II.NFO,25/11/2024,09:29:50,24457.45,24457.05,25,24460,25,675,2344725
NIFTY-II.NFO,25/11/2024,09:29:52,24458.2,24458.7,25,24464,450,650,2344725
NIFTY-II.NFO,25/11/2024,09:29:54,24460.2,24460,1000,24463.95,125,175,2344725
NIFTY-II.NFO,25/11/2024,09:29:55,24462.95,24460,750,24462.95,75,425,2344725
NIFTY-II.NFO,25/11/2024,09:29:57,24460,24459.35,25,24459.4,25,750,2344725
NIFTY-II.NFO,25/11/2024,09:29:59,24457.6,24456.3,75,24459.9,250,125,2344725
NIFTY-II.NFO,25/11/2024,09:30:00,24456.3,24456.3,50,24461.15,250,25,2344725
NIFTY-II.NFO,25/11/2024,09:30:02,24456.3,24456.3,25,24459.35,25,25,2344725
NIFTY-II.NFO,25/11/2024,09:30:04,24461.45,24455.55,200,24461.6,50,325,2344725
NIFTY-II.NFO,25/11/2024,09:30:05,24459.9,24457.25,200,24459.9,150,200,2344725
NIFTY-II.NFO,25/11/2024,09:30:07,24459.2,24458.1,125,24461.6,50,250,2344725
NIFTY-II.NFO,25/11/2024,09:30:09,24460,24458.2,150,24461.6,50,50,2344725
NIFTY-II.NFO,25/11/2024,09:30:10,24461,24459.3,250,24461.6,25,450,2344725
NIFTY-II.NFO,25/11/2024,09:30:12,24461.3,24462.45,25,24464,500,350,2344725
NIFTY-II.NFO,25/11/2024,09:30:14,24462.4,24461.8,125,24464,425,175,2344725
NIFTY-II.NFO,25/11/2024,09:30:15,24463.7,24463.9,150,24465,100,475,2344725
NIFTY-II.NFO,25/11/2024,09:30:17,24462.05,24464.9,125,24467.3,75,1650,2344725
NIFTY-II.NFO,25/11/2024,09:30:19,24467.3,24467.3,25,24468,125,175,2344725
NIFTY-II.NFO,25/11/2024,09:30:20,24468,24465.65,125,24468.15,25,200,2344725
NIFTY-II.NFO,25/11/2024,09:30:22,24470,24468.7,25,24470,325,1975,2344725
NIFTY-II.NFO,25/11/2024,09:30:24,24474,24469.2,50,24474.9,25,1800,2344725
NIFTY-II.NFO,25/11/2024,09:30:24,24474,24469.2,50,24474.9,25,0,2344725
NIFTY-II.NFO,25/11/2024,09:30:25,24474.65,24465.8,175,24474.5,250,1775,2344725
NIFTY-II.NFO,25/11/2024,09:30:25,24474.8,24465.8,175,24474.5,250,0,2344725
NIFTY-II.NFO,25/11/2024,09:30:27,24473.9,24465.5,200,24473.9,25,1725,2344725
NIFTY-II.NFO,25/11/2024,09:30:29,24474.9,24466.8,200,24474.3,50,200,2344725
NIFTY-II.NFO,25/11/2024,09:30:29,24474.9,24466.8,200,24474.3,50,0,2344725
NIFTY-II.NFO,25/11/2024,09:30:30,24470.05,24470,1000,24473.75,25,525,2344725
NIFTY-II.NFO,25/11/2024,09:30:32,24465.25,24463.3,200,24465.25,250,1500,2344725
NIFTY-II.NFO,25/11/2024,09:30:34,24461.05,24461,100,24467.65,100,475,2344725
NIFTY-II.NFO,25/11/2024,09:30:35,24460.25,24460.3,125,24464.75,250,275,2344725
NIFTY-II.NFO,25/11/2024,09:30:37,24466.5,24461.45,200,24468,25,100,2344725
NIFTY-II.NFO,25/11/2024,09:30:39,24473.15,24465.95,125,24472.8,200,1300,2344725
NIFTY-II.NFO,25/11/2024,09:30:40,24468,24468,25,24469.75,200,375,2344725
NIFTY-II.NFO,25/11/2024,09:30:42,24461.55,24461.05,125,24467.5,500,50,2344725
NIFTY-II.NFO,25/11/2024,09:30:44,24461.05,24461.05,50,24465.9,75,400,2344725
NIFTY-II.NFO,25/11/2024,09:30:45,24466.95,24461.1,125,24467,375,125,2344725
NIFTY-II.NFO,25/11/2024,09:30:47,24460.25,24460,525,24460.25,100,800,2344725
NIFTY-II.NFO,25/11/2024,09:30:49,24461.1,24460.05,25,24461.1,125,250,2344725
NIFTY-II.NFO,25/11/2024,09:30:50,24460,24460,400,24465.1,125,275,2344725
NIFTY-II.NFO,25/11/2024,09:30:52,24461.05,24460.05,125,24465.5,50,425,2344725
NIFTY-II.NFO,25/11/2024,09:30:54,24460.05,24460.05,25,24464.65,350,150,2344725
NIFTY-II.NFO,25/11/2024,09:30:55,24462.9,24456,25,24460,25,350,2344725
NIFTY-II.NFO,25/11/2024,09:30:57,24456.35,24456.3,25,24460,25,100,2344725
NIFTY-II.NFO,25/11/2024,09:30:59,24462,24460.05,75,24462,25,550,2344725
NIFTY-II.NFO,25/11/2024,09:31:00,24460.15,24460.15,75,24461.95,125,50,2344725
NIFTY-II.NFO,25/11/2024,09:31:02,24460.15,24460.1,125,24462,200,125,2344725
NIFTY-II.NFO,25/11/2024,09:31:04,24460.05,24456.95,25,24464.65,250,1775,2344725
NIFTY-II.NFO,25/11/2024,09:31:05,24456.8,24456.7,25,24460,75,125,2344725
NIFTY-II.NFO,25/11/2024,09:31:07,24456,24455.4,50,24461.4,250,150,2344725
NIFTY-II.NFO,25/11/2024,09:31:09,24465.4,24460.05,25,24462,50,100,2344725
NIFTY-II.NFO,25/11/2024,09:31:10,24460.1,24461.2,25,24466.6,25,250,2344725
NIFTY-II.NFO,25/11/2024,09:31:12,24458.7,24459.35,225,24466,50,400,2344725
NIFTY-II.NFO,25/11/2024,09:31:14,24466,24460.05,25,24465.95,200,75,2344725
NIFTY-II.NFO,25/11/2024,09:31:15,24460.15,24460.05,25,24460.1,900,125,2344725
NIFTY-II.NFO,25/11/2024,09:31:17,24460,24460,25,24465,1000,2000,2344725
NIFTY-II.NFO,25/11/2024,09:31:19,24460.95,24460.05,50,24460.95,750,300,2344725
NIFTY-II.NFO,25/11/2024,09:31:20,24460.95,24460,25,24465,1000,750,2344725
NIFTY-II.NFO,25/11/2024,09:31:22,24460.15,24458.2,175,24460.95,25,175,2344725
NIFTY-II.NFO,25/11/2024,09:31:24,24458.2,24458.2,125,24461,25,175,2344725
NIFTY-II.NFO,25/11/2024,09:31:25,24458.25,24457.25,75,24461.2,25,275,2344725
NIFTY-II.NFO,25/11/2024,09:31:27,24456.45,24457.15,50,24464.15,200,400,2344725
NIFTY-II.NFO,25/11/2024,09:31:29,24458.2,24456.25,25,24462.55,475,150,2344725
NIFTY-II.NFO,25/11/2024,09:31:30,24457.5,24458.2,50,24460.95,25,25,2344725
NIFTY-II.NFO,25/11/2024,09:31:32,24456.25,24455.7,25,24460,25,100,2344725
NIFTY-II.NFO,25/11/2024,09:31:34,24456.25,24456,125,24458.2,25,0,2344725
NIFTY-II.NFO,25/11/2024,09:31:35,24456.25,24455.7,25,24456.25,25,0,2344725
NIFTY-II.NFO,25/11/2024,09:31:37,24458.2,24458.2,25,24460.5,200,275,2344725
NIFTY-II.NFO,25/11/2024,09:31:39,24455,24456.25,75,24460.95,25,350,2344725
NIFTY-II.NFO,25/11/2024,09:31:40,24459.5,24455,225,24456.25,25,75,2344725
NIFTY-II.NFO,25/11/2024,09:31:42,24455,24455,125,24456.25,25,125,2344725
NIFTY-II.NFO,25/11/2024,09:31:44,24455,24455,50,24459.95,125,225,2344725
NIFTY-II.NFO,25/11/2024,09:31:45,24459.3,24455,50,24459.3,100,50,2344725
NIFTY-II.NFO,25/11/2024,09:31:47,24457.05,24455,75,24456.1,225,150,2344725
NIFTY-II.NFO,25/11/2024,09:31:49,24451.15,24445.15,50,24451.6,200,2250,2344725
NIFTY-II.NFO,25/11/2024,09:31:50,24445.35,24445.05,150,24453.05,275,175,2344725
NIFTY-II.NFO,25/11/2024,09:31:52,24451.55,24445,100,24451.55,200,175,2344725
NIFTY-II.NFO,25/11/2024,09:31:54,24444.7,24444.95,125,24450,100,75,2344725
NIFTY-II.NFO,25/11/2024,09:31:55,24449.95,24444,25,24448.75,275,400,2344725
NIFTY-II.NFO,25/11/2024,09:31:57,24443.1,24444.9,50,24450,100,175,2344725
NIFTY-II.NFO,25/11/2024,09:31:59,24450.4,24450.35,625,24455,25,625,2344725
NIFTY-II.NFO,25/11/2024,09:32:00,24449.85,24450.95,50,24455,50,25,2344725
NIFTY-II.NFO,25/11/2024,09:32:02,24450.3,24451.05,25,24455,50,225,2344725
NIFTY-II.NFO,25/11/2024,09:32:04,24450.4,24451.35,25,24455,50,275,2344725
NIFTY-II.NFO,25/11/2024,09:32:05,24454.7,24450.15,25,24454.95,200,25,2344725
NIFTY-II.NFO,25/11/2024,09:32:07,24450.15,24450.1,25,24451.4,250,75,2344725
NIFTY-II.NFO,25/11/2024,09:32:09,24450.3,24450.3,50,24451.55,875,175,2344725
NIFTY-II.NFO,25/11/2024,09:32:10,24451.55,24450.4,125,24451.55,775,350,2344725
NIFTY-II.NFO,25/11/2024,09:32:12,24451.55,24450.4,25,24451.55,525,350,2344725
NIFTY-II.NFO,25/11/2024,09:32:14,24451.55,24449.95,275,24451,25,100,2344725
NIFTY-II.NFO,25/11/2024,09:32:15,24449.95,24449.95,250,24450.4,100,125,2344725
NIFTY-II.NFO,25/11/2024,09:32:17,24451.55,24450,25,24451.55,25,1550,2344725
NIFTY-II.NFO,25/11/2024,09:32:19,24453,24447.9,25,24453,75,100,2344725
NIFTY-II.NFO,25/11/2024,09:32:20,24453,24446.35,25,24450,50,25,2344725
NIFTY-II.NFO,25/11/2024,09:32:22,24450,24446.95,25,24450,25,450,2351250
NIFTY-II.NFO,25/11/2024,09:32:23,24447.1,24446.95,25,24450,25,1675,2351250
NIFTY-II.NFO,25/11/2024,09:32:25,24450,24446.5,25,24452.75,200,25,2351250
NIFTY-II.NFO,25/11/2024,09:32:27,24452.65,24446.55,25,24451,25,75,2351250
NIFTY-II.NFO,25/11/2024,09:32:28,24445,24442,100,24448.65,275,100,2351250
NIFTY-II.NFO,25/11/2024,09:32:30,24442.1,24442.05,75,24445.4,25,25,2351250
NIFTY-II.NFO,25/11/2024,09:32:32,24448.55,24446.15,50,24447,25,125,2351250
NIFTY-II.NFO,25/11/2024,09:32:33,24447,24446.15,50,24449.95,200,100,2351250
NIFTY-II.NFO,25/11/2024,09:32:35,24446.15,24446.2,25,24449.95,200,50,2351250
NIFTY-II.NFO,25/11/2024,09:32:37,24441.55,24445,50,24446.15,25,575,2351250
NIFTY-II.NFO,25/11/2024,09:32:38,24445,24441.5,25,24446.15,25,75,2351250
NIFTY-II.NFO,25/11/2024,09:32:40,24440,24440,575,24444,25,300,2351250
NIFTY-II.NFO,25/11/2024,09:32:42,24444,24440,500,24444.95,200,125,2351250
NIFTY-II.NFO,25/11/2024,09:32:43,24444.85,24440,400,24444.9,250,225,2351250
NIFTY-II.NFO,25/11/2024,09:32:45,24444.3,24436.55,25,24440,50,650,2351250
NIFTY-II.NFO,25/11/2024,09:32:47,24432,24435.55,25,24439,250,225,2351250
NIFTY-II.NFO,25/11/2024,09:32:48,24434.4,24435.1,200,24440,50,225,2351250
NIFTY-II.NFO,25/11/2024,09:32:50,24435.7,24435.85,150,24442.85,375,325,2351250
NIFTY-II.NFO,25/11/2024,09:32:52,24442.3,24436.3,25,24444.1,100,150,2351250
NIFTY-II.NFO,25/11/2024,09:32:53,24440.1,24441.55,125,24444.85,125,250,2351250
NIFTY-II.NFO,25/11/2024,09:32:55,24445,24444.05,50,24446,75,1500,2351250
NIFTY-II.NFO,25/11/2024,09:32:57,24442.65,24442.05,25,24446,50,50,2351250
NIFTY-II.NFO,25/11/2024,09:32:58,24442,24440.7,75,24446,50,50,2351250
NIFTY-II.NFO,25/11/2024,09:33:00,24442,24442.15,50,24445,25,0,2351250
NIFTY-II.NFO,25/11/2024,09:33:02,24445,24443.1,125,24446,50,1125,2351250
NIFTY-II.NFO,25/11/2024,09:33:03,24449.95,24444.7,25,24449.15,200,725,2351250
NIFTY-II.NFO,25/11/2024,09:33:05,24442,24442,175,24445.6,275,200,2351250
NIFTY-II.NFO,25/11/2024,09:33:07,24440,24438.35,200,24445.5,25,200,2351250
NIFTY-II.NFO,25/11/2024,09:33:08,24447.4,24439.05,225,24444.6,25,375,2351250
NIFTY-II.NFO,25/11/2024,09:33:10,24440.6,24440.6,200,24444.6,25,225,2351250
NIFTY-II.NFO,25/11/2024,09:33:12,24439.15,24440.55,25,24445,25,325,2351250
NIFTY-II.NFO,25/11/2024,09:33:13,24444.7,24442.55,25,24444.7,50,450,2351250
NIFTY-II.NFO,25/11/2024,09:33:15,24442.55,24442.55,25,24444.7,25,1525,2351250
NIFTY-II.NFO,25/11/2024,09:33:17,24442,24442.55,25,24444.7,25,225,2351250
NIFTY-II.NFO,25/11/2024,09:33:18,24446,24445.05,25,24446,3375,2050,2351250
NIFTY-II.NFO,25/11/2024,09:33:20,24444.05,24444.05,25,24445.05,100,275,2351250
NIFTY-II.NFO,25/11/2024,09:33:22,24444.05,24444.05,25,24445.05,100,550,2351250
NIFTY-II.NFO,25/11/2024,09:33:23,24445,24445,275,24446,3300,175,2351250
NIFTY-II.NFO,25/11/2024,09:33:25,24445,24445,275,24446,3300,0,2351250
NIFTY-II.NFO,25/11/2024,09:33:27,24446,24445,175,24446,3225,250,2351250
NIFTY-II.NFO,25/11/2024,09:33:28,24446,24444.55,25,24445,50,700,2351250
NIFTY-II.NFO,25/11/2024,09:33:30,24442.45,24443.55,25,24445,200,200,2351250
NIFTY-II.NFO,25/11/2024,09:33:32,24442.55,24443.25,25,24445,200,550,2351250
NIFTY-II.NFO,25/11/2024,09:33:33,24442.1,24441.6,125,24444.05,725,625,2351250
NIFTY-II.NFO,25/11/2024,09:33:35,24444.05,24442.8,125,24444.05,675,50,2351250
NIFTY-II.NFO,25/11/2024,09:33:37,24441.75,24442.25,125,24444.05,625,75,2351250
NIFTY-II.NFO,25/11/2024,09:33:38,24444.05,24443.3,125,24445,150,800,2351250
NIFTY-II.NFO,25/11/2024,09:33:40,24443.05,24443.45,50,24445,25,1600,2351250
NIFTY-II.NFO,25/11/2024,09:33:42,24443.8,24443.05,25,24444.95,25,100,2351250
NIFTY-II.NFO,25/11/2024,09:33:43,24446,24442.75,625,24446,3425,375,2351250
NIFTY-II.NFO,25/11/2024,09:33:45,24446,24443.55,25,24446,3325,125,2351250
NIFTY-II.NFO,25/11/2024,09:33:47,24443.45,24444.3,125,24446,3325,75,2351250
NIFTY-II.NFO,25/11/2024,09:33:48,24446,24445,125,24446,3000,675,2351250
NIFTY-II.NFO,25/11/2024,09:33:50,24441,24440,125,24444,25,1525,2351250
NIFTY-II.NFO,25/11/2024,09:33:52,24443.95,24442.05,125,24444,25,100,2351250
NIFTY-II.NFO,25/11/2024,09:33:53,24443.95,24443.95,25,24445.05,550,150,2351250
NIFTY-II.NFO,25/11/2024,09:33:55,24445.05,24444.15,75,24445.05,275,400,2351250
NIFTY-II.NFO,25/11/2024,09:33:57,24445.05,24443.05,25,24445.05,250,25,2351250
NIFTY-II.NFO,25/11/2024,09:33:58,24445,24442.4,50,24445,25,1925,2351250
NIFTY-II.NFO,25/11/2024,09:34:00,24443.95,24441.8,25,24443.95,550,75,2351250
NIFTY-II.NFO,25/11/2024,09:34:02,24443.9,24441.7,50,24443.9,25,75,2351250
NIFTY-II.NFO,25/11/2024,09:34:03,24443.8,24441.55,50,24443.85,25,75,2351250
NIFTY-II.NFO,25/11/2024,09:34:05,24440,24438.2,50,24440,150,525,2351250
NIFTY-II.NFO,25/11/2024,09:34:07,24439.9,24439.7,125,24443.65,200,175,2351250
NIFTY-II.NFO,25/11/2024,09:34:08,24438.2,24436.3,25,24441.75,275,250,2351250
NIFTY-II.NFO,25/11/2024,09:34:10,24438.2,24435.9,125,24441.45,275,0,2351250
NIFTY-II.NFO,25/11/2024,09:34:12,24435,24434.55,125,24435,800,1000,2351250
NIFTY-II.NFO,25/11/2024,09:34:13,24435,24432.25,25,24435,575,425,2351250
NIFTY-II.NFO,25/11/2024,09:34:15,24431.25,24430.55,125,24435,350,600,2351250
NIFTY-II.NFO,25/11/2024,09:34:17,24432.65,24433.05,125,24434.95,25,150,2351250
NIFTY-II.NFO,25/11/2024,09:34:18,24438.2,24436,125,24438.2,225,675,2351250
NIFTY-II.NFO,25/11/2024,09:34:20,24435,24433.2,25,24438.2,200,350,2351250
NIFTY-II.NFO,25/11/2024,09:34:22,24433.45,24433,25,24438.05,25,100,2351250
NIFTY-II.NFO,25/11/2024,09:34:23,24433.05,24432.65,125,24438,225,50,2351250
NIFTY-II.NFO,25/11/2024,09:34:25,24431.65,24430.2,1675,24434.95,200,625,2351250
NIFTY-II.NFO,25/11/2024,09:34:27,24430.25,24430.2,1675,24434.95,200,50,2351250
NIFTY-II.NFO,25/11/2024,09:34:28,24430.25,24430.2,1675,24434.7,25,0,2351250
NIFTY-II.NFO,25/11/2024,09:34:30,24430.2,24430.2,1425,24434.6,25,250,2351250
NIFTY-II.NFO,25/11/2024,09:34:32,24430.2,24430.2,1350,24434.05,200,75,2351250
NIFTY-II.NFO,25/11/2024,09:34:33,24432.65,24430.2,1325,24432.65,100,150,2351250
NIFTY-II.NFO,25/11/2024,09:34:35,24430.2,24430.5,50,24432.6,25,375,2351250
NIFTY-II.NFO,25/11/2024,09:34:37,24435,24432.2,250,24438,25,500,2351250
NIFTY-II.NFO,25/11/2024,09:34:38,24431.95,24431.05,125,24434.9,25,150,2351250
NIFTY-II.NFO,25/11/2024,09:34:40,24430.5,24430.2,1225,24434.85,50,650,2351250
NIFTY-II.NFO,25/11/2024,09:34:41,24430.2,24430.2,700,24432.55,25,550,2351250
NIFTY-II.NFO,25/11/2024,09:34:43,24430.2,24430.2,50,24433.65,200,650,2351250
NIFTY-II.NFO,25/11/2024,09:34:45,24433.15,24430.2,25,24433.1,200,125,2351250
NIFTY-II.NFO,25/11/2024,09:34:46,24426,24426,1075,24429.95,275,825,2351250
NIFTY-II.NFO,25/11/2024,09:34:48,24422,24420,325,24424,25,1425,2351250
NIFTY-II.NFO,25/11/2024,09:34:50,24426,24426,250,24429,100,125,2351250
NIFTY-II.NFO,25/11/2024,09:34:51,24426,24426,225,24428.95,25,75,2351250
NIFTY-II.NFO,25/11/2024,09:34:53,24426,24426,175,24428.95,25,50,2351250
NIFTY-II.NFO,25/11/2024,09:34:55,24422,24421.3,250,24426.35,25,225,2351250
NIFTY-II.NFO,25/11/2024,09:34:56,24420.2,24420.15,125,24425,25,375,2351250
NIFTY-II.NFO,25/11/2024,09:34:58,24425,24421.45,300,24425,200,25,2351250
NIFTY-II.NFO,25/11/2024,09:35:00,24425,24421.65,125,24425,150,75,2351250
NIFTY-II.NFO,25/11/2024,09:35:01,24421,24420.05,25,24425.85,125,500,2351250
NIFTY-II.NFO,25/11/2024,09:35:03,24422.9,24422.95,75,24426.15,50,400,2351250
NIFTY-II.NFO,25/11/2024,09:35:05,24422.45,24421.85,25,24425,75,175,2351250
NIFTY-II.NFO,25/11/2024,09:35:06,24422.3,24421.95,375,24424.95,25,1450,2351250
NIFTY-II.NFO,25/11/2024,09:35:08,24423.55,24422.45,250,24424.95,25,400,2351250
NIFTY-II.NFO,25/11/2024,09:35:10,24426.15,24423.85,25,24426.15,25,250,2351250
NIFTY-II.NFO,25/11/2024,09:35:11,24425,24423.95,25,24426.15,25,75,2351250
NIFTY-II.NFO,25/11/2024,09:35:13,24428.95,24423.95,25,24427.85,125,75,2351250
NIFTY-II.NFO,25/11/2024,09:35:15,24424.7,24422.45,50,24424.05,125,200,2351250
NIFTY-II.NFO,25/11/2024,09:35:16,24426.25,24421.65,25,24426,125,450,2351250
NIFTY-II.NFO,25/11/2024,09:35:18,24423.85,24421.65,25,24423.1,125,50,2351250
NIFTY-II.NFO,25/11/2024,09:35:20,24420,24420,275,24421.65,200,150,2351250
NIFTY-II.NFO,25/11/2024,09:35:21,24421.65,24420,175,24421.65,175,125,2351025
NIFTY-II.NFO,25/11/2024,09:35:23,24420,24418,25,24418.6,125,175,2351025
NIFTY-II.NFO,25/11/2024,09:35:25,24416.25,24415.1,50,24420,200,175,2351025
NIFTY-II.NFO,25/11/2024,09:35:26,24416.25,24415.1,50,24419.6,50,0,2351025
NIFTY-II.NFO,25/11/2024,09:35:28,24420,24415,725,24419.95,150,1175,2351025
NIFTY-II.NFO,25/11/2024,09:35:30,24415,24415.05,200,24420,200,150,2351025
NIFTY-II.NFO,25/11/2024,09:35:31,24420.05,24420,75,24422.45,25,750,2351025
NIFTY-II.NFO,25/11/2024,09:35:33,24425,24424.8,100,24427.7,25,125,2351025
NIFTY-II.NFO,25/11/2024,09:35:35,24430,24426.45,25,24430,50,225,2351025
NIFTY-II.NFO,25/11/2024,09:35:37,24426,24424.3,50,24426.45,25,1000,2351025
NIFTY-II.NFO,25/11/2024,09:35:38,24426.45,24424.2,25,24426.45,50,225,2351025
NIFTY-II.NFO,25/11/2024,09:35:40,24430,24425.95,25,24430,25,150,2351025
NIFTY-II.NFO,25/11/2024,09:35:42,24431.2,24424.8,75,24431.2,200,75,2351025
NIFTY-II.NFO,25/11/2024,09:35:43,24424.25,24425.45,125,24431.4,625,675,2351025
NIFTY-II.NFO,25/11/2024,09:35:45,24431.5,24425.55,25,24432.05,200,500,2351025
NIFTY-II.NFO,25/11/2024,09:35:47,24426.85,24425,25,24431.75,200,100,2351025
NIFTY-II.NFO,25/11/2024,09:35:48,24425.05,24429,25,24432.15,250,550,2351025
NIFTY-II.NFO,25/11/2024,09:35:50,24431.2,24429.05,25,24431.5,600,950,2351025
NIFTY-II.NFO,25/11/2024,09:35:52,24427.75,24424,125,24428.25,500,200,2351025
NIFTY-II.NFO,25/11/2024,09:35:53,24424.3,24424.05,50,24429.75,475,75,2351025
NIFTY-II.NFO,25/11/2024,09:35:55,24430,24426.4,200,24430,25,50,2351025
NIFTY-II.NFO,25/11/2024,09:35:57,24431.5,24424.9,50,24430.25,475,100,2351025
NIFTY-II.NFO,25/11/2024,09:35:58,24426.9,24426.25,200,24431.5,50,175,2351025
NIFTY-II.NFO,25/11/2024,09:36:00,24427.75,24426.2,200,24428.5,25,300,2351025
NIFTY-II.NFO,25/11/2024,09:36:02,24427.75,24426.1,200,24432.2,25,0,2351025
NIFTY-II.NFO,25/11/2024,09:36:03,24430,24427.15,200,24431,25,50,2351025
NIFTY-II.NFO,25/11/2024,09:36:05,24428.5,24427.8,200,24431,25,225,2351025
NIFTY-II.NFO,25/11/2024,09:36:07,24431,24428.95,300,24432.2,25,25,2351025
NIFTY-II.NFO,25/11/2024,09:36:08,24430.9,24430.9,325,24432.2,25,175,2351025
NIFTY-II.NFO,25/11/2024,09:36:10,24433.15,24431.95,150,24433.15,375,75,2351025
NIFTY-II.NFO,25/11/2024,09:36:12,24430.3,24430.3,25,24433.15,350,1000,2351025
NIFTY-II.NFO,25/11/2024,09:36:13,24429.5,24429.55,300,24433.15,325,100,2351025
NIFTY-II.NFO,25/11/2024,09:36:15,24430,24427.5,75,24430,250,575,2351025
NIFTY-II.NFO,25/11/2024,09:36:17,24425.2,24426,25,24430,225,450,2351025
NIFTY-II.NFO,25/11/2024,09:36:18,24423.4,24424.45,25,24429.95,200,225,2351025
NIFTY-II.NFO,25/11/2024,09:36:20,24422.65,24422,50,24424.4,250,150,2351025
NIFTY-II.NFO,25/11/2024,09:36:22,24421,24420,75,24424.3,200,150,2351025
NIFTY-II.NFO,25/11/2024,09:36:23,24429.85,24423.3,25,24429.85,175,175,2351025
NIFTY-II.NFO,25/11/2024,09:36:25,24420,24420,50,24426.25,150,75,2351025
NIFTY-II.NFO,25/11/2024,09:36:27,24420,24420,25,24425.1,150,125,2351025
NIFTY-II.NFO,25/11/2024,09:36:28,24419,24421,25,24422.5,125,125,2351025
NIFTY-II.NFO,25/11/2024,09:36:30,24420,24420,3350,24422,50,250,2351025
NIFTY-II.NFO,25/11/2024,09:36:32,24420,24420,3275,24421.45,250,75,2351025
NIFTY-II.NFO,25/11/2024,09:36:33,24420,24420,3200,24422.5,25,100,2351025
NIFTY-II.NFO,25/11/2024,09:36:35,24420,24420,3050,24422.75,25,150,2351025
NIFTY-II.NFO,25/11/2024,09:36:37,24420,24420,3150,24422.75,25,0,2351025
NIFTY-II.NFO,25/11/2024,09:36:38,24420,24420,3100,24421.95,25,50,2351025
NIFTY-II.NFO,25/11/2024,09:36:40,24420,24420,3050,24421.95,25,75,2351025
NIFTY-II.NFO,25/11/2024,09:36:42,24421.95,24420,3050,24421.95,25,100,2351025
NIFTY-II.NFO,25/11/2024,09:36:43,24420,24420,3050,24422.45,25,25,2351025
NIFTY-II.NFO,25/11/2024,09:36:45,24421.95,24420,2975,24422.45,25,150,2351025
NIFTY-II.NFO,25/11/2024,09:36:47,24420,24420,2975,24422.5,25,75,2351025
NIFTY-II.NFO,25/11/2024,09:36:48,24422.25,24420,3075,24422.75,25,150,2351025
NIFTY-II.NFO,25/11/2024,09:36:50,24420,24420,3000,24422.7,375,150,2351025
NIFTY-II.NFO,25/11/2024,09:36:52,24420,24420,2750,24422.95,25,275,2351025
NIFTY-II.NFO,25/11/2024,09:36:53,24423.25,24420,2750,24425.4,125,50,2351025
NIFTY-II.NFO,25/11/2024,09:36:55,24420,24420,2700,24424.9,175,75,2351025
NIFTY-II.NFO,25/11/2024,09:36:57,24420,24420.1,75,24424.35,50,50,2351025
NIFTY-II.NFO,25/11/2024,09:36:58,24420,24420,2275,24425.05,50,425,2351025
NIFTY-II.NFO,25/11/2024,09:37:00,24424.45,24420.3,200,24427.35,25,225,2351025
NIFTY-II.NFO,25/11/2024,09:37:02,24425.85,24420,2350,24426.3,25,75,2351025
NIFTY-II.NFO,25/11/2024,09:37:03,24420.4,24420,2350,24426.2,50,25,2351025
NIFTY-II.NFO,25/11/2024,09:37:05,24420.05,24420.05,200,24425.85,25,75,2351025
NIFTY-II.NFO,25/11/2024,09:37:07,24425.85,24420.45,200,24427.75,50,100,2351025
NIFTY-II.NFO,25/11/2024,09:37:08,24421.05,24421.1,150,24425,125,450,2351025
NIFTY-II.NFO,25/11/2024,09:37:10,24423.3,24423,125,24430,350,550,2351025
NIFTY-II.NFO,25/11/2024,09:37:12,24425,24425,25,24429.8,50,100,2351025
NIFTY-II.NFO,25/11/2024,09:37:13,24425,24424,50,24425,50,150,2351025
NIFTY-II.NFO,25/11/2024,09:37:15,24425,24422.45,50,24425,250,625,2351025
NIFTY-II.NFO,25/11/2024,09:37:17,24424.45,24423,75,24425,425,50,2351025
NIFTY-II.NFO,25/11/2024,09:37:18,24430,24425.8,100,24430,650,500,2351025
NIFTY-II.NFO,25/11/2024,09:37:20,24425.2,24425.1,25,24428.5,25,125,2351025
NIFTY-II.NFO,25/11/2024,09:37:22,24425,24425,250,24430,650,75,2351025
NIFTY-II.NFO,25/11/2024,09:37:23,24425,24426.5,75,24430,650,0,2351025
NIFTY-II.NFO,25/11/2024,09:37:25,24428.5,24428.5,25,24430,650,175,2351025
NIFTY-II.NFO,25/11/2024,09:37:26,24426.8,24427.05,25,24430,650,150,2351025
NIFTY-II.NFO,25/11/2024,09:37:28,24430,24425.7,25,24430,550,100,2351025
NIFTY-II.NFO,25/11/2024,09:37:30,24425.45,24425,275,24426.8,25,25,2351025
NIFTY-II.NFO,25/11/2024,09:37:31,24426.3,24425,250,24426.25,25,250,2351025
NIFTY-II.NFO,25/11/2024,09:37:33,24428.5,24424.65,25,24428.5,25,475,2351025
NIFTY-II.NFO,25/11/2024,09:37:35,24426,24426,100,24430,300,825,2351025
NIFTY-II.NFO,25/11/2024,09:37:36,24426.3,24426,75,24430,300,75,2351025
NIFTY-II.NFO,25/11/2024,09:37:38,24430,24426,25,24430,200,175,2351025
NIFTY-II.NFO,25/11/2024,09:37:40,24425,24423.55,50,24430,200,75,2351025
NIFTY-II.NFO,25/11/2024,09:37:41,24425,24423.8,50,24430,200,0,2351025
NIFTY-II.NFO,25/11/2024,09:37:43,24425,24428.05,150,24430,200,25,2351025
NIFTY-II.NFO,25/11/2024,09:37:45,24426,24422.55,50,24423.8,375,200,2351025
NIFTY-II.NFO,25/11/2024,09:37:46,24423.8,24422.1,75,24423.8,325,75,2351025
NIFTY-II.NFO,25/11/2024,09:37:48,24430.25,24430,250,24431,50,675,2351025
NIFTY-II.NFO,25/11/2024,09:37:50,24433,24427.6,50,24433.15,325,250,2351025
NIFTY-II.NFO,25/11/2024,09:37:51,24427.85,24427.35,50,24433.15,325,50,2351025
NIFTY-II.NFO,25/11/2024,09:37:53,24433.15,24427.2,250,24433.15,275,100,2351025
NIFTY-II.NFO,25/11/2024,09:37:55,24433.15,24428.4,50,24433.15,1550,0,2351025
NIFTY-II.NFO,25/11/2024,09:37:56,24427.75,24428.05,25,24430,50,125,2351025
NIFTY-II.NFO,25/11/2024,09:37:58,24430,24429.05,25,24430,25,50,2351025
NIFTY-II.NFO,25/11/2024,09:38:00,24430.95,24430.9,250,24433.15,1500,100,2351025
NIFTY-II.NFO,25/11/2024,09:38:02,24433.15,24430,50,24433.15,1375,125,2351025
NIFTY-II.NFO,25/11/2024,09:38:03,24430,24430.05,25,24433.15,1250,275,2351025
NIFTY-II.NFO,25/11/2024,09:38:05,24429.8,24429.5,25,24433.15,425,875,2351025
NIFTY-II.NFO,25/11/2024,09:38:07,24428,24430,125,24432,200,75,2351025
NIFTY-II.NFO,25/11/2024,09:38:08,24433.15,24430,25,24433.15,150,650,2351025
NIFTY-II.NFO,25/11/2024,09:38:10,24433.15,24430,25,24433.1,200,50,2351025
NIFTY-II.NFO,25/11/2024,09:38:12,24432.85,24430,25,24432.85,175,875,2351025
NIFTY-II.NFO,25/11/2024,09:38:13,24432.6,24426.05,50,24432.6,125,125,2351025
NIFTY-II.NFO,25/11/2024,09:38:15,24434.35,24427.15,50,24434.3,50,350,2351025
NIFTY-II.NFO,25/11/2024,09:38:17,24425.95,24426.5,200,24433.7,175,300,2351025
NIFTY-II.NFO,25/11/2024,09:38:18,24427.3,24430,75,24434.6,200,75,2351025
NIFTY-II.NFO,25/11/2024,09:38:20,24434.7,24430,25,24434.75,25,50,2351025
NIFTY-II.NFO,25/11/2024,09:38:22,24434.7,24427.55,200,24434.7,75,375,2352300
NIFTY-II.NFO,25/11/2024,09:38:23,24434.75,24433,50,24435.8,75,25,2352300
NIFTY-II.NFO,25/11/2024,09:38:25,24433.2,24426.2,200,24433.75,375,925,2352300
NIFTY-II.NFO,25/11/2024,09:38:27,24434.2,24430,25,24433.75,300,50,2352300
NIFTY-II.NFO,25/11/2024,09:38:28,24434.15,24430,25,24434.1,50,125,2352300
NIFTY-II.NFO,25/11/2024,09:38:30,24434.7,24430,25,24434.7,725,50,2352300
NIFTY-II.NFO,25/11/2024,09:38:32,24430,24428.85,200,24434.7,725,25,2352300
NIFTY-II.NFO,25/11/2024,09:38:33,24434.7,24429.9,200,24434.7,350,375,2352300
NIFTY-II.NFO,25/11/2024,09:38:35,24430.55,24431.05,50,24434.7,325,50,2352300
NIFTY-II.NFO,25/11/2024,09:38:37,24430.55,24430,175,24434.7,325,0,2352300
NIFTY-II.NFO,25/11/2024,09:38:38,24430,24432.45,75,24434.7,300,50,2352300
NIFTY-II.NFO,25/11/2024,09:38:40,24432.45,24431.55,25,24434.7,275,125,2352300
NIFTY-II.NFO,25/11/2024,09:38:42,24432.45,24433.05,25,24434.7,275,0,2352300
NIFTY-II.NFO,25/11/2024,09:38:43,24438,24435.55,25,24438.2,500,525,2352300
NIFTY-II.NFO,25/11/2024,09:38:45,24444,24443.4,425,24445,75,1675,2352300
NIFTY-II.NFO,25/11/2024,09:38:47,24438.9,24438.9,25,24442.95,25,1350,2352300
NIFTY-II.NFO,25/11/2024,09:38:48,24438.85,24438.6,150,24443.95,25,200,2352300
NIFTY-II.NFO,25/11/2024,09:38:50,24443.6,24437.15,75,24443.45,250,125,2352300
NIFTY-II.NFO,25/11/2024,09:38:52,24437.15,24436.45,50,24442.55,50,75,2352300
NIFTY-II.NFO,25/11/2024,09:38:53,24437.3,24436.9,250,24443.85,200,625,2352300
NIFTY-II.NFO,25/11/2024,09:38:55,24443.6,24439.55,25,24443.65,250,75,2352300
NIFTY-II.NFO,25/11/2024,09:38:57,24445.95,24439.9,125,24445.95,600,200,2352300
NIFTY-II.NFO,25/11/2024,09:38:58,24444.2,24444.5,350,24449,225,225,2352300
NIFTY-II.NFO,25/11/2024,09:39:00,24449,24445.05,75,24449,125,150,2352300
NIFTY-II.NFO,25/11/2024,09:39:02,24449,24446.1,275,24449,75,125,2352300
NIFTY-II.NFO,25/11/2024,09:39:03,24450,24447.95,250,24450,475,850,2352300
NIFTY-II.NFO,25/11/2024,09:39:05,24450,24449,75,24450,200,275,2352300
NIFTY-II.NFO,25/11/2024,09:39:07,24451,24450.75,25,24452,200,450,2352300
NIFTY-II.NFO,25/11/2024,09:39:08,24453.5,24450,125,24453.3,25,1050,2352300
NIFTY-II.NFO,25/11/2024,09:39:10,24455,24450.7,50,24455,1025,250,2352300
NIFTY-II.NFO,25/11/2024,09:39:12,24454.05,24453.95,25,24458.2,425,1275,2352300
NIFTY-II.NFO,25/11/2024,09:39:13,24458.2,24455.25,50,24458.2,325,275,2352300
NIFTY-II.NFO,25/11/2024,09:39:15,24458.05,24457.7,25,24462,100,1950,2352300
NIFTY-II.NFO,25/11/2024,09:39:17,24460.75,24456.4,75,24461.85,250,175,2352300
NIFTY-II.NFO,25/11/2024,09:39:18,24458.25,24455,50,24458.4,200,500,2352300
NIFTY-II.NFO,25/11/2024,09:39:20,24455,24453.5,50,24457.4,200,50,2352300
NIFTY-II.NFO,25/11/2024,09:39:22,24450,24447.05,25,24451.95,200,1050,2352300
NIFTY-II.NFO,25/11/2024,09:39:23,24450,24441.05,25,24445.6,200,0,2352300
NIFTY-II.NFO,25/11/2024,09:39:25,24445.65,24442.7,25,24448.9,250,25,2352300
NIFTY-II.NFO,25/11/2024,09:39:27,24447.5,24440,25,24446.2,75,250,2352300
NIFTY-II.NFO,25/11/2024,09:39:28,24445.55,24440,25,24445.45,100,25,2352300
NIFTY-II.NFO,25/11/2024,09:39:30,24445.35,24440,50,24446.55,250,75,2352300
NIFTY-II.NFO,25/11/2024,09:39:32,24440.05,24440,150,24445.9,50,150,2352300
NIFTY-II.NFO,25/11/2024,09:39:33,24445.45,24441,25,24445.9,50,75,2352300
NIFTY-II.NFO,25/11/2024,09:39:35,24445.45,24440.05,25,24445.9,675,0,2352300
NIFTY-II.NFO,25/11/2024,09:39:37,24445.35,24440,50,24445.05,300,150,2352300
NIFTY-II.NFO,25/11/2024,09:39:38,24445,24440,50,24445.2,50,150,2352300
NIFTY-II.NFO,25/11/2024,09:39:40,24444.7,24440,50,24444,25,50,2352300
NIFTY-II.NFO,25/11/2024,09:39:42,24440.1,24440,100,24444.5,25,50,2352300
NIFTY-II.NFO,25/11/2024,09:39:43,24440,24437.55,25,24440,100,200,2352300
NIFTY-II.NFO,25/11/2024,09:39:45,24436.95,24437.05,25,24440,125,250,2352300
NIFTY-II.NFO,25/11/2024,09:39:47,24437.05,24437.05,25,24440,100,50,2352300
NIFTY-II.NFO,25/11/2024,09:39:48,24440,24438.5,75,24440,50,75,2352300
NIFTY-II.NFO,25/11/2024,09:39:50,24439.3,24432.3,50,24439.2,50,125,2352300
NIFTY-II.NFO,25/11/2024,09:39:52,24433.55,24433.05,25,24437.95,50,25,2352300
NIFTY-II.NFO,25/11/2024,09:39:53,24430,24435.7,100,24438.5,50,400,2352300
NIFTY-II.NFO,25/11/2024,09:39:55,24436.55,24437.05,25,24438.5,25,75,2352300
NIFTY-II.NFO,25/11/2024,09:39:57,24439,24438.05,25,24439,100,125,2352300
NIFTY-II.NFO,25/11/2024,09:39:58,24438.5,24436.05,25,24438.5,25,50,2352300
NIFTY-II.NFO,25/11/2024,09:40:00,24438.5,24435.85,75,24439,100,200,2352300
NIFTY-II.NFO,25/11/2024,09:40:02,24438.5,24435.9,75,24438,25,25,2352300
NIFTY-II.NFO,25/11/2024,09:40:03,24435.9,24435.95,25,24438,25,50,2352300
NIFTY-II.NFO,25/11/2024,09:40:05,24434.9,24435.05,25,24438,25,525,2352300
NIFTY-II.NFO,25/11/2024,09:40:07,24438,24438.5,25,24439,125,75,2352300
NIFTY-II.NFO,25/11/2024,09:40:08,24439,24435.05,25,24439,25,250,2352300
NIFTY-II.NFO,25/11/2024,09:40:10,24439,24436,25,24439,25,0,2352300
NIFTY-II.NFO,25/11/2024,09:40:12,24439.95,24437,100,24439.85,200,100,2352300
NIFTY-II.NFO,25/11/2024,09:40:13,24439,24432.55,25,24436.65,200,1500,2352300
NIFTY-II.NFO,25/11/2024,09:40:15,24439,24436.65,500,24438.7,250,0,2352300
NIFTY-II.NFO,25/11/2024,09:40:17,24436.65,24436.65,50,24437.75,175,475,2352300
NIFTY-II.NFO,25/11/2024,09:40:18,24436,24432,25,24436,150,75,2352300
NIFTY-II.NFO,25/11/2024,09:40:20,24430,24430.3,25,24437.2,125,375,2352300
NIFTY-II.NFO,25/11/2024,09:40:22,24430.3,24430.3,25,24436.15,125,25,2352300
NIFTY-II.NFO,25/11/2024,09:40:24,24430.3,24430.05,25,24433.7,125,0,2352300
NIFTY-II.NFO,25/11/2024,09:40:25,24433.25,24430.05,25,24434.75,300,100,2352300
NIFTY-II.NFO,25/11/2024,09:40:27,24435.8,24431,25,24434.4,25,75,2352300
NIFTY-II.NFO,25/11/2024,09:40:29,24431,24430.5,50,24433.9,25,50,2352300
NIFTY-II.NFO,25/11/2024,09:40:30,24431,24432.3,25,24434.8,25,125,2352300
NIFTY-II.NFO,25/11/2024,09:40:32,24434.8,24431.75,50,24435.2,25,175,2352300
NIFTY-II.NFO,25/11/2024,09:40:34,24431,24430.5,50,24433.95,625,75,2352300
NIFTY-II.NFO,25/11/2024,09:40:35,24431,24431,25,24433.2,25,25,2352300
NIFTY-II.NFO,25/11/2024,09:40:37,24431,24430.05,200,24435.1,25,2175,2352300
NIFTY-II.NFO,25/11/2024,09:40:39,24430,24430,100,24435.65,25,125,2352300
NIFTY-II.NFO,25/11/2024,09:40:40,24428.55,24428.55,200,24434.25,25,300,2352300
NIFTY-II.NFO,25/11/2024,09:40:42,24428.55,24431.15,200,24436,1400,0,2352300
NIFTY-II.NFO,25/11/2024,09:40:44,24436,24429.9,200,24436,1300,225,2352300
NIFTY-II.NFO,25/11/2024,09:40:45,24436,24429.05,200,24435.05,250,0,2352300
NIFTY-II.NFO,25/11/2024,09:40:47,24430,24428.65,200,24434.5,25,50,2352300
NIFTY-II.NFO,25/11/2024,09:40:49,24433.75,24428.6,25,24432.45,25,75,2352300
NIFTY-II.NFO,25/11/2024,09:40:50,24433.25,24428.6,25,24432.65,25,250,2352300
NIFTY-II.NFO,25/11/2024,09:40:52,24430,24429.95,25,24433.75,625,300,2352300
NIFTY-II.NFO,25/11/2024,09:40:54,24430.65,24430.65,25,24434.7,250,100,2352300
NIFTY-II.NFO,25/11/2024,09:40:55,24428.6,24427.4,25,24432.65,25,100,2352300
NIFTY-II.NFO,25/11/2024,09:40:57,24428.6,24430,25,24432.65,25,0,2352300
NIFTY-II.NFO,25/11/2024,09:40:59,24430.65,24429,25,24432.2,625,100,2352300
NIFTY-II.NFO,25/11/2024,09:41:00,24432.15,24429,25,24432.15,275,375,2352300
NIFTY-II.NFO,25/11/2024,09:41:02,24425.6,24425.8,25,24430.4,25,450,2352300
NIFTY-II.NFO,25/11/2024,09:41:04,24430.75,24425.6,50,24428.6,25,75,2352300
NIFTY-II.NFO,25/11/2024,09:41:05,24430.75,24425.6,50,24428.6,25,0,2352300
NIFTY-II.NFO,25/11/2024,09:41:07,24425,24425.05,50,24428.6,25,750,2352300
NIFTY-II.NFO,25/11/2024,09:41:09,24428.6,24428.6,25,24431.4,25,25,2352300
NIFTY-II.NFO,25/11/2024,09:41:10,24431.3,24426,200,24431.95,625,75,2352300
NIFTY-II.NFO,25/11/2024,09:41:12,24430,24427.05,200,24430,225,125,2352300
NIFTY-II.NFO,25/11/2024,09:41:14,24432,24431.05,200,24432,25,500,2352300
NIFTY-II.NFO,25/11/2024,09:41:15,24432,24428.6,200,24432,25,200,2352300
NIFTY-II.NFO,25/11/2024,09:41:17,24433.75,24433.1,50,24435,25,50,2352300
NIFTY-II.NFO,25/11/2024,09:41:19,24436,24436.6,200,24439,50,1425,2352300
NIFTY-II.NFO,25/11/2024,09:41:20,24440,24439.75,25,24444.75,625,275,2352300
NIFTY-II.NFO,25/11/2024,09:41:22,24437.4,24437.75,100,24443.75,625,100,2355575
NIFTY-II.NFO,25/11/2024,09:41:24,24437.4,24437.85,100,24443.4,625,0,2355575
NIFTY-II.NFO,25/11/2024,09:41:25,24440,24439.15,50,24444.75,200,100,2355575
NIFTY-II.NFO,25/11/2024,09:41:27,24444.4,24438.55,50,24444.45,625,75,2355575
NIFTY-II.NFO,25/11/2024,09:41:29,24444.05,24438.35,175,24445.3,200,75,2355575
NIFTY-II.NFO,25/11/2024,09:41:30,24440.7,24441.55,150,24445.35,25,25,2355575
NIFTY-II.NFO,25/11/2024,09:41:32,24446,24443.45,150,24449.85,200,75,2355575
NIFTY-II.NFO,25/11/2024,09:41:34,24448.25,24443.9,175,24449.85,625,50,2355575
NIFTY-II.NFO,25/11/2024,09:41:35,24450,24444.65,175,24450,375,75,2355575
NIFTY-II.NFO,25/11/2024,09:41:37,24450,24443.65,100,24450,50,400,2355575
NIFTY-II.NFO,25/11/2024,09:41:39,24445.2,24445.2,200,24452.05,125,425,2355575
NIFTY-II.NFO,25/11/2024,09:41:40,24446,24446.55,50,24452.15,25,650,2355575
NIFTY-II.NFO,25/11/2024,09:41:42,24448.5,24450,25,24453.7,25,100,2355575
NIFTY-II.NFO,25/11/2024,09:41:44,24452.15,24446.7,50,24453,25,150,2355575
NIFTY-II.NFO,25/11/2024,09:41:45,24452.15,24447.5,50,24452.85,625,25,2355575
NIFTY-II.NFO,25/11/2024,09:41:47,24452.15,24447.35,50,24450.5,25,0,2355575
NIFTY-II.NFO,25/11/2024,09:41:49,24450.4,24447.6,25,24450,25,100,2355575
NIFTY-II.NFO,25/11/2024,09:41:50,24450,24447.35,50,24450.5,25,600,2355575
NIFTY-II.NFO,25/11/2024,09:41:52,24444.35,24447.35,50,24450.55,625,1750,2355575
NIFTY-II.NFO,25/11/2024,09:41:54,24450.55,24444.9,50,24450.4,200,575,2355575
NIFTY-II.NFO,25/11/2024,09:41:55,24444.9,24445.15,25,24449.65,200,25,2355575
NIFTY-II.NFO,25/11/2024,09:41:57,24449.6,24445.55,25,24449.65,200,25,2355575
NIFTY-II.NFO,25/11/2024,09:41:59,24445.05,24445,75,24449.95,225,50,2355575
NIFTY-II.NFO,25/11/2024,09:42:00,24450,24445,75,24449.3,200,50,2355575
NIFTY-II.NFO,25/11/2024,09:42:02,24449.3,24445,75,24450,50,50,2355575
NIFTY-II.NFO,25/11/2024,09:42:04,24450,24449.05,250,24450.55,50,175,2355575
NIFTY-II.NFO,25/11/2024,09:42:05,24450.5,24448.95,50,24452.15,50,125,2355575
NIFTY-II.NFO,25/11/2024,09:42:07,24446.1,24445.65,225,24452.05,200,100,2355575
NIFTY-II.NFO,25/11/2024,09:42:09,24450.2,24445.05,50,24450.25,25,175,2355575
NIFTY-II.NFO,25/11/2024,09:42:10,24450,24447.4,150,24452.15,50,25,2355575
NIFTY-II.NFO,25/11/2024,09:42:12,24451.6,24446.75,150,24452.15,50,75,2355575
NIFTY-II.NFO,25/11/2024,09:42:14,24447.25,24447.65,125,24453.85,250,100,2355575
NIFTY-II.NFO,25/11/2024,09:42:15,24453.45,24447.6,200,24453.6,250,25,2355575
NIFTY-II.NFO,25/11/2024,09:42:17,24448.9,24448.6,50,24452,50,75,2355575
NIFTY-II.NFO,25/11/2024,09:42:19,24447,24447.8,125,24450,25,25,2355575
NIFTY-II.NFO,25/11/2024,09:42:20,24452,24448.3,325,24452,25,100,2355575
NIFTY-II.NFO,25/11/2024,09:42:22,24448.3,24448.2,75,24452,25,25,2355575
NIFTY-II.NFO,25/11/2024,09:42:23,24452.9,24447,25,24452.85,50,200,2355575
NIFTY-II.NFO,25/11/2024,09:42:25,24453,24449.4,200,24453,475,100,2355575
NIFTY-II.NFO,25/11/2024,09:42:27,24453,24448.3,50,24450,25,0,2355575
NIFTY-II.NFO,25/11/2024,09:42:28,24453,24448.3,50,24453,475,75,2355575
NIFTY-II.NFO,25/11/2024,09:42:30,24452.95,24448,75,24452.4,150,150,2355575
NIFTY-II.NFO,25/11/2024,09:42:32,24448,24445.05,175,24447.8,25,75,2355575
NIFTY-II.NFO,25/11/2024,09:42:34,24447.8,24450,375,24452.95,150,50,2355575
NIFTY-II.NFO,25/11/2024,09:42:35,24450,24450,75,24452.95,150,300,2355575
NIFTY-II.NFO,25/11/2024,09:42:37,24451.2,24448,25,24451.25,50,225,2355575
NIFTY-II.NFO,25/11/2024,09:42:39,24451.25,24448,25,24451.7,50,225,2355575
NIFTY-II.NFO,25/11/2024,09:42:40,24445,24444.5,200,24452.1,50,375,2355575
NIFTY-II.NFO,25/11/2024,09:42:42,24452.1,24444.55,200,24448,25,25,2355575
NIFTY-II.NFO,25/11/2024,09:42:44,24448,24445,200,24448,25,100,2355575
NIFTY-II.NFO,25/11/2024,09:42:45,24448,24450,1025,24452.15,25,50,2355575
NIFTY-II.NFO,25/11/2024,09:42:47,24452.15,24450,1050,24452.35,25,25,2355575
NIFTY-II.NFO,25/11/2024,09:42:49,24452.55,24450,950,24452.75,150,225,2355575
NIFTY-II.NFO,25/11/2024,09:42:50,24450,24447.95,200,24450,500,950,2355575
NIFTY-II.NFO,25/11/2024,09:42:52,24450,24446.6,200,24450,450,50,2355575
NIFTY-II.NFO,25/11/2024,09:42:54,24453,24452.55,275,24453,500,800,2355575
NIFTY-II.NFO,25/11/2024,09:42:55,24453,24452.55,275,24453,375,125,2355575
NIFTY-II.NFO,25/11/2024,09:42:57,24452.55,24452.55,125,24453,375,150,2355575
NIFTY-II.NFO,25/11/2024,09:42:59,24453,24452.55,125,24453,100,275,2355575
NIFTY-II.NFO,25/11/2024,09:43:00,24452.55,24450,125,24453,50,200,2355575
NIFTY-II.NFO,25/11/2024,09:43:02,24451.35,24444,25,24450.25,50,600,2355575
NIFTY-II.NFO,25/11/2024,09:43:04,24444.3,24450,25,24452.05,125,125,2355575
NIFTY-II.NFO,25/11/2024,09:43:05,24453.55,24450,25,24453.45,50,175,2355575
NIFTY-II.NFO,25/11/2024,09:43:07,24445.85,24444.3,25,24448.4,75,50,2355575
NIFTY-II.NFO,25/11/2024,09:43:09,24444,24440,175,24444.4,25,100,2355575
NIFTY-II.NFO,25/11/2024,09:43:10,24439.85,24432.9,50,24440.15,50,650,2355575
NIFTY-II.NFO,25/11/2024,09:43:12,24442.45,24434.95,250,24442.45,50,50,2355575
NIFTY-II.NFO,25/11/2024,09:43:14,24436.7,24436.65,25,24443.2,50,25,2355575
NIFTY-II.NFO,25/11/2024,09:43:15,24442.45,24436.1,25,24442.95,25,150,2355575
NIFTY-II.NFO,25/11/2024,09:43:17,24435.6,24435.8,25,24441.95,25,75,2355575
NIFTY-II.NFO,25/11/2024,09:43:19,24442.75,24436.05,25,24443.15,250,550,2355575
NIFTY-II.NFO,25/11/2024,09:43:20,24442.75,24440.2,50,24443.1,25,0,2355575
NIFTY-II.NFO,25/11/2024,09:43:22,24442.75,24440.2,50,24441.95,250,0,2355575
NIFTY-II.NFO,25/11/2024,09:43:24,24437.45,24437.1,50,24444.25,50,250,2355575
NIFTY-II.NFO,25/11/2024,09:43:25,24437.15,24439.25,25,24446.2,100,50,2355575
NIFTY-II.NFO,25/11/2024,09:43:27,24444.6,24440.5,25,24443.9,250,75,2355575
NIFTY-II.NFO,25/11/2024,09:43:29,24440.5,24440,50,24442.95,75,25,2355575
NIFTY-II.NFO,25/11/2024,09:43:30,24442.7,24440,25,24442.7,200,50,2355575
NIFTY-II.NFO,25/11/2024,09:43:32,24442.5,24440.5,25,24442.8,200,25,2355575
NIFTY-II.NFO,25/11/2024,09:43:34,24435.1,24435.7,25,24441.8,25,125,2355575
NIFTY-II.NFO,25/11/2024,09:43:35,24435.1,24435.6,25,24441.95,25,0,2355575
NIFTY-II.NFO,25/11/2024,09:43:37,24435,24440,100,24441.6,25,75,2355575
NIFTY-II.NFO,25/11/2024,09:43:39,24440.05,24440,100,24440.4,175,50,2355575
NIFTY-II.NFO,25/11/2024,09:43:40,24440.1,24440.05,25,24441.25,150,600,2355575
NIFTY-II.NFO,25/11/2024,09:43:42,24439.65,24436,25,24440,100,125,2355575
NIFTY-II.NFO,25/11/2024,09:43:44,24432.85,24433.2,25,24439.25,50,350,2355575
NIFTY-II.NFO,25/11/2024,09:43:45,24433.2,24436.1,25,24440,50,25,2355575
NIFTY-II.NFO,25/11/2024,09:43:47,24433.2,24436.15,50,24440,75,0,2355575
NIFTY-II.NFO,25/11/2024,09:43:49,24436.15,24436.1,25,24440,25,50,2355575
NIFTY-II.NFO,25/11/2024,09:43:50,24432.8,24433.85,25,24439.95,200,300,2355575
NIFTY-II.NFO,25/11/2024,09:43:52,24433.65,24433.9,25,24439.7,25,200,2355575
NIFTY-II.NFO,25/11/2024,09:43:54,24433.65,24434,100,24439.7,25,0,2355575
NIFTY-II.NFO,25/11/2024,09:43:55,24440,24434.45,25,24440,25,25,2355575
NIFTY-II.NFO,25/11/2024,09:43:57,24440,24432.8,125,24438,25,0,2355575
NIFTY-II.NFO,25/11/2024,09:43:59,24432.6,24432.45,25,24438,25,125,2355575
NIFTY-II.NFO,25/11/2024,09:44:00,24438,24432.1,100,24438.7,200,25,2355575
NIFTY-II.NFO,25/11/2024,09:44:02,24438.4,24431,200,24437.75,175,125,2355575
NIFTY-II.NFO,25/11/2024,09:44:04,24437.9,24431.6,200,24438.15,125,50,2355575
NIFTY-II.NFO,25/11/2024,09:44:05,24437.9,24432,1500,24435.65,75,0,2355575
NIFTY-II.NFO,25/11/2024,09:44:07,24432,24432.05,75,24437.35,25,325,2355575
NIFTY-II.NFO,25/11/2024,09:44:09,24432,24432.05,25,24434.45,100,50,2355575
NIFTY-II.NFO,25/11/2024,09:44:10,24432,24432,1200,24434.45,50,300,2355575
NIFTY-II.NFO,25/11/2024,09:44:12,24432,24432.05,25,24434.45,50,50,2355575
NIFTY-II.NFO,25/11/2024,09:44:14,24432,24432.05,25,24434.45,50,0,2355575
NIFTY-II.NFO,25/11/2024,09:44:15,24432,24432,675,24434.45,50,525,2355575
NIFTY-II.NFO,25/11/2024,09:44:17,24432.05,24432,675,24434.45,50,100,2355575
NIFTY-II.NFO,25/11/2024,09:44:19,24432,24432,850,24434.45,50,75,2355575
NIFTY-II.NFO,25/11/2024,09:44:20,24435.65,24432,825,24435.8,25,175,2355575
NIFTY-II.NFO,25/11/2024,09:44:22,24435.65,24432,875,24437.55,25,0,2355575
NIFTY-II.NFO,25/11/2024,09:44:23,24432.05,24432.05,175,24437.25,825,25,2359175
NIFTY-II.NFO,25/11/2024,09:44:25,24437.3,24432.1,100,24438,50,75,2359175
NIFTY-II.NFO,25/11/2024,09:44:27,24433,24432.05,125,24438,50,25,2359175
NIFTY-II.NFO,25/11/2024,09:44:28,24437.25,24432.05,125,24438,50,150,2359175
NIFTY-II.NFO,25/11/2024,09:44:30,24437,24433,25,24435,75,25,2359175
NIFTY-II.NFO,25/11/2024,09:44:32,24435,24433,50,24435,75,25,2359175
NIFTY-II.NFO,25/11/2024,09:44:33,24433,24433,25,24437,25,150,2359175
NIFTY-II.NFO,25/11/2024,09:44:35,24433,24433,25,24438,50,0,2359175
NIFTY-II.NFO,25/11/2024,09:44:38,24438,24433,25,24438.1,25,75,2359175
NIFTY-II.NFO,25/11/2024,09:44:40,24433,24432.05,125,24433,100,25,2359175
NIFTY-II.NFO,25/11/2024,09:44:42,24433,24433,25,24437.65,25,175,2359175
NIFTY-II.NFO,25/11/2024,09:44:43,24432,24432,600,24437,50,250,2359175
NIFTY-II.NFO,25/11/2024,09:44:45,24432,24432,575,24433,425,75,2359175
NIFTY-II.NFO,25/11/2024,09:44:47,24437,24434.45,75,24437,25,650,2359175
NIFTY-II.NFO,25/11/2024,09:44:48,24437.45,24433.55,25,24440,50,175,2359175
NIFTY-II.NFO,25/11/2024,09:44:50,24437.45,24434.1,50,24440,50,0,2359175
NIFTY-II.NFO,25/11/2024,09:44:52,24432.3,24432.2,25,24437,25,850,2359175
NIFTY-II.NFO,25/11/2024,09:44:54,24432.2,24430.35,25,24436.9,50,25,2359175
NIFTY-II.NFO,25/11/2024,09:44:55,24430,24430,850,24436,50,300,2359175
NIFTY-II.NFO,25/11/2024,09:44:57,24430.05,24430,850,24434.1,50,25,2359175
NIFTY-II.NFO,25/11/2024,09:44:58,24430,24430,875,24434.1,50,150,2359175
NIFTY-II.NFO,25/11/2024,09:45:00,24430,24430.6,25,24434.1,50,25,2359175
NIFTY-II.NFO,25/11/2024,09:45:02,24430,24432.55,25,24434,25,0,2359175
NIFTY-II.NFO,25/11/2024,09:45:03,24430.6,24430.9,25,24434,25,275,2359175
NIFTY-II.NFO,25/11/2024,09:45:05,24434,24434,2975,24435,25,50,2359175
NIFTY-II.NFO,25/11/2024,09:45:07,24435,24434,2975,24436,25,25,2359175
NIFTY-II.NFO,25/11/2024,09:45:08,24436.95,24435.9,175,24437,25,50,2359175
NIFTY-II.NFO,25/11/2024,09:45:10,24440.7,24439.3,250,24440.7,50,150,2359175
NIFTY-II.NFO,25/11/2024,09:45:12,24440.05,24438.05,25,24440.7,50,25,2359175
NIFTY-II.NFO,25/11/2024,09:45:13,24436.05,24436.05,25,24440.7,50,25,2359175
NIFTY-II.NFO,25/11/2024,09:45:15,24441.75,24436.3,25,24441.65,25,100,2359175
NIFTY-II.NFO,25/11/2024,09:45:17,24442.35,24434.8,200,24440,125,325,2359175
NIFTY-II.NFO,25/11/2024,09:45:18,24442.35,24436.05,200,24440,175,0,2359175
NIFTY-II.NFO,25/11/2024,09:45:20,24442.35,24436.1,200,24440,175,0,2359175
NIFTY-II.NFO,25/11/2024,09:45:22,24442.35,24436.05,25,24440,175,0,2359175
NIFTY-II.NFO,25/11/2024,09:45:25,24440,24436.05,25,24438.25,400,75,2359175
NIFTY-II.NFO,25/11/2024,09:45:27,24426.55,24426.55,25,24429.1,50,6000,2359175
NIFTY-II.NFO,25/11/2024,09:45:28,24426,24427.05,25,24431.1,150,125,2359175
NIFTY-II.NFO,25/11/2024,09:45:30,24431.3,24427.05,25,24430.25,325,500,2359175
NIFTY-II.NFO,25/11/2024,09:45:32,24429.75,24427.05,25,24429.25,25,50,2359175
NIFTY-II.NFO,25/11/2024,09:45:33,24425,24425,275,24428.15,25,75,2359175
NIFTY-II.NFO,25/11/2024,09:45:35,24427.35,24426.9,200,24434.45,75,100,2359175
NIFTY-II.NFO,25/11/2024,09:45:37,24427.35,24429.15,25,24435.2,75,0,2359175
NIFTY-II.NFO,25/11/2024,09:45:38,24429.75,24430.45,25,24436.85,75,25,2359175
NIFTY-II.NFO,25/11/2024,09:45:40,24430.5,24430.1,25,24437.65,50,125,2359175
NIFTY-II.NFO,25/11/2024,09:45:42,24434.75,24429.75,25,24434.75,50,125,2359175
NIFTY-II.NFO,25/11/2024,09:45:43,24425.4,24425.05,50,24430.1,75,75,2359175
NIFTY-II.NFO,25/11/2024,09:45:45,24425,24425,250,24430.4,75,100,2359175
NIFTY-II.NFO,25/11/2024,09:45:47,24425,24425,250,24429.9,75,0,2359175
NIFTY-II.NFO,25/11/2024,09:45:48,24425,24425.1,25,24427.35,250,125,2359175
NIFTY-II.NFO,25/11/2024,09:45:50,24427.35,24425.1,25,24427.35,200,50,2359175
NIFTY-II.NFO,25/11/2024,09:45:52,24427.35,24425.4,450,24427.35,200,0,2359175
NIFTY-II.NFO,25/11/2024,09:45:53,24425.4,24425.4,425,24427.35,150,100,2359175
NIFTY-II.NFO,25/11/2024,09:45:55,24425.4,24425.4,275,24427.35,150,150,2359175
NIFTY-II.NFO,25/11/2024,09:45:57,24425.1,24425,700,24425.4,2850,400,2359175
NIFTY-II.NFO,25/11/2024,09:45:58,24425,24425,575,24425.4,2850,125,2359175
NIFTY-II.NFO,25/11/2024,09:46:00,24425.4,24420.2,1700,24425.4,2650,800,2359175
NIFTY-II.NFO,25/11/2024,09:46:02,24420.2,24420.2,1675,24425,25,50,2359175
NIFTY-II.NFO,25/11/2024,09:46:03,24420.2,24420.2,1600,24425.4,2625,150,2359175
NIFTY-II.NFO,25/11/2024,09:46:05,24420.2,24420.2,1575,24424.9,350,25,2359175
NIFTY-II.NFO,25/11/2024,09:46:07,24421.7,24420,1300,24421.45,100,2725,2359175
NIFTY-II.NFO,25/11/2024,09:46:08,24415,24420,100,24421.75,250,1825,2359175
NIFTY-II.NFO,25/11/2024,09:46:10,24413,24413.2,50,24419.95,100,625,2359175
NIFTY-II.NFO,25/11/2024,09:46:12,24415,24419.55,25,24420,2025,200,2359175
NIFTY-II.NFO,25/11/2024,09:46:13,24420,24418.95,50,24425,25,2875,2359175
NIFTY-II.NFO,25/11/2024,09:46:15,24420,24423.05,25,24425,25,0,2359175
NIFTY-II.NFO,25/11/2024,09:46:17,24425.4,24423.85,1000,24425.4,1450,1350,2359175
NIFTY-II.NFO,25/11/2024,09:46:18,24427.9,24428.55,25,24430,600,1650,2359175
NIFTY-II.NFO,25/11/2024,09:46:20,24430.75,24431.6,50,24433,50,650,2359175
NIFTY-II.NFO,25/11/2024,09:46:22,24435,24433.4,75,24439.6,25,175,2359175
NIFTY-II.NFO,25/11/2024,09:46:23,24433.8,24433.45,50,24440,50,175,2359175
NIFTY-II.NFO,25/11/2024,09:46:25,24440,24434.95,50,24441.75,200,150,2359175
NIFTY-II.NFO,25/11/2024,09:46:27,24441.75,24436.85,25,24441.5,200,25,2359175
NIFTY-II.NFO,25/11/2024,09:46:28,24436.6,24436.55,25,24441.75,175,50,2359175
NIFTY-II.NFO,25/11/2024,09:46:30,24436.55,24438.1,25,24441.75,175,75,2359175
NIFTY-II.NFO,25/11/2024,09:46:32,24438.45,24437.45,50,24441.75,175,350,2359175
NIFTY-II.NFO,25/11/2024,09:46:33,24438.7,24438.25,75,24441.75,175,125,2359175
NIFTY-II.NFO,25/11/2024,09:46:35,24438.7,24438.45,75,24441.75,175,0,2359175
NIFTY-II.NFO,25/11/2024,09:46:36,24440,24438.05,200,24440,25,100,2359175
NIFTY-II.NFO,25/11/2024,09:46:38,24441.75,24440,25,24441.75,100,75,2359175
NIFTY-II.NFO,25/11/2024,09:46:40,24438.15,24438.15,275,24441.75,100,75,2359175
NIFTY-II.NFO,25/11/2024,09:46:41,24441.75,24438.1,50,24441.75,25,150,2359175
NIFTY-II.NFO,25/11/2024,09:46:43,24441.75,24440,125,24442.35,25,100,2359175
NIFTY-II.NFO,25/11/2024,09:46:45,24442.5,24440,25,24444,25,125,2359175
NIFTY-II.NFO,25/11/2024,09:46:46,24440,24436,25,24442,200,25,2359175
NIFTY-II.NFO,25/11/2024,09:46:48,24441.75,24436.35,200,24441.75,25,300,2359175
NIFTY-II.NFO,25/11/2024,09:46:50,24441.75,24436.55,25,24440,375,25,2359175
NIFTY-II.NFO,25/11/2024,09:46:51,24440,24440,425,24443.25,175,400,2359175
NIFTY-II.NFO,25/11/2024,09:46:53,24443.25,24440,400,24443.25,150,50,2359175
NIFTY-II.NFO,25/11/2024,09:46:55,24440,24440,325,24444,50,75,2359175
NIFTY-II.NFO,25/11/2024,09:46:56,24440,24440,325,24444,50,0,2359175
NIFTY-II.NFO,25/11/2024,09:46:58,24440,24438.55,25,24440,575,450,2359175
NIFTY-II.NFO,25/11/2024,09:47:00,24440,24438.05,25,24440,125,450,2359175
NIFTY-II.NFO,25/11/2024,09:47:01,24440,24438.05,25,24440,25,125,2359175
NIFTY-II.NFO,25/11/2024,09:47:03,24437.1,24438.55,25,24440,25,50,2359175
NIFTY-II.NFO,25/11/2024,09:47:05,24438.15,24439.6,100,24441.75,25,200,2359175
NIFTY-II.NFO,25/11/2024,09:47:07,24440.05,24440.05,25,24443,25,1900,2359175
NIFTY-II.NFO,25/11/2024,09:47:08,24443,24443,75,24444,150,175,2359175
NIFTY-II.NFO,25/11/2024,09:47:10,24445.95,24444,75,24445.95,200,800,2359175
NIFTY-II.NFO,25/11/2024,09:47:12,24445.95,24444,75,24445.4,200,0,2359175
NIFTY-II.NFO,25/11/2024,09:47:13,24445.4,24444.05,25,24446,25,75,2359175
NIFTY-II.NFO,25/11/2024,09:47:15,24444.05,24444.1,25,24446,25,25,2359175
NIFTY-II.NFO,25/11/2024,09:47:17,24446,24444.1,25,24447.95,200,25,2359175
NIFTY-II.NFO,25/11/2024,09:47:18,24446,24444.15,25,24448,75,0,2359175
NIFTY-II.NFO,25/11/2024,09:47:20,24444.1,24444,125,24444.15,50,475,2359175
NIFTY-II.NFO,25/11/2024,09:47:22,24440.65,24441.35,50,24443,1100,1500,2359175
NIFTY-II.NFO,25/11/2024,09:47:23,24443,24440.1,25,24443,525,575,2363250
NIFTY-II.NFO,25/11/2024,09:47:25,24443,24440.1,25,24443,475,100,2363250
NIFTY-II.NFO,25/11/2024,09:47:27,24443,24440.1,25,24443,425,75,2363250
NIFTY-II.NFO,25/11/2024,09:47:28,24443,24440.15,25,24443,350,150,2363250
NIFTY-II.NFO,25/11/2024,09:47:30,24443,24440.55,200,24443,350,0,2363250
NIFTY-II.NFO,25/11/2024,09:47:32,24443,24440.15,25,24443,350,0,2363250
NIFTY-II.NFO,25/11/2024,09:47:33,24443,24440.15,25,24443,325,75,2363250
NIFTY-II.NFO,25/11/2024,09:47:35,24440.15,24440.25,25,24443,325,25,2363250
NIFTY-II.NFO,25/11/2024,09:47:37,24440.15,24438.2,200,24443,325,50,2363250
NIFTY-II.NFO,25/11/2024,09:47:38,24438.8,24438.75,200,24443,50,275,2363250
NIFTY-II.NFO,25/11/2024,09:47:40,24446,24440,275,24446,75,250,2363250
NIFTY-II.NFO,25/11/2024,09:47:42,24440.95,24441.4,25,24443,25,50,2363250
NIFTY-II.NFO,25/11/2024,09:47:43,24440.6,24439.95,200,24446,25,175,2363250
NIFTY-II.NFO,25/11/2024,09:47:45,24439.25,24439.7,200,24446,25,100,2363250
NIFTY-II.NFO,25/11/2024,09:47:47,24439.2,24439.25,175,24445.95,200,1450,2363250
NIFTY-II.NFO,25/11/2024,09:47:48,24439.3,24439.5,75,24441.4,25,25,2363250
NIFTY-II.NFO,25/11/2024,09:47:50,24448.45,24440.15,25,24447.3,200,125,2363250
NIFTY-II.NFO,25/11/2024,09:47:52,24446.8,24440.05,50,24446.6,200,25,2363250
NIFTY-II.NFO,25/11/2024,09:47:53,24446.8,24439.95,25,24442,50,0,2363250
NIFTY-II.NFO,25/11/2024,09:47:55,24440,24439.95,25,24442,50,250,2363250
NIFTY-II.NFO,25/11/2024,09:47:57,24440,24439.95,25,24442,50,50,2363250
NIFTY-II.NFO,25/11/2024,09:47:58,24442,24439.95,25,24442,25,25,2363250
NIFTY-II.NFO,25/11/2024,09:48:00,24442,24441.85,25,24448.45,200,50,2363250
NIFTY-II.NFO,25/11/2024,09:48:02,24440.5,24441,25,24446.8,25,75,2363250
NIFTY-II.NFO,25/11/2024,09:48:03,24439.95,24441.85,25,24445,200,50,2363250
NIFTY-II.NFO,25/11/2024,09:48:05,24445.7,24440.3,25,24446.4,200,25,2363250
NIFTY-II.NFO,25/11/2024,09:48:07,24445.7,24439.05,25,24444,25,25,2363250
NIFTY-II.NFO,25/11/2024,09:48:08,24443.55,24439.05,25,24443.2,200,100,2363250
NIFTY-II.NFO,25/11/2024,09:48:10,24444,24439.05,25,24444.7,200,25,2363250
NIFTY-II.NFO,25/11/2024,09:48:12,24444,24439,50,24443.95,200,0,2363250
NIFTY-II.NFO,25/11/2024,09:48:13,24439,24439.95,25,24442.7,200,25,2363250
NIFTY-II.NFO,25/11/2024,09:48:15,24442.3,24439,25,24442.3,200,100,2363250
NIFTY-II.NFO,25/11/2024,09:48:17,24444.7,24436.35,25,24442.95,200,175,2363250
NIFTY-II.NFO,25/11/2024,09:48:18,24444.7,24436.35,25,24440.8,200,0,2363250
NIFTY-II.NFO,25/11/2024,09:48:20,24444.7,24436.35,25,24441.85,200,0,2363250
NIFTY-II.NFO,25/11/2024,09:48:22,24436.4,24436.35,25,24441.05,200,50,2363250
NIFTY-II.NFO,25/11/2024,09:48:23,24436.4,24436.35,25,24440.5,200,0,2363250
NIFTY-II.NFO,25/11/2024,09:48:25,24436.4,24436.4,125,24442.8,200,25,2363250
NIFTY-II.NFO,25/11/2024,09:48:27,24437.45,24437.15,125,24443,25,50,2363250
NIFTY-II.NFO,25/11/2024,09:48:28,24443,24437.45,125,24443.8,200,25,2363250
NIFTY-II.NFO,25/11/2024,09:48:30,24443,24436.4,250,24442.1,250,0,2363250
NIFTY-II.NFO,25/11/2024,09:48:32,24441.75,24436.4,250,24442.05,250,400,2363250
NIFTY-II.NFO,25/11/2024,09:48:33,24443.85,24443.85,50,24443.95,250,250,2363250
NIFTY-II.NFO,25/11/2024,09:48:35,24444,24444,125,24444.4,200,100,2363250
NIFTY-II.NFO,25/11/2024,09:48:37,24444.7,24439.75,200,24444.7,125,600,2363250
NIFTY-II.NFO,25/11/2024,09:48:38,24444.7,24438.4,200,24444.6,125,0,2363250
NIFTY-II.NFO,25/11/2024,09:48:40,24438.25,24438,50,24444.45,200,550,2363250
NIFTY-II.NFO,25/11/2024,09:48:41,24438.25,24438.65,150,24444.45,200,0,2363250
NIFTY-II.NFO,25/11/2024,09:48:43,24438.25,24441.75,25,24444.45,200,0,2363250
NIFTY-II.NFO,25/11/2024,09:48:45,24438.25,24441.75,25,24444.1,200,0,2363250
NIFTY-II.NFO,25/11/2024,09:48:46,24441.75,24438,50,24444.5,200,75,2363250
NIFTY-II.NFO,25/11/2024,09:48:48,24444.1,24438,50,24442.55,175,100,2363250
NIFTY-II.NFO,25/11/2024,09:48:50,24437.95,24436.9,125,24443.4,150,100,2363250
NIFTY-II.NFO,25/11/2024,09:48:51,24437.95,24436.4,250,24438.65,50,0,2363250
NIFTY-II.NFO,25/11/2024,09:48:53,24438.65,24436.4,250,24438.65,25,25,2363250
NIFTY-II.NFO,25/11/2024,09:48:55,24438.65,24436.4,250,24438.65,25,0,2363250
NIFTY-II.NFO,25/11/2024,09:48:56,24436.4,24436.4,125,24438.65,25,150,2363250
NIFTY-II.NFO,25/11/2024,09:48:58,24430,24429.7,200,24435.7,50,375,2363250
NIFTY-II.NFO,25/11/2024,09:49:00,24438.15,24433.7,25,24438.5,100,50,2363250
NIFTY-II.NFO,25/11/2024,09:49:01,24438.15,24433.7,25,24438.6,100,0,2363250
NIFTY-II.NFO,25/11/2024,09:49:03,24438.15,24431.8,200,24438.35,100,0,2363250
NIFTY-II.NFO,25/11/2024,09:49:05,24430.65,24431,25,24436.1,50,1000,2363250
NIFTY-II.NFO,25/11/2024,09:49:06,24436.55,24431,25,24436.2,200,50,2363250
NIFTY-II.NFO,25/11/2024,09:49:08,24433.35,24427.45,125,24433.15,50,25,2363250
NIFTY-II.NFO,25/11/2024,09:49:10,24433.35,24426.45,25,24432.1,50,0,2363250
NIFTY-II.NFO,25/11/2024,09:49:11,24432.6,24426.1,150,24432.3,200,75,2363250
NIFTY-II.NFO,25/11/2024,09:49:13,24433.7,24427,150,24433.65,200,50,2363250
NIFTY-II.NFO,25/11/2024,09:49:15,24433.7,24428.25,150,24433.7,450,25,2363250
NIFTY-II.NFO,25/11/2024,09:49:16,24433.7,24432.6,50,24433.7,375,125,2363250
NIFTY-II.NFO,25/11/2024,09:49:18,24433.7,24432.1,125,24438.25,50,575,2363250
NIFTY-II.NFO,25/11/2024,09:49:20,24433.7,24429.85,125,24436.45,200,0,2363250
NIFTY-II.NFO,25/11/2024,09:49:21,24436,24428,50,24435.15,200,25,2363250
NIFTY-II.NFO,25/11/2024,09:49:23,24436,24427.9,25,24434.3,200,0,2363250
NIFTY-II.NFO,25/11/2024,09:49:25,24427.75,24425.5,275,24431.9,250,25,2363250
NIFTY-II.NFO,25/11/2024,09:49:26,24427.9,24427.35,25,24433.5,200,1050,2363250
NIFTY-II.NFO,25/11/2024,09:49:28,24427.9,24430,25,24434.35,50,0,2363250
NIFTY-II.NFO,25/11/2024,09:49:30,24434.95,24427.8,200,24434.8,200,400,2363250
NIFTY-II.NFO,25/11/2024,09:49:31,24428.55,24427.2,25,24433.35,225,50,2363250
NIFTY-II.NFO,25/11/2024,09:49:33,24432.05,24430,25,24431.1,25,775,2363250
NIFTY-II.NFO,25/11/2024,09:49:35,24431.1,24430,25,24433.05,200,25,2363250
NIFTY-II.NFO,25/11/2024,09:49:36,24432.25,24425.85,25,24432,200,150,2363250
NIFTY-II.NFO,25/11/2024,09:49:38,24430,24426.15,25,24431.6,200,75,2363250
NIFTY-II.NFO,25/11/2024,09:49:40,24430.7,24425.35,25,24430.7,25,325,2363250
NIFTY-II.NFO,25/11/2024,09:49:41,24433.15,24428,25,24432.85,200,25,2363250
NIFTY-II.NFO,25/11/2024,09:49:43,24425.3,24427.8,25,24431.75,200,125,2363250
NIFTY-II.NFO,25/11/2024,09:49:45,24426,24426.55,125,24432.3,200,50,2363250
NIFTY-II.NFO,25/11/2024,09:49:46,24431.75,24427.45,25,24434.35,200,75,2363250
NIFTY-II.NFO,25/11/2024,09:49:48,24428.9,24428.4,125,24433.15,25,25,2363250
NIFTY-II.NFO,25/11/2024,09:49:50,24435,24435,25,24436.05,200,50,2363250
NIFTY-II.NFO,25/11/2024,09:49:51,24432.3,24429.75,125,24432.3,75,75,2363250
NIFTY-II.NFO,25/11/2024,09:49:53,24433,24431.3,25,24436.95,250,175,2363250
NIFTY-II.NFO,25/11/2024,09:49:55,24436.95,24431.3,25,24436.9,200,25,2363250
NIFTY-II.NFO,25/11/2024,09:49:56,24434.9,24427.15,50,24433.7,200,1350,2363250
NIFTY-II.NFO,25/11/2024,09:49:58,24431.3,24428.75,25,24431.3,75,50,2363250
NIFTY-II.NFO,25/11/2024,09:50:00,24431.3,24435.95,25,24436,25,100,2363250
NIFTY-II.NFO,25/11/2024,09:50:01,24432.3,24431.4,25,24438.15,200,75,2363250
NIFTY-II.NFO,25/11/2024,09:50:03,24438.65,24430.95,125,24432.3,25,25,2363250
NIFTY-II.NFO,25/11/2024,09:50:05,24437.95,24432.55,25,24437.05,200,50,2363250
NIFTY-II.NFO,25/11/2024,09:50:06,24432.55,24430,50,24436.6,200,50,2363250
NIFTY-II.NFO,25/11/2024,09:50:08,24432.55,24430,50,24435.45,200,0,2363250
NIFTY-II.NFO,25/11/2024,09:50:10,24432.55,24430,50,24434.05,250,0,2363250
NIFTY-II.NFO,25/11/2024,09:50:11,24431.4,24430,25,24435.45,200,100,2363250
NIFTY-II.NFO,25/11/2024,09:50:13,24427.4,24426.05,25,24431.75,200,125,2363250
NIFTY-II.NFO,25/11/2024,09:50:15,24427.4,24426.05,25,24429.7,200,0,2363250
NIFTY-II.NFO,25/11/2024,09:50:16,24427.4,24429.7,25,24431.95,200,50,2363250
NIFTY-II.NFO,25/11/2024,09:50:18,24427.4,24430,100,24432,25,75,2363250
NIFTY-II.NFO,25/11/2024,09:50:20,24431.95,24430,100,24432.85,200,725,2363250
NIFTY-II.NFO,25/11/2024,09:50:21,24433.6,24426.6,50,24432.8,25,2200,2363250
NIFTY-II.NFO,25/11/2024,09:50:23,24435.9,24433.55,25,24437.15,25,1550,2362000
NIFTY-II.NFO,25/11/2024,09:50:25,24438.25,24431.5,50,24437.1,25,3725,2362000
NIFTY-II.NFO,25/11/2024,09:50:26,24436.7,24429.4,50,24435.85,175,1550,2362000
NIFTY-II.NFO,25/11/2024,09:50:28,24437.1,24429.7,50,24436.3,125,500,2362000
NIFTY-II.NFO,25/11/2024,09:50:30,24435.85,24435.85,1350,24436.3,125,150,2362000
NIFTY-II.NFO,25/11/2024,09:50:31,24435.85,24435.85,1050,24436.25,25,325,2362000
NIFTY-II.NFO,25/11/2024,09:50:33,24435.85,24435.85,1000,24436.35,25,50,2362000
NIFTY-II.NFO,25/11/2024,09:50:35,24435.85,24435.85,875,24437.05,250,125,2362000
NIFTY-II.NFO,25/11/2024,09:50:36,24435.85,24435.85,725,24437,25,200,2362000
NIFTY-II.NFO,25/11/2024,09:50:38,24436.2,24436.2,25,24437.1,25,225,2362000
NIFTY-II.NFO,25/11/2024,09:50:40,24436.2,24436,50,24437.75,25,25,2362000
NIFTY-II.NFO,25/11/2024,09:50:41,24435.85,24435.85,300,24437.75,25,625,2362000
NIFTY-II.NFO,25/11/2024,09:50:43,24435.85,24435.9,25,24436.7,150,0,2362000
NIFTY-II.NFO,25/11/2024,09:50:45,24436,24435.95,25,24436.7,150,25,2362000
NIFTY-II.NFO,25/11/2024,09:50:46,24436.7,24436,25,24436.7,125,50,2362000
NIFTY-II.NFO,25/11/2024,09:50:48,24436,24435.9,25,24436.7,100,150,2362000
NIFTY-II.NFO,25/11/2024,09:50:50,24436.7,24436.7,1875,24437.75,25,225,2362000
NIFTY-II.NFO,25/11/2024,09:50:51,24436.7,24436.7,1775,24437.75,25,250,2362000
NIFTY-II.NFO,25/11/2024,09:50:53,24436.7,24436.7,1675,24437.75,25,100,2362000
NIFTY-II.NFO,25/11/2024,09:50:55,24436.7,24435.9,25,24436.9,125,1700,2362000
NIFTY-II.NFO,25/11/2024,09:50:56,24429,24429.4,200,24435.9,25,325,2362000
NIFTY-II.NFO,25/11/2024,09:50:58,24435.9,24430,200,24436.7,25,50,2362000
NIFTY-II.NFO,25/11/2024,09:51:00,24433.1,24432.6,150,24436.7,25,275,2362000
NIFTY-II.NFO,25/11/2024,09:51:01,24430.9,24428.55,50,24435.7,50,250,2362000
NIFTY-II.NFO,25/11/2024,09:51:03,24435.7,24429.25,25,24434.7,200,25,2362000
NIFTY-II.NFO,25/11/2024,09:51:05,24429.25,24427,500,24429.95,200,25,2362000
NIFTY-II.NFO,25/11/2024,09:51:06,24427,24427,250,24429.25,300,275,2362000
NIFTY-II.NFO,25/11/2024,09:51:08,24429.25,24427,175,24429.25,200,225,2362000
NIFTY-II.NFO,25/11/2024,09:51:10,24427,24425,375,24427,100,200,2362000
NIFTY-II.NFO,25/11/2024,09:51:11,24427,24425,375,24427,275,25,2362000
NIFTY-II.NFO,25/11/2024,09:51:13,24427,24425,375,24426.95,25,0,2362000
NIFTY-II.NFO,25/11/2024,09:51:15,24425,24425,100,24427,575,300,2362000
NIFTY-II.NFO,25/11/2024,09:51:16,24420,24420,200,24425,25,625,2362000
NIFTY-II.NFO,25/11/2024,09:51:18,24420,24419.55,250,24420,125,450,2362000
NIFTY-II.NFO,25/11/2024,09:51:20,24421.65,24421.65,25,24424,50,150,2362000
NIFTY-II.NFO,25/11/2024,09:51:21,24420.35,24419.45,25,24424,50,300,2362000
NIFTY-II.NFO,25/11/2024,09:51:23,24424,24418.85,250,24424,25,25,2362000
NIFTY-II.NFO,25/11/2024,09:51:25,24424,24420.35,250,24425,25,50,2362000
