Ticker,Date,Time,LTP,BuyPrice,BuyQty,SellPrice,SellQty,LTQ,OpenInterest
NIFTY-II.NFO,20/08/2024,09:15:02,24755.15,24752.85,75,24769.95,100,350,1568725
NIFTY-II.NFO,20/08/2024,09:15:02,24767,24752.85,75,24769.95,100,0,1568725
NIFTY-II.NFO,20/08/2024,09:15:02,24767,24752.85,75,24769.95,100,0,1568725
NIFTY-II.NFO,20/08/2024,09:15:02,24755.15,24752.85,75,24769.95,100,0,1568725
NIFTY-II.NFO,20/08/2024,09:15:03,24750.05,24750.05,25,24764.45,100,350,1568725
NIFTY-II.NFO,20/08/2024,09:15:03,24769.85,24750.05,25,24764.45,100,0,1568725
NIFTY-II.NFO,20/08/2024,09:15:03,24750.05,24750.05,25,24764.45,100,0,1568725
NIFTY-II.NFO,20/08/2024,09:15:05,24750,24750,1200,24755.65,150,100,1568725
NIFTY-II.NFO,20/08/2024,09:15:05,24750,24750,1200,24755.65,150,0,1568725
NIFTY-II.NFO,20/08/2024,09:15:06,24751.4,24751.5,75,24764.75,100,125,1568725
NIFTY-II.NFO,20/08/2024,09:15:07,24751.4,24750.15,125,24761.4,100,0,1568725
NIFTY-II.NFO,20/08/2024,09:15:09,24760.3,24752.15,75,24760.65,100,200,1568725
NIFTY-II.NFO,20/08/2024,09:15:10,24751.2,24750.05,50,24760.45,100,125,1568725
NIFTY-II.NFO,20/08/2024,09:15:12,24759.35,24752.5,200,24759.85,25,75,1568725
NIFTY-II.NFO,20/08/2024,09:15:13,24753.45,24752.65,50,24761.3,100,400,1568725
NIFTY-II.NFO,20/08/2024,09:15:15,24751.4,24754.45,100,24762.7,150,200,1568725
NIFTY-II.NFO,20/08/2024,09:15:16,24751.2,24750,1150,24759,100,125,1568725
NIFTY-II.NFO,20/08/2024,09:15:18,24758.95,24751.25,100,24758.95,100,100,1568725
NIFTY-II.NFO,20/08/2024,09:15:19,24753.25,24750.05,100,24758.55,100,25,1568725
NIFTY-II.NFO,20/08/2024,09:15:21,24753.25,24750.15,100,24753.25,25,0,1568725
NIFTY-II.NFO,20/08/2024,09:15:22,24753.25,24750.15,100,24758.95,75,200,1568725
NIFTY-II.NFO,20/08/2024,09:15:24,24760,24760,875,24764,75,550,1568725
NIFTY-II.NFO,20/08/2024,09:15:25,24760,24760,375,24762.75,100,500,1568725
NIFTY-II.NFO,20/08/2024,09:15:27,24760,24759.6,200,24765,50,475,1568725
NIFTY-II.NFO,20/08/2024,09:15:29,24755,24753.95,100,24761.75,100,150,1568725
NIFTY-II.NFO,20/08/2024,09:15:30,24753.95,24751.9,25,24760,100,25,1568725
NIFTY-II.NFO,20/08/2024,09:15:32,24758,24755.3,125,24760,25,50,1568725
NIFTY-II.NFO,20/08/2024,09:15:33,24763,24755.4,25,24762.6,100,75,1568725
NIFTY-II.NFO,20/08/2024,09:15:35,24762.3,24757.5,125,24760,125,25,1568725
NIFTY-II.NFO,20/08/2024,09:15:36,24757.9,24757.9,175,24760,125,25,1568725
NIFTY-II.NFO,20/08/2024,09:15:38,24757.9,24758.05,50,24760,125,25,1568725
NIFTY-II.NFO,20/08/2024,09:15:39,24760,24758,175,24760,100,25,1568725
NIFTY-II.NFO,20/08/2024,09:15:41,24758,24758,100,24759.95,150,75,1568725
NIFTY-II.NFO,20/08/2024,09:15:42,24759.15,24759.6,100,24762.3,50,625,1568725
NIFTY-II.NFO,20/08/2024,09:15:44,24762.3,24759.6,100,24762.25,100,25,1568725
NIFTY-II.NFO,20/08/2024,09:15:45,24759.65,24759.75,100,24761.95,100,175,1568725
NIFTY-II.NFO,20/08/2024,09:15:47,24760,24755.55,175,24761.25,150,150,1568000
NIFTY-II.NFO,20/08/2024,09:15:49,24760,24756.6,125,24761.25,225,0,1568000
NIFTY-II.NFO,20/08/2024,09:15:50,24761.9,24757.2,100,24761.9,50,50,1568000
NIFTY-II.NFO,20/08/2024,09:15:52,24759.6,24757.55,25,24759.6,50,275,1568000
NIFTY-II.NFO,20/08/2024,09:15:53,24759.6,24757.7,75,24759.55,175,125,1568000
NIFTY-II.NFO,20/08/2024,09:15:55,24757.9,24758,125,24759.55,100,125,1568000
NIFTY-II.NFO,20/08/2024,09:15:56,24757.9,24758.2,25,24759.55,100,0,1568000
NIFTY-II.NFO,20/08/2024,09:15:58,24759.55,24758.3,50,24759.6,25,150,1568000
NIFTY-II.NFO,20/08/2024,09:15:59,24758.45,24758.55,225,24759.6,25,50,1568000
NIFTY-II.NFO,20/08/2024,09:16:01,24762.3,24761.45,250,24763,150,500,1568000
NIFTY-II.NFO,20/08/2024,09:16:03,24764.3,24764.7,200,24768,50,625,1568000
NIFTY-II.NFO,20/08/2024,09:16:04,24765,24765,100,24768,50,25,1568000
NIFTY-II.NFO,20/08/2024,09:16:06,24768,24768.1,575,24769.9,25,50,1568000
NIFTY-II.NFO,20/08/2024,09:16:07,24768.1,24768.1,425,24769.9,25,300,1568000
NIFTY-II.NFO,20/08/2024,09:16:09,24769.95,24769.95,50,24770,50,375,1568000
NIFTY-II.NFO,20/08/2024,09:16:09,24770,24769.95,50,24770,50,0,1568000
NIFTY-II.NFO,20/08/2024,09:16:11,24775,24771.9,50,24774.95,100,525,1568000
NIFTY-II.NFO,20/08/2024,09:16:11,24775,24771.9,50,24774.95,100,0,1568000
NIFTY-II.NFO,20/08/2024,09:16:12,24775,24772.2,175,24775,25,525,1568000
NIFTY-II.NFO,20/08/2024,09:16:14,24775,24772.35,150,24774.4,25,0,1568000
NIFTY-II.NFO,20/08/2024,09:16:15,24777.65,24774.8,100,24777.6,25,850,1568000
NIFTY-II.NFO,20/08/2024,09:16:15,24779.3,24774.8,100,24777.6,25,0,1568000
NIFTY-II.NFO,20/08/2024,09:16:17,24777.4,24774.55,100,24777.45,25,925,1568000
NIFTY-II.NFO,20/08/2024,09:16:19,24774.55,24774.7,25,24775,200,50,1568000
NIFTY-II.NFO,20/08/2024,09:16:20,24774.7,24774.7,25,24775,25,375,1568000
NIFTY-II.NFO,20/08/2024,09:16:22,24774.55,24774.6,50,24774.8,25,50,1568000
NIFTY-II.NFO,20/08/2024,09:16:24,24774.6,24774.55,25,24774.8,25,75,1568000
NIFTY-II.NFO,20/08/2024,09:16:25,24774.55,24774.45,25,24775,50,250,1568000
NIFTY-II.NFO,20/08/2024,09:16:27,24772.45,24772.45,25,24774.8,25,175,1568000
NIFTY-II.NFO,20/08/2024,09:16:28,24772.5,24772.5,25,24774.6,25,50,1568000
NIFTY-II.NFO,20/08/2024,09:16:30,24774.6,24774.6,25,24774.8,50,50,1568000
NIFTY-II.NFO,20/08/2024,09:16:32,24772.7,24772.75,25,24775,25,550,1568000
NIFTY-II.NFO,20/08/2024,09:16:33,24772.55,24772.65,25,24774.55,25,475,1568000
NIFTY-II.NFO,20/08/2024,09:16:35,24772.55,24772.7,25,24774.55,25,0,1568000
NIFTY-II.NFO,20/08/2024,09:16:36,24774.6,24772.8,25,24775,200,300,1568000
NIFTY-II.NFO,20/08/2024,09:16:38,24774.6,24773.1,150,24775,200,0,1568000
NIFTY-II.NFO,20/08/2024,09:16:40,24774.6,24773.25,225,24775,200,0,1568000
NIFTY-II.NFO,20/08/2024,09:16:41,24775.05,24775.2,50,24775.95,25,250,1568000
NIFTY-II.NFO,20/08/2024,09:16:43,24775.15,24775.15,25,24775.5,125,500,1568000
NIFTY-II.NFO,20/08/2024,09:16:44,24774.8,24771.05,25,24774.8,100,150,1568000
NIFTY-II.NFO,20/08/2024,09:16:46,24773.05,24773,75,24773.65,200,75,1568000
NIFTY-II.NFO,20/08/2024,09:16:48,24771.8,24771.8,50,24773.6,200,250,1568000
NIFTY-II.NFO,20/08/2024,09:16:49,24771,24770,150,24774.95,125,100,1568000
NIFTY-II.NFO,20/08/2024,09:16:51,24770.05,24770.05,75,24771,300,75,1568000
NIFTY-II.NFO,20/08/2024,09:16:52,24770.2,24770.3,125,24771,300,100,1568000
NIFTY-II.NFO,20/08/2024,09:16:54,24770.3,24770.3,75,24771,275,75,1568000
NIFTY-II.NFO,20/08/2024,09:16:56,24770,24769.95,225,24771,275,350,1568000
NIFTY-II.NFO,20/08/2024,09:16:57,24770.3,24769.95,175,24770.25,275,75,1568000
NIFTY-II.NFO,20/08/2024,09:16:59,24768.85,24768.85,25,24770,75,325,1568000
NIFTY-II.NFO,20/08/2024,09:17:00,24770,24768.1,75,24769.95,25,75,1568000
NIFTY-II.NFO,20/08/2024,09:17:02,24770,24768.35,125,24769,50,150,1568000
NIFTY-II.NFO,20/08/2024,09:17:04,24770,24768.1,25,24769,50,0,1568000
NIFTY-II.NFO,20/08/2024,09:17:05,24768.2,24768.4,25,24769,50,125,1568000
NIFTY-II.NFO,20/08/2024,09:17:07,24768.4,24768.35,50,24768.4,50,250,1568000
NIFTY-II.NFO,20/08/2024,09:17:08,24769,24768.4,75,24769,25,75,1568000
NIFTY-II.NFO,20/08/2024,09:17:10,24768.4,24768.35,50,24768.4,25,50,1568000
NIFTY-II.NFO,20/08/2024,09:17:12,24768.35,24768.1,100,24768.4,25,50,1568000
NIFTY-II.NFO,20/08/2024,09:17:13,24768.2,24768.05,50,24768.4,25,150,1568000
NIFTY-II.NFO,20/08/2024,09:17:15,24768.1,24768.05,25,24768.4,25,75,1568000
NIFTY-II.NFO,20/08/2024,09:17:16,24768.05,24768.05,25,24768.1,150,100,1568000
NIFTY-II.NFO,20/08/2024,09:17:18,24768,24765.55,350,24768.1,150,150,1568000
NIFTY-II.NFO,20/08/2024,09:17:20,24768,24765.55,350,24768.1,150,0,1568000
NIFTY-II.NFO,20/08/2024,09:17:21,24765.55,24766.35,25,24768.05,200,250,1568000
NIFTY-II.NFO,20/08/2024,09:17:23,24760.7,24763.15,350,24765,100,450,1568000
NIFTY-II.NFO,20/08/2024,09:17:24,24763.15,24763.15,350,24765,25,300,1568000
NIFTY-II.NFO,20/08/2024,09:17:26,24765,24762.75,350,24766.3,200,100,1568000
NIFTY-II.NFO,20/08/2024,09:17:28,24763.15,24764.6,125,24766.3,200,50,1568000
NIFTY-II.NFO,20/08/2024,09:17:29,24764.6,24763.05,25,24764.7,425,150,1568000
NIFTY-II.NFO,20/08/2024,09:17:31,24761.5,24761.5,25,24763.15,1000,50,1568000
NIFTY-II.NFO,20/08/2024,09:17:32,24761.55,24761.55,25,24763.15,1000,50,1568000
NIFTY-II.NFO,20/08/2024,09:17:34,24761.5,24761.45,50,24761.5,25,100,1568000
NIFTY-II.NFO,20/08/2024,09:17:35,24761.5,24761.5,50,24763,50,100,1568000
NIFTY-II.NFO,20/08/2024,09:17:37,24761.45,24761.5,375,24763,50,125,1568000
NIFTY-II.NFO,20/08/2024,09:17:39,24761.5,24761.5,350,24763,50,125,1568000
NIFTY-II.NFO,20/08/2024,09:17:40,24761.5,24761.65,75,24763,50,25,1568000
NIFTY-II.NFO,20/08/2024,09:17:42,24761.6,24762,25,24763.15,1050,200,1568000
NIFTY-II.NFO,20/08/2024,09:17:43,24761.6,24762.1,25,24763.15,1050,0,1568000
NIFTY-II.NFO,20/08/2024,09:17:45,24762.15,24762.1,75,24763.15,1050,75,1568000
NIFTY-II.NFO,20/08/2024,09:17:48,24762.1,24762.25,125,24763.15,1050,100,1568000
NIFTY-II.NFO,20/08/2024,09:17:50,24762.1,24762.3,25,24763.15,1050,0,1568000
NIFTY-II.NFO,20/08/2024,09:17:51,24765.1,24759.95,50,24762.1,25,1525,1568000
NIFTY-II.NFO,20/08/2024,09:17:53,24760,24760,25,24762.1,50,75,1568000
NIFTY-II.NFO,20/08/2024,09:17:54,24760.85,24760.85,25,24762,100,50,1568000
NIFTY-II.NFO,20/08/2024,09:17:56,24760.8,24760.8,25,24761.5,75,100,1568000
NIFTY-II.NFO,20/08/2024,09:17:57,24760,24759.65,25,24761.5,75,100,1568000
NIFTY-II.NFO,20/08/2024,09:17:59,24760,24759.7,25,24760,25,0,1568000
NIFTY-II.NFO,20/08/2024,09:18:01,24761.5,24759.65,25,24761.5,50,1075,1568000
NIFTY-II.NFO,20/08/2024,09:18:02,24762.2,24762.15,25,24764.95,50,550,1568000
NIFTY-II.NFO,20/08/2024,09:18:04,24762.15,24762.1,25,24765,100,100,1568000
NIFTY-II.NFO,20/08/2024,09:18:05,24762.15,24761.85,25,24763.85,50,0,1568000
NIFTY-II.NFO,20/08/2024,09:18:07,24762.15,24760.05,25,24763.35,50,0,1568000
NIFTY-II.NFO,20/08/2024,09:18:09,24762.15,24760.1,25,24760.85,50,0,1568000
NIFTY-II.NFO,20/08/2024,09:18:10,24760.85,24760.5,25,24762.15,100,75,1568000
NIFTY-II.NFO,20/08/2024,09:18:12,24760.85,24760.5,25,24762.15,100,0,1568000
NIFTY-II.NFO,20/08/2024,09:18:13,24760.2,24760.2,350,24762.15,100,125,1568000
NIFTY-II.NFO,20/08/2024,09:18:15,24760.2,24760,100,24762.15,100,25,1568000
NIFTY-II.NFO,20/08/2024,09:18:16,24760.2,24760.05,25,24760.2,400,0,1568000
NIFTY-II.NFO,20/08/2024,09:18:18,24760.2,24760.1,25,24760.2,400,0,1568000
NIFTY-II.NFO,20/08/2024,09:18:20,24760.2,24760.1,25,24760.2,200,200,1568000
NIFTY-II.NFO,20/08/2024,09:18:21,24760.2,24760.1,25,24760.2,100,100,1568000
NIFTY-II.NFO,20/08/2024,09:18:23,24760.3,24760.3,25,24760.85,25,275,1568000
NIFTY-II.NFO,20/08/2024,09:18:24,24760.4,24760.4,350,24762.15,100,125,1568000
NIFTY-II.NFO,20/08/2024,09:18:26,24760.4,24760.4,350,24762.15,100,50,1568000
NIFTY-II.NFO,20/08/2024,09:18:27,24760.4,24760.4,350,24762.15,100,200,1568000
NIFTY-II.NFO,20/08/2024,09:18:29,24760.4,24760.05,25,24762,300,0,1568000
NIFTY-II.NFO,20/08/2024,09:18:32,24760.4,24760.45,25,24762,300,0,1568000
NIFTY-II.NFO,20/08/2024,09:18:34,24760,24760,25,24760.4,25,300,1568000
NIFTY-II.NFO,20/08/2024,09:18:36,24757.9,24758.3,25,24760,25,875,1568000
NIFTY-II.NFO,20/08/2024,09:18:37,24756.65,24756.75,25,24760,50,625,1568000
NIFTY-II.NFO,20/08/2024,09:18:39,24756.65,24756.75,25,24760,125,0,1568000
NIFTY-II.NFO,20/08/2024,09:18:41,24760,24756.35,25,24760,125,1175,1568000
NIFTY-II.NFO,20/08/2024,09:18:42,24756.75,24756.35,525,24756.75,1225,775,1568000
NIFTY-II.NFO,20/08/2024,09:18:44,24758.2,24757.45,25,24760,250,1600,1568000
NIFTY-II.NFO,20/08/2024,09:18:46,24758.2,24758.75,25,24760,250,0,1568000
NIFTY-II.NFO,20/08/2024,09:18:47,24758.2,24758.1,250,24760,250,200,1568650
NIFTY-II.NFO,20/08/2024,09:18:49,24758.2,24758.4,350,24760,250,0,1568650
NIFTY-II.NFO,20/08/2024,09:18:51,24758.4,24757.3,125,24760,275,150,1568650
NIFTY-II.NFO,20/08/2024,09:18:52,24758,24758.45,125,24760,300,200,1568650
NIFTY-II.NFO,20/08/2024,09:18:54,24760,24758.6,350,24760,275,25,1568650
NIFTY-II.NFO,20/08/2024,09:18:56,24760,24758.6,350,24760,275,0,1568650
NIFTY-II.NFO,20/08/2024,09:18:57,24760,24759,100,24760,375,0,1568650
NIFTY-II.NFO,20/08/2024,09:18:59,24759,24759,75,24760,375,25,1568650
NIFTY-II.NFO,20/08/2024,09:19:02,24759,24759,75,24760,700,25,1568650
NIFTY-II.NFO,20/08/2024,09:19:04,24760,24759,75,24760,600,100,1568650
NIFTY-II.NFO,20/08/2024,09:19:06,24758.1,24758.2,125,24760,525,675,1568650
NIFTY-II.NFO,20/08/2024,09:19:07,24760,24758.8,125,24760,525,50,1568650
NIFTY-II.NFO,20/08/2024,09:19:09,24758.3,24758.05,350,24760,500,200,1568650
NIFTY-II.NFO,20/08/2024,09:19:11,24757.45,24758.4,350,24760,450,1350,1568650
NIFTY-II.NFO,20/08/2024,09:19:12,24757.55,24757.75,25,24760,425,200,1568650
NIFTY-II.NFO,20/08/2024,09:19:14,24760.05,24759.9,25,24760.4,25,625,1568650
NIFTY-II.NFO,20/08/2024,09:19:16,24760.6,24760.1,125,24762,100,425,1568650
NIFTY-II.NFO,20/08/2024,09:19:17,24760.6,24758.85,125,24762,100,0,1568650
NIFTY-II.NFO,20/08/2024,09:19:19,24762,24758.75,125,24760,25,50,1568650
NIFTY-II.NFO,20/08/2024,09:19:21,24759.6,24760.45,50,24762,75,125,1568650
NIFTY-II.NFO,20/08/2024,09:19:22,24759.6,24760.5,25,24762,75,0,1568650
NIFTY-II.NFO,20/08/2024,09:19:24,24759.6,24761.15,125,24762,75,0,1568650
NIFTY-II.NFO,20/08/2024,09:19:26,24762,24761.6,50,24762,50,25,1568650
NIFTY-II.NFO,20/08/2024,09:19:27,24762,24762.25,125,24763,100,350,1568650
NIFTY-II.NFO,20/08/2024,09:19:29,24762.9,24763.9,225,24764,75,150,1568650
NIFTY-II.NFO,20/08/2024,09:19:31,24762.9,24763.05,225,24764,75,0,1568650
NIFTY-II.NFO,20/08/2024,09:19:32,24764,24762.25,350,24764,25,50,1568650
NIFTY-II.NFO,20/08/2024,09:19:34,24763.15,24763.7,50,24765,150,325,1568650
NIFTY-II.NFO,20/08/2024,09:19:35,24764.6,24764.55,50,24765,150,25,1568650
NIFTY-II.NFO,20/08/2024,09:19:39,24764.55,24764,100,24765,150,25,1568650
NIFTY-II.NFO,20/08/2024,09:19:40,24765,24764.15,125,24765,150,75,1568650
NIFTY-II.NFO,20/08/2024,09:19:42,24764.85,24764.7,50,24765,150,50,1568650
NIFTY-II.NFO,20/08/2024,09:19:44,24764.55,24764.05,25,24764.55,4175,50,1568650
NIFTY-II.NFO,20/08/2024,09:19:45,24764.55,24764.05,25,24764.55,4125,50,1568650
NIFTY-II.NFO,20/08/2024,09:19:47,24762.2,24763.3,375,24764.55,4175,1025,1568650
NIFTY-II.NFO,20/08/2024,09:19:48,24764.55,24763.3,375,24764.55,4150,50,1568650
NIFTY-II.NFO,20/08/2024,09:19:50,24763.3,24762.05,350,24764.5,100,75,1568650
NIFTY-II.NFO,20/08/2024,09:19:52,24763.3,24763,350,24764.55,4100,0,1568650
NIFTY-II.NFO,20/08/2024,09:19:53,24764.55,24763.45,25,24764.55,4050,50,1568650
NIFTY-II.NFO,20/08/2024,09:19:55,24764.55,24763.75,25,24764.55,3750,300,1568650
NIFTY-II.NFO,20/08/2024,09:19:57,24764.55,24763.8,25,24764.55,3750,0,1568650
NIFTY-II.NFO,20/08/2024,09:19:58,24763,24763,400,24764.55,3750,100,1568650
NIFTY-II.NFO,20/08/2024,09:20:00,24763,24763,25,24764.4,150,25,1568650
NIFTY-II.NFO,20/08/2024,09:20:01,24756.85,24757.95,125,24762.7,175,5775,1568650
NIFTY-II.NFO,20/08/2024,09:20:03,24756.35,24757.35,250,24762.35,175,1825,1568650
NIFTY-II.NFO,20/08/2024,09:20:05,24762.25,24756.1,25,24760.5,150,50,1568650
NIFTY-II.NFO,20/08/2024,09:20:06,24762.25,24757.45,125,24762.2,175,0,1568650
NIFTY-II.NFO,20/08/2024,09:20:08,24758.1,24758.1,25,24762.6,100,25,1568650
NIFTY-II.NFO,20/08/2024,09:20:09,24762.25,24757.75,25,24762.25,225,2000,1568650
NIFTY-II.NFO,20/08/2024,09:20:11,24762.25,24757.85,25,24761.6,175,0,1568650
NIFTY-II.NFO,20/08/2024,09:20:13,24762.25,24757.85,25,24761.2,150,0,1568650
NIFTY-II.NFO,20/08/2024,09:20:14,24755.15,24754.85,25,24759.25,225,800,1568650
NIFTY-II.NFO,20/08/2024,09:20:16,24755.15,24756.6,25,24760.2,175,0,1568650
NIFTY-II.NFO,20/08/2024,09:20:18,24756.6,24756.7,50,24759.9,225,25,1568650
NIFTY-II.NFO,20/08/2024,09:20:19,24756.6,24756.7,50,24760.4,100,0,1568650
NIFTY-II.NFO,20/08/2024,09:20:21,24755.05,24756.5,325,24762,100,1975,1568650
NIFTY-II.NFO,20/08/2024,09:20:22,24755.3,24754.5,50,24761.95,150,2425,1568650
NIFTY-II.NFO,20/08/2024,09:20:24,24755.3,24755,350,24756.6,75,0,1568650
NIFTY-II.NFO,20/08/2024,09:20:26,24755,24752,50,24756.6,75,250,1568650
NIFTY-II.NFO,20/08/2024,09:20:27,24756.55,24752.25,25,24756,25,25,1568650
NIFTY-II.NFO,20/08/2024,09:20:29,24754.35,24752.15,25,24756,25,75,1568650
NIFTY-II.NFO,20/08/2024,09:20:31,24751,24751.8,325,24755.95,225,1500,1568650
NIFTY-II.NFO,20/08/2024,09:20:32,24751,24751.8,350,24755.95,150,0,1568650
NIFTY-II.NFO,20/08/2024,09:20:34,24751,24751.8,350,24755.95,225,0,1568650
NIFTY-II.NFO,20/08/2024,09:20:35,24754.55,24754.4,350,24756.55,100,75,1568650
NIFTY-II.NFO,20/08/2024,09:20:37,24754.55,24752.8,50,24756,50,0,1568650
NIFTY-II.NFO,20/08/2024,09:20:39,24751.1,24754.6,350,24756.55,175,200,1568650
NIFTY-II.NFO,20/08/2024,09:20:40,24754.6,24754.6,350,24756.6,75,125,1568650
NIFTY-II.NFO,20/08/2024,09:20:42,24754.6,24753.45,350,24756,25,225,1568650
NIFTY-II.NFO,20/08/2024,09:20:44,24755,24754.2,325,24756,25,575,1568650
NIFTY-II.NFO,20/08/2024,09:20:45,24756.6,24754.75,250,24759.55,50,1100,1568650
NIFTY-II.NFO,20/08/2024,09:20:47,24756.45,24756.65,50,24760,775,550,1568650
NIFTY-II.NFO,20/08/2024,09:20:49,24755.85,24755.4,50,24760,775,25,1568650
NIFTY-II.NFO,20/08/2024,09:20:50,24755.75,24756.45,50,24760,775,1750,1568650
NIFTY-II.NFO,20/08/2024,09:20:52,24758,24758,350,24760,775,100,1568650
NIFTY-II.NFO,20/08/2024,09:20:53,24758.2,24758,25,24760,775,25,1568650
NIFTY-II.NFO,20/08/2024,09:20:55,24760,24759.45,125,24761.9,25,1800,1568650
NIFTY-II.NFO,20/08/2024,09:20:57,24762.25,24759.65,125,24763,150,100,1568650
NIFTY-II.NFO,20/08/2024,09:20:58,24758.2,24761.35,25,24763,150,2325,1568650
NIFTY-II.NFO,20/08/2024,09:21:00,24763,24761.55,25,24763,125,25,1568650
NIFTY-II.NFO,20/08/2024,09:21:02,24764.55,24763.05,25,24764.55,50,175,1568650
NIFTY-II.NFO,20/08/2024,09:21:03,24764.55,24764.65,50,24765,100,125,1568650
NIFTY-II.NFO,20/08/2024,09:21:05,24764.55,24764.65,50,24765,100,0,1568650
NIFTY-II.NFO,20/08/2024,09:21:07,24763.65,24763.75,25,24765,100,450,1568650
NIFTY-II.NFO,20/08/2024,09:21:08,24763.85,24763.85,25,24764.55,75,25,1568650
NIFTY-II.NFO,20/08/2024,09:21:10,24763.85,24763.85,25,24764.55,75,0,1568650
NIFTY-II.NFO,20/08/2024,09:21:12,24762.7,24762.75,25,24764.55,75,50,1568650
NIFTY-II.NFO,20/08/2024,09:21:13,24762.7,24762.55,25,24763.6,100,0,1568650
NIFTY-II.NFO,20/08/2024,09:21:15,24757.45,24760.55,25,24762.7,25,1700,1568650
NIFTY-II.NFO,20/08/2024,09:21:16,24760,24761.3,25,24762.7,25,500,1568650
NIFTY-II.NFO,20/08/2024,09:21:18,24764.55,24763.4,25,24765,100,250,1568650
NIFTY-II.NFO,20/08/2024,09:21:20,24764.55,24764.15,25,24765,100,0,1568650
NIFTY-II.NFO,20/08/2024,09:21:21,24761.2,24762.1,25,24765,100,1200,1568650
NIFTY-II.NFO,20/08/2024,09:21:23,24761.2,24763.15,375,24765,100,0,1568650
NIFTY-II.NFO,20/08/2024,09:21:25,24761.2,24763.05,50,24764,25,0,1568650
NIFTY-II.NFO,20/08/2024,09:21:26,24763.05,24763.1,25,24764,25,25,1568650
NIFTY-II.NFO,20/08/2024,09:21:28,24765,24763.35,25,24765,25,350,1568650
NIFTY-II.NFO,20/08/2024,09:21:30,24764.05,24764.05,25,24766,50,75,1568650
NIFTY-II.NFO,20/08/2024,09:21:31,24768.35,24767.75,25,24768.4,25,325,1568650
NIFTY-II.NFO,20/08/2024,09:21:33,24769,24766.05,25,24769,25,125,1568650
NIFTY-II.NFO,20/08/2024,09:21:35,24769.95,24770.25,25,24772.4,100,600,1568650
NIFTY-II.NFO,20/08/2024,09:21:36,24772.1,24769.8,25,24772.1,75,25,1568650
NIFTY-II.NFO,20/08/2024,09:21:38,24772.1,24767.65,25,24769.75,75,0,1568650
NIFTY-II.NFO,20/08/2024,09:21:40,24769.75,24767.65,25,24769.75,50,25,1568650
NIFTY-II.NFO,20/08/2024,09:21:41,24769.75,24764.75,125,24769.7,50,0,1568650
NIFTY-II.NFO,20/08/2024,09:21:43,24771.35,24762.5,25,24771.3,150,5300,1568650
NIFTY-II.NFO,20/08/2024,09:21:45,24763.35,24763.65,100,24771.3,225,700,1568650
NIFTY-II.NFO,20/08/2024,09:21:46,24771.3,24764.45,25,24771.25,150,25,1568650
NIFTY-II.NFO,20/08/2024,09:21:48,24771.3,24764.85,25,24771.25,150,0,1568650
NIFTY-II.NFO,20/08/2024,09:21:50,24771.3,24767.9,75,24771.25,150,0,1568650
NIFTY-II.NFO,20/08/2024,09:21:51,24763.9,24764.65,25,24771.25,225,600,1563700
NIFTY-II.NFO,20/08/2024,09:21:53,24764.65,24763.8,250,24771.25,225,25,1563700
NIFTY-II.NFO,20/08/2024,09:21:55,24771.15,24762.7,50,24771.1,225,25,1563700
NIFTY-II.NFO,20/08/2024,09:21:56,24771.15,24762.9,25,24770.95,225,0,1563700
NIFTY-II.NFO,20/08/2024,09:21:58,24761.75,24762.15,25,24770.95,225,500,1563700
NIFTY-II.NFO,20/08/2024,09:22:00,24770.95,24763.45,50,24770.9,150,50,1563700
NIFTY-II.NFO,20/08/2024,09:22:01,24770.95,24765.05,50,24770.75,150,0,1563700
NIFTY-II.NFO,20/08/2024,09:22:03,24770.95,24765.1,25,24770.1,225,0,1563700
NIFTY-II.NFO,20/08/2024,09:22:05,24770.1,24765.05,50,24767.95,150,75,1563700
NIFTY-II.NFO,20/08/2024,09:22:06,24765,24762.05,25,24766.7,150,250,1563700
NIFTY-II.NFO,20/08/2024,09:22:08,24765,24762.55,75,24767.65,150,0,1563700
NIFTY-II.NFO,20/08/2024,09:22:10,24765,24762.25,75,24765.05,25,0,1563700
NIFTY-II.NFO,20/08/2024,09:22:11,24765.05,24762.6,75,24768.65,225,25,1563700
NIFTY-II.NFO,20/08/2024,09:22:13,24765.05,24764.1,25,24768.65,225,0,1563700
NIFTY-II.NFO,20/08/2024,09:22:15,24768.65,24765.1,25,24769.55,225,75,1563700
NIFTY-II.NFO,20/08/2024,09:22:16,24763.9,24765.45,50,24770.4,150,200,1563700
NIFTY-II.NFO,20/08/2024,09:22:18,24765.6,24765.15,75,24769.95,225,25,1563700
NIFTY-II.NFO,20/08/2024,09:22:20,24765.35,24765.65,75,24770,75,650,1563700
NIFTY-II.NFO,20/08/2024,09:22:21,24765.35,24766.3,75,24770,75,0,1563700
NIFTY-II.NFO,20/08/2024,09:22:23,24764.1,24766,50,24770,75,400,1563700
NIFTY-II.NFO,20/08/2024,09:22:25,24767.3,24765.8,25,24770,50,50,1563700
NIFTY-II.NFO,20/08/2024,09:22:26,24767.3,24764.75,50,24769.95,150,0,1563700
NIFTY-II.NFO,20/08/2024,09:22:28,24763.2,24764.25,25,24769.95,150,250,1563700
NIFTY-II.NFO,20/08/2024,09:22:30,24770,24764.9,75,24770,50,75,1563700
NIFTY-II.NFO,20/08/2024,09:22:31,24770,24766.7,50,24770,50,0,1563700
NIFTY-II.NFO,20/08/2024,09:22:33,24770,24770,225,24770.95,25,50,1563700
NIFTY-II.NFO,20/08/2024,09:22:35,24768.5,24765.65,25,24771.15,150,300,1563700
NIFTY-II.NFO,20/08/2024,09:22:36,24770,24766,25,24770,50,75,1563700
NIFTY-II.NFO,20/08/2024,09:22:38,24770,24766.85,25,24770,100,0,1563700
NIFTY-II.NFO,20/08/2024,09:22:40,24766.85,24768.45,175,24771.2,25,125,1563700
NIFTY-II.NFO,20/08/2024,09:22:41,24771.2,24769.8,175,24771.3,25,25,1563700
NIFTY-II.NFO,20/08/2024,09:22:43,24770.05,24770.1,25,24771.3,25,25,1563700
NIFTY-II.NFO,20/08/2024,09:22:45,24771.3,24770.2,150,24771.35,50,25,1563700
NIFTY-II.NFO,20/08/2024,09:22:46,24771.35,24770.2,150,24771.35,25,25,1563700
NIFTY-II.NFO,20/08/2024,09:22:48,24767.9,24768.5,50,24774.25,150,1050,1563700
NIFTY-II.NFO,20/08/2024,09:22:50,24770,24768.65,100,24770.2,25,25,1563700
NIFTY-II.NFO,20/08/2024,09:22:51,24767.85,24767.85,50,24770.2,25,50,1563700
NIFTY-II.NFO,20/08/2024,09:22:53,24766.85,24766.9,150,24772.75,100,550,1563700
NIFTY-II.NFO,20/08/2024,09:22:55,24767.3,24767.3,50,24773,100,25,1563700
NIFTY-II.NFO,20/08/2024,09:22:56,24765.85,24766.65,25,24772.45,225,700,1563700
NIFTY-II.NFO,20/08/2024,09:22:58,24764.5,24766.7,25,24770.7,150,125,1563700
NIFTY-II.NFO,20/08/2024,09:23:00,24769.95,24763.65,25,24769,225,50,1563700
NIFTY-II.NFO,20/08/2024,09:23:01,24765.2,24765.25,25,24768.55,225,50,1563700
NIFTY-II.NFO,20/08/2024,09:23:03,24762.05,24762.05,25,24766.6,175,250,1563700
NIFTY-II.NFO,20/08/2024,09:23:05,24762.05,24764.05,25,24768.05,150,0,1563700
NIFTY-II.NFO,20/08/2024,09:23:06,24764.1,24765.2,25,24769.85,225,25,1563700
NIFTY-II.NFO,20/08/2024,09:23:08,24769.85,24765.9,75,24769.9,100,50,1563700
NIFTY-II.NFO,20/08/2024,09:23:10,24769.85,24765.9,150,24769.9,100,0,1563700
NIFTY-II.NFO,20/08/2024,09:23:11,24765,24764.9,125,24769.9,175,300,1563700
NIFTY-II.NFO,20/08/2024,09:23:13,24765,24764.35,125,24769.9,175,0,1563700
NIFTY-II.NFO,20/08/2024,09:23:15,24766.15,24766.35,25,24769.95,100,50,1563700
NIFTY-II.NFO,20/08/2024,09:23:16,24766.15,24766.6,25,24769.95,100,0,1563700
NIFTY-II.NFO,20/08/2024,09:23:18,24766.15,24766.65,200,24769.9,100,0,1563700
NIFTY-II.NFO,20/08/2024,09:23:20,24766.15,24766.85,25,24769.9,100,0,1563700
NIFTY-II.NFO,20/08/2024,09:23:21,24766.15,24766.85,25,24769.9,175,0,1563700
NIFTY-II.NFO,20/08/2024,09:23:23,24769.9,24766.8,175,24769.9,175,125,1563700
NIFTY-II.NFO,20/08/2024,09:23:25,24766.05,24765.1,25,24769.9,175,250,1563700
NIFTY-II.NFO,20/08/2024,09:23:26,24766.05,24765.1,25,24769.9,175,0,1563700
NIFTY-II.NFO,20/08/2024,09:23:28,24766.05,24765.95,50,24769.9,100,0,1563700
NIFTY-II.NFO,20/08/2024,09:23:30,24766.05,24765.95,50,24769.9,175,0,1563700
NIFTY-II.NFO,20/08/2024,09:23:31,24766.05,24765.95,50,24769.9,100,0,1563700
NIFTY-II.NFO,20/08/2024,09:23:33,24766.25,24766.3,25,24769.9,175,25,1563700
NIFTY-II.NFO,20/08/2024,09:23:35,24766.25,24767.65,75,24769.9,175,0,1563700
NIFTY-II.NFO,20/08/2024,09:23:36,24764.1,24764.15,25,24768.95,225,525,1563700
NIFTY-II.NFO,20/08/2024,09:23:38,24764.1,24764.15,25,24768.75,175,0,1563700
NIFTY-II.NFO,20/08/2024,09:23:40,24762.1,24764.25,150,24769,125,1000,1563700
NIFTY-II.NFO,20/08/2024,09:23:41,24765,24764.4,25,24769.5,175,225,1563700
NIFTY-II.NFO,20/08/2024,09:23:43,24765,24765.15,100,24769.55,50,0,1563700
NIFTY-II.NFO,20/08/2024,09:23:45,24765,24765.15,125,24769.55,50,0,1563700
NIFTY-II.NFO,20/08/2024,09:23:46,24765.15,24765.15,150,24768.7,50,25,1563700
NIFTY-II.NFO,20/08/2024,09:23:48,24764.05,24763.75,25,24765,25,225,1563700
NIFTY-II.NFO,20/08/2024,09:23:50,24765,24762.55,25,24767.25,125,25,1563700
NIFTY-II.NFO,20/08/2024,09:23:51,24761.1,24763.85,25,24765.75,125,475,1563700
NIFTY-II.NFO,20/08/2024,09:23:53,24761.1,24761.55,25,24766,250,0,1563700
NIFTY-II.NFO,20/08/2024,09:23:55,24761.1,24761.6,50,24766,250,0,1563700
NIFTY-II.NFO,20/08/2024,09:23:56,24761.2,24761.3,50,24765.9,50,375,1563700
NIFTY-II.NFO,20/08/2024,09:23:58,24766,24762.1,75,24766,225,25,1563700
NIFTY-II.NFO,20/08/2024,09:24:00,24766,24762.25,100,24766,225,0,1563700
NIFTY-II.NFO,20/08/2024,09:24:01,24766,24762.15,125,24766,225,0,1563700
NIFTY-II.NFO,20/08/2024,09:24:03,24766,24761.05,125,24766,225,0,1563700
NIFTY-II.NFO,20/08/2024,09:24:05,24766,24762.4,125,24766,225,0,1563700
NIFTY-II.NFO,20/08/2024,09:24:06,24766.05,24766.05,75,24766.95,100,300,1563700
NIFTY-II.NFO,20/08/2024,09:24:08,24766.05,24766.1,100,24766.95,100,0,1563700
NIFTY-II.NFO,20/08/2024,09:24:10,24766.05,24766.15,25,24766.95,175,0,1563700
NIFTY-II.NFO,20/08/2024,09:24:13,24761.05,24761.05,25,24765.35,75,200,1563700
NIFTY-II.NFO,20/08/2024,09:24:14,24761.05,24762.1,25,24766.35,175,0,1563700
NIFTY-II.NFO,20/08/2024,09:24:16,24763.9,24760.05,25,24763.85,175,150,1563700
NIFTY-II.NFO,20/08/2024,09:24:18,24763.55,24760.1,75,24763.55,175,50,1563700
NIFTY-II.NFO,20/08/2024,09:24:19,24760.1,24760.05,25,24760.45,100,100,1563700
NIFTY-II.NFO,20/08/2024,09:24:21,24760,24760.05,25,24761.05,175,100,1563700
NIFTY-II.NFO,20/08/2024,09:24:23,24755,24754.5,25,24759.2,225,450,1563700
NIFTY-II.NFO,20/08/2024,09:24:24,24754.05,24754.05,125,24759.1,150,75,1563700
NIFTY-II.NFO,20/08/2024,09:24:26,24754.05,24753.75,100,24759.3,125,0,1563700
NIFTY-II.NFO,20/08/2024,09:24:28,24757.7,24753.6,225,24759.85,50,175,1563700
NIFTY-II.NFO,20/08/2024,09:24:29,24759.7,24753.15,100,24759.5,50,25,1563700
NIFTY-II.NFO,20/08/2024,09:24:31,24759.7,24753.05,175,24758.9,125,0,1563700
NIFTY-II.NFO,20/08/2024,09:24:33,24759.7,24755.1,175,24759.7,100,0,1563700
NIFTY-II.NFO,20/08/2024,09:24:34,24755.1,24755.1,75,24759.65,50,150,1563700
NIFTY-II.NFO,20/08/2024,09:24:36,24755.1,24755.1,75,24759.5,50,0,1563700
NIFTY-II.NFO,20/08/2024,09:24:38,24754.05,24755.05,50,24759.45,100,200,1563700
NIFTY-II.NFO,20/08/2024,09:24:39,24756,24755,50,24759.65,175,250,1563700
NIFTY-II.NFO,20/08/2024,09:24:41,24755,24755,25,24759.65,100,25,1563700
NIFTY-II.NFO,20/08/2024,09:24:43,24755.05,24755.05,25,24759.7,25,100,1563700
NIFTY-II.NFO,20/08/2024,09:24:44,24755.05,24755.05,25,24759.65,175,0,1563700
NIFTY-II.NFO,20/08/2024,09:24:46,24755.05,24755.1,50,24756,25,0,1563700
NIFTY-II.NFO,20/08/2024,09:24:48,24755.05,24755.2,75,24756,50,0,1563700
NIFTY-II.NFO,20/08/2024,09:24:49,24756,24755.2,75,24756,25,25,1563500
NIFTY-II.NFO,20/08/2024,09:24:51,24754.85,24754.1,100,24759.65,75,275,1563500
NIFTY-II.NFO,20/08/2024,09:24:53,24754.25,24754.15,25,24759.65,75,50,1563500
NIFTY-II.NFO,20/08/2024,09:24:54,24753.35,24754.5,325,24759.65,175,625,1563500
NIFTY-II.NFO,20/08/2024,09:24:56,24753.35,24753.1,50,24756,25,0,1563500
NIFTY-II.NFO,20/08/2024,09:24:58,24756,24757.75,75,24759.7,25,50,1563500
NIFTY-II.NFO,20/08/2024,09:24:59,24756,24757.75,75,24759.7,25,0,1563500
NIFTY-II.NFO,20/08/2024,09:25:01,24757.75,24757.75,350,24759.7,25,75,1563500
NIFTY-II.NFO,20/08/2024,09:25:03,24757.75,24757.8,25,24759.7,25,0,1563500
NIFTY-II.NFO,20/08/2024,09:25:06,24757.75,24758.05,25,24759.7,25,0,1563500
NIFTY-II.NFO,20/08/2024,09:25:08,24760,24761.3,50,24763.55,100,400,1563500
NIFTY-II.NFO,20/08/2024,09:25:09,24760,24761.3,50,24763.5,100,0,1563500
NIFTY-II.NFO,20/08/2024,09:25:11,24761.25,24759.65,50,24761.35,225,100,1563500
NIFTY-II.NFO,20/08/2024,09:25:13,24755.1,24757.45,25,24759.9,100,150,1563500
NIFTY-II.NFO,20/08/2024,09:25:14,24755.1,24758.6,350,24761.45,100,0,1563500
NIFTY-II.NFO,20/08/2024,09:25:16,24755.1,24758.6,350,24761,175,0,1563500
NIFTY-II.NFO,20/08/2024,09:25:18,24755.1,24757.15,25,24759.2,150,0,1563500
NIFTY-II.NFO,20/08/2024,09:25:19,24755.1,24757.15,25,24759.35,100,0,1563500
NIFTY-II.NFO,20/08/2024,09:25:21,24755.1,24757.2,25,24759.15,100,0,1563500
NIFTY-II.NFO,20/08/2024,09:25:23,24757.3,24756.65,25,24758.6,175,250,1563500
NIFTY-II.NFO,20/08/2024,09:25:24,24755.1,24755.1,200,24756.6,100,250,1563500
NIFTY-II.NFO,20/08/2024,09:25:26,24755.1,24755.1,200,24756.6,100,0,1563500
NIFTY-II.NFO,20/08/2024,09:25:28,24755.1,24755.1,550,24757.95,175,0,1563500
NIFTY-II.NFO,20/08/2024,09:25:30,24755.1,24755.1,200,24756.95,100,0,1563500
NIFTY-II.NFO,20/08/2024,09:25:31,24753.05,24753,200,24756.4,100,500,1563500
NIFTY-II.NFO,20/08/2024,09:25:33,24753.05,24755.1,500,24756.85,250,0,1563500
NIFTY-II.NFO,20/08/2024,09:25:34,24756.75,24755.1,500,24756.55,75,50,1563500
NIFTY-II.NFO,20/08/2024,09:25:36,24755.1,24755.1,475,24756.3,100,25,1563500
NIFTY-II.NFO,20/08/2024,09:25:38,24755.1,24755.1,475,24755.25,100,0,1563500
NIFTY-II.NFO,20/08/2024,09:25:39,24755.1,24753,200,24754.3,100,475,1563500
NIFTY-II.NFO,20/08/2024,09:25:41,24753,24753,75,24754.5,175,125,1563500
NIFTY-II.NFO,20/08/2024,09:25:43,24753,24752,25,24752.3,175,75,1563500
NIFTY-II.NFO,20/08/2024,09:25:44,24750.05,24750,475,24753.45,225,675,1563500
NIFTY-II.NFO,20/08/2024,09:25:46,24750.05,24750,500,24753.75,100,0,1563500
NIFTY-II.NFO,20/08/2024,09:25:47,24750.05,24750,500,24753.85,175,0,1563500
NIFTY-II.NFO,20/08/2024,09:25:49,24750.05,24750.05,50,24753,25,25,1563500
NIFTY-II.NFO,20/08/2024,09:25:51,24750.4,24750.4,75,24753,25,25,1563500
NIFTY-II.NFO,20/08/2024,09:25:52,24752.95,24750.9,25,24753,25,200,1563500
NIFTY-II.NFO,20/08/2024,09:25:54,24752,24751.5,50,24753,25,25,1563500
NIFTY-II.NFO,20/08/2024,09:25:56,24754,24752.95,50,24755.5,50,50,1563500
NIFTY-II.NFO,20/08/2024,09:25:57,24754,24752.15,25,24755.5,50,0,1563500
NIFTY-II.NFO,20/08/2024,09:25:59,24754,24752.45,75,24755.5,50,0,1563500
NIFTY-II.NFO,20/08/2024,09:26:00,24754,24752.45,25,24755.5,50,0,1563500
NIFTY-II.NFO,20/08/2024,09:26:07,24755.5,24754.9,375,24757.3,25,50,1563500
NIFTY-II.NFO,20/08/2024,09:26:09,24757.3,24757.35,25,24759.65,200,25,1563500
NIFTY-II.NFO,20/08/2024,09:26:10,24757.2,24757.2,350,24759.65,175,225,1563500
NIFTY-II.NFO,20/08/2024,09:26:12,24757.2,24756.85,350,24759.2,50,0,1563500
NIFTY-II.NFO,20/08/2024,09:26:14,24759.65,24756.85,350,24759.65,150,25,1563500
NIFTY-II.NFO,20/08/2024,09:26:15,24759.65,24756.85,350,24759.65,150,0,1563500
NIFTY-II.NFO,20/08/2024,09:26:17,24756.85,24756.8,350,24759.65,150,25,1563500
NIFTY-II.NFO,20/08/2024,09:26:18,24759.65,24756.8,350,24759.6,175,25,1563500
NIFTY-II.NFO,20/08/2024,09:26:20,24759.65,24756.8,350,24759.6,175,0,1563500
NIFTY-II.NFO,20/08/2024,09:26:22,24755.9,24755.55,25,24757.5,175,25,1563500
NIFTY-II.NFO,20/08/2024,09:26:23,24755.55,24755.55,25,24756.45,100,25,1563500
NIFTY-II.NFO,20/08/2024,09:26:25,24755.55,24755.5,25,24757.65,150,25,1563500
NIFTY-II.NFO,20/08/2024,09:26:26,24755.75,24755.75,350,24759.45,100,25,1563500
NIFTY-II.NFO,20/08/2024,09:26:28,24755.75,24755.85,25,24758.55,100,0,1563500
NIFTY-II.NFO,20/08/2024,09:26:30,24755.55,24755.5,25,24757.4,100,25,1563500
NIFTY-II.NFO,20/08/2024,09:26:31,24755,24754.05,350,24756.55,150,75,1563500
NIFTY-II.NFO,20/08/2024,09:26:33,24755,24754.05,350,24757.8,100,0,1563500
NIFTY-II.NFO,20/08/2024,09:26:35,24758.55,24755.7,375,24758.5,100,25,1563500
NIFTY-II.NFO,20/08/2024,09:26:36,24758.95,24755.7,375,24759.5,100,50,1563500
NIFTY-II.NFO,20/08/2024,09:26:38,24758.95,24755.35,350,24758.65,100,0,1563500
NIFTY-II.NFO,20/08/2024,09:26:40,24758.95,24754.85,25,24757.75,175,0,1563500
NIFTY-II.NFO,20/08/2024,09:26:41,24755.4,24754,125,24758.15,100,400,1563500
NIFTY-II.NFO,20/08/2024,09:26:43,24755.4,24754.05,75,24759.45,100,0,1563500
NIFTY-II.NFO,20/08/2024,09:26:45,24755.4,24755.65,25,24759.6,100,0,1563500
NIFTY-II.NFO,20/08/2024,09:26:46,24759.65,24755.7,75,24759.65,150,275,1563500
NIFTY-II.NFO,20/08/2024,09:26:48,24759.65,24755.9,125,24759,25,0,1563500
NIFTY-II.NFO,20/08/2024,09:26:50,24759,24755.65,25,24759.65,150,25,1563500
NIFTY-II.NFO,20/08/2024,09:26:51,24755.7,24755.7,50,24759.65,175,25,1563500
NIFTY-II.NFO,20/08/2024,09:26:53,24755.7,24757.2,50,24759.65,175,0,1563500
NIFTY-II.NFO,20/08/2024,09:26:55,24759.65,24757.4,50,24759.65,125,50,1563500
NIFTY-II.NFO,20/08/2024,09:26:56,24759.65,24755.7,350,24759.65,125,0,1563500
NIFTY-II.NFO,20/08/2024,09:26:58,24756.8,24756.8,350,24759.65,125,100,1563500
NIFTY-II.NFO,20/08/2024,09:27:00,24759.65,24759.65,125,24759.95,25,125,1563500
NIFTY-II.NFO,20/08/2024,09:27:01,24759.65,24759.65,125,24759.95,25,0,1563500
NIFTY-II.NFO,20/08/2024,09:27:05,24759.65,24757.15,50,24759.65,25,125,1563500
NIFTY-II.NFO,20/08/2024,09:27:06,24759.95,24759.95,450,24760,150,50,1563500
NIFTY-II.NFO,20/08/2024,09:27:08,24759.95,24759.95,450,24760,150,0,1563500
NIFTY-II.NFO,20/08/2024,09:27:11,24760,24759.95,450,24760,125,25,1563500
NIFTY-II.NFO,20/08/2024,09:27:13,24759.95,24759.95,475,24760,125,25,1563500
NIFTY-II.NFO,20/08/2024,09:27:15,24761.1,24759.95,475,24761.55,375,500,1563500
NIFTY-II.NFO,20/08/2024,09:27:16,24761.1,24759.95,475,24761.55,50,0,1563500
NIFTY-II.NFO,20/08/2024,09:27:18,24761.1,24760.75,425,24761.5,25,0,1563500
NIFTY-II.NFO,20/08/2024,09:27:20,24761.1,24760.75,425,24761.45,25,0,1563500
NIFTY-II.NFO,20/08/2024,09:27:23,24761.1,24760.75,425,24761.4,50,0,1563500
NIFTY-II.NFO,20/08/2024,09:27:25,24760.75,24760.75,325,24761.4,50,100,1563500
NIFTY-II.NFO,20/08/2024,09:27:26,24760.75,24761.1,250,24761.4,25,25,1563500
NIFTY-II.NFO,20/08/2024,09:27:28,24760.75,24761.1,250,24761.4,25,0,1563500
NIFTY-II.NFO,20/08/2024,09:27:30,24760.75,24761.1,250,24761.35,25,0,1563500
NIFTY-II.NFO,20/08/2024,09:27:31,24761.35,24761.1,300,24761.5,25,50,1563500
NIFTY-II.NFO,20/08/2024,09:27:33,24761.35,24761.1,300,24761.5,25,0,1563500
NIFTY-II.NFO,20/08/2024,09:27:35,24761.1,24761.1,275,24761.5,25,25,1563500
NIFTY-II.NFO,20/08/2024,09:27:36,24761.1,24762.15,500,24763.55,100,25,1563500
NIFTY-II.NFO,20/08/2024,09:27:38,24762.15,24762.15,475,24763.55,100,25,1563500
NIFTY-II.NFO,20/08/2024,09:27:40,24763.5,24762.15,475,24763.55,100,25,1563500
NIFTY-II.NFO,20/08/2024,09:27:42,24766.15,24762.8,350,24766.3,250,275,1563500
NIFTY-II.NFO,20/08/2024,09:27:43,24766.3,24762.8,350,24766.3,250,25,1563500
NIFTY-II.NFO,20/08/2024,09:27:45,24766.3,24762.15,450,24765.35,250,0,1563500
NIFTY-II.NFO,20/08/2024,09:27:47,24766.3,24762.45,350,24766.2,25,0,1563500
NIFTY-II.NFO,20/08/2024,09:27:48,24766.25,24762.25,350,24766.2,100,300,1563500
NIFTY-II.NFO,20/08/2024,09:27:50,24766.55,24762.55,350,24766.6,150,50,1564450
NIFTY-II.NFO,20/08/2024,09:27:52,24761.1,24761.15,75,24765.35,125,1025,1564450
NIFTY-II.NFO,20/08/2024,09:27:53,24761.1,24761.15,75,24764.95,75,0,1564450
NIFTY-II.NFO,20/08/2024,09:27:55,24765.1,24761.15,75,24765.05,125,250,1564450
NIFTY-II.NFO,20/08/2024,09:27:57,24765.1,24761.1,125,24765.15,125,0,1564450
NIFTY-II.NFO,20/08/2024,09:27:58,24765.3,24761.15,75,24764.9,25,250,1564450
NIFTY-II.NFO,20/08/2024,09:28:00,24765.45,24763.45,25,24767.1,250,600,1564450
NIFTY-II.NFO,20/08/2024,09:28:02,24765.45,24763.55,425,24768,25,0,1564450
NIFTY-II.NFO,20/08/2024,09:28:03,24765.45,24765,375,24768,25,0,1564450
NIFTY-II.NFO,20/08/2024,09:28:05,24765.45,24765,100,24768,25,0,1564450
NIFTY-II.NFO,20/08/2024,09:28:07,24765.45,24765,375,24768,25,0,1564450
NIFTY-II.NFO,20/08/2024,09:28:08,24768,24768.1,25,24768.85,75,75,1564450
NIFTY-II.NFO,20/08/2024,09:28:10,24768,24768.1,25,24768.85,75,0,1564450
NIFTY-II.NFO,20/08/2024,09:28:12,24768.05,24768.05,25,24768.85,75,50,1564450
NIFTY-II.NFO,20/08/2024,09:28:13,24768.05,24768.05,25,24768.85,75,0,1564450
NIFTY-II.NFO,20/08/2024,09:28:15,24768.05,24768.05,25,24768.85,75,25,1564450
NIFTY-II.NFO,20/08/2024,09:28:17,24768,24768.05,25,24768.85,75,50,1564450
NIFTY-II.NFO,20/08/2024,09:28:18,24768,24768,150,24768.8,25,125,1564450
NIFTY-II.NFO,20/08/2024,09:28:20,24768,24768,150,24768.8,25,0,1564450
NIFTY-II.NFO,20/08/2024,09:28:23,24768,24768,175,24768.8,25,0,1564450
NIFTY-II.NFO,20/08/2024,09:28:25,24767.7,24764,350,24766.9,25,300,1564450
NIFTY-II.NFO,20/08/2024,09:28:26,24767.7,24762.35,350,24766.6,175,0,1564450
NIFTY-II.NFO,20/08/2024,09:28:28,24767.7,24762.35,350,24766.3,25,0,1564450
NIFTY-II.NFO,20/08/2024,09:28:30,24767.7,24762.35,450,24766.8,25,0,1564450
NIFTY-II.NFO,20/08/2024,09:28:31,24767.7,24762.35,375,24766.8,25,0,1564450
NIFTY-II.NFO,20/08/2024,09:28:33,24767.7,24765,25,24767.8,150,0,1564450
NIFTY-II.NFO,20/08/2024,09:28:35,24767.7,24765,375,24767.95,25,0,1564450
NIFTY-II.NFO,20/08/2024,09:28:36,24765,24765,350,24767.95,25,125,1564450
NIFTY-II.NFO,20/08/2024,09:28:38,24765,24765,350,24767.9,50,0,1564450
NIFTY-II.NFO,20/08/2024,09:28:40,24765,24764,350,24766.75,50,0,1564450
NIFTY-II.NFO,20/08/2024,09:28:41,24764,24762.35,25,24765,25,25,1564450
NIFTY-II.NFO,20/08/2024,09:28:43,24764,24762.4,425,24764.9,25,0,1564450
NIFTY-II.NFO,20/08/2024,09:28:45,24765,24762.4,425,24767.9,25,75,1564450
NIFTY-II.NFO,20/08/2024,09:28:46,24764.8,24764.8,350,24767.9,25,25,1564450
NIFTY-II.NFO,20/08/2024,09:28:48,24764.8,24764.8,425,24767.9,25,0,1564450
NIFTY-II.NFO,20/08/2024,09:28:50,24764.8,24764.8,425,24768,50,125,1564450
NIFTY-II.NFO,20/08/2024,09:28:51,24764.8,24764.8,350,24768,50,0,1564450
NIFTY-II.NFO,20/08/2024,09:28:53,24764.8,24765,25,24768,50,0,1564450
NIFTY-II.NFO,20/08/2024,09:28:55,24764.8,24763.1,25,24768,50,300,1564450
NIFTY-II.NFO,20/08/2024,09:28:56,24764.8,24763.2,25,24767.4,50,0,1564450
NIFTY-II.NFO,20/08/2024,09:28:58,24764.8,24763.2,25,24767.75,125,0,1564450
NIFTY-II.NFO,20/08/2024,09:29:00,24764.8,24764.9,25,24767.55,50,0,1564450
NIFTY-II.NFO,20/08/2024,09:29:01,24762.5,24762.5,25,24766.95,175,150,1564450
NIFTY-II.NFO,20/08/2024,09:29:03,24762.5,24762.55,25,24766.5,50,0,1564450
NIFTY-II.NFO,20/08/2024,09:29:05,24762.5,24762.55,25,24766.6,50,0,1564450
NIFTY-II.NFO,20/08/2024,09:29:06,24762.5,24762.6,25,24766.8,75,0,1564450
NIFTY-II.NFO,20/08/2024,09:29:08,24762.5,24763.15,100,24767,500,0,1564450
NIFTY-II.NFO,20/08/2024,09:29:11,24762.5,24763.15,25,24765,500,0,1564450
NIFTY-II.NFO,20/08/2024,09:29:15,24762.5,24763.15,25,24764.95,25,0,1564450
NIFTY-II.NFO,20/08/2024,09:29:20,24762.5,24763.85,25,24764,500,0,1564450
NIFTY-II.NFO,20/08/2024,09:29:23,24764,24763.85,25,24764,475,25,1564450
NIFTY-II.NFO,20/08/2024,09:29:25,24764,24763.85,25,24764,425,50,1564450
NIFTY-II.NFO,20/08/2024,09:29:26,24764,24763.95,50,24764,350,75,1564450
NIFTY-II.NFO,20/08/2024,09:29:28,24764,24763.95,50,24764,325,25,1564450
NIFTY-II.NFO,20/08/2024,09:29:30,24763.95,24763.95,25,24764,325,25,1564450
NIFTY-II.NFO,20/08/2024,09:29:31,24763.95,24763.95,25,24764,325,0,1564450
NIFTY-II.NFO,20/08/2024,09:29:33,24763.95,24762.5,25,24764,325,25,1564450
NIFTY-II.NFO,20/08/2024,09:29:35,24764,24762.5,25,24764,300,25,1564450
NIFTY-II.NFO,20/08/2024,09:29:38,24764,24762.55,25,24764,500,0,1564450
NIFTY-II.NFO,20/08/2024,09:29:40,24764,24763.95,25,24764,500,0,1564450
NIFTY-II.NFO,20/08/2024,09:29:41,24763.95,24762.5,25,24764,500,25,1564450
NIFTY-II.NFO,20/08/2024,09:29:43,24763.95,24762.55,25,24764,500,0,1564450
NIFTY-II.NFO,20/08/2024,09:29:45,24763.95,24762.55,25,24763.95,100,0,1564450
NIFTY-II.NFO,20/08/2024,09:29:46,24763.95,24763.05,25,24764,500,0,1564450
NIFTY-II.NFO,20/08/2024,09:29:50,24763.95,24763.05,25,24763.85,25,0,1564450
NIFTY-II.NFO,20/08/2024,09:29:53,24764,24763.1,25,24763.95,25,225,1564450
NIFTY-II.NFO,20/08/2024,09:29:55,24764,24763.1,25,24764,25,325,1564450
NIFTY-II.NFO,20/08/2024,09:29:56,24764,24763.65,25,24765,25,450,1564450
NIFTY-II.NFO,20/08/2024,09:29:58,24763.05,24763.05,25,24765,25,250,1564450
NIFTY-II.NFO,20/08/2024,09:30:00,24763.05,24763.05,25,24764.95,100,0,1564450
NIFTY-II.NFO,20/08/2024,09:30:01,24763.05,24764.35,25,24767.45,100,75,1564450
NIFTY-II.NFO,20/08/2024,09:30:03,24763.05,24764.55,25,24767.65,100,0,1564450
NIFTY-II.NFO,20/08/2024,09:30:05,24763.05,24764.7,375,24767.7,150,0,1564450
NIFTY-II.NFO,20/08/2024,09:30:06,24763.05,24765.3,25,24767.7,150,0,1564450
NIFTY-II.NFO,20/08/2024,09:30:08,24765.3,24765.1,350,24767.7,150,25,1564450
NIFTY-II.NFO,20/08/2024,09:30:10,24765.1,24763.05,350,24766.95,100,50,1564450
NIFTY-II.NFO,20/08/2024,09:30:11,24766.85,24763.05,350,24766.85,50,100,1564450
NIFTY-II.NFO,20/08/2024,09:30:13,24766.85,24764.4,350,24767.7,150,0,1564450
NIFTY-II.NFO,20/08/2024,09:30:15,24766.85,24764.4,350,24767.65,25,0,1564450
NIFTY-II.NFO,20/08/2024,09:30:16,24767.65,24765,25,24767.7,150,25,1564450
NIFTY-II.NFO,20/08/2024,09:30:18,24767.65,24765,25,24767,25,0,1564450
NIFTY-II.NFO,20/08/2024,09:30:20,24767,24764.4,350,24767.65,50,50,1564450
NIFTY-II.NFO,20/08/2024,09:30:21,24767,24764.4,350,24767.45,100,0,1564450
NIFTY-II.NFO,20/08/2024,09:30:23,24767,24764.05,25,24766.75,100,0,1564450
NIFTY-II.NFO,20/08/2024,09:30:25,24767,24764.15,350,24767.45,50,0,1564450
NIFTY-II.NFO,20/08/2024,09:30:28,24767,24767,25,24767.7,150,0,1564450
NIFTY-II.NFO,20/08/2024,09:30:30,24767,24764.15,350,24767.7,150,25,1564450
NIFTY-II.NFO,20/08/2024,09:30:31,24764.7,24764.05,25,24767,25,300,1564450
NIFTY-II.NFO,20/08/2024,09:30:33,24764.7,24764.1,100,24767,75,0,1564450
NIFTY-II.NFO,20/08/2024,09:30:36,24764.7,24764.05,25,24767,75,0,1564450
NIFTY-II.NFO,20/08/2024,09:30:38,24764.7,24764.15,350,24767,75,0,1564450
NIFTY-II.NFO,20/08/2024,09:30:40,24764.7,24764.05,25,24766.95,25,0,1564450
NIFTY-II.NFO,20/08/2024,09:30:41,24767,24764.3,25,24767,25,75,1564450
NIFTY-II.NFO,20/08/2024,09:30:43,24767,24764.65,25,24767.7,150,25,1564450
NIFTY-II.NFO,20/08/2024,09:30:45,24767,24765.05,25,24767.7,150,0,1564450
NIFTY-II.NFO,20/08/2024,09:30:46,24767,24765.05,25,24767.65,100,0,1564450
NIFTY-II.NFO,20/08/2024,09:30:48,24767,24765.05,25,24767.7,150,0,1564450
NIFTY-II.NFO,20/08/2024,09:30:51,24767.7,24765.05,25,24767,100,25,1565275
NIFTY-II.NFO,20/08/2024,09:30:53,24767.7,24765.05,25,24767,100,0,1565275
NIFTY-II.NFO,20/08/2024,09:30:58,24767.7,24765.05,25,24766.95,50,0,1565275
NIFTY-II.NFO,20/08/2024,09:31:00,24767.7,24765.05,25,24767,100,0,1565275
NIFTY-II.NFO,20/08/2024,09:31:03,24767.7,24765.55,25,24767,100,0,1565275
NIFTY-II.NFO,20/08/2024,09:31:06,24765,24765.95,25,24767.7,125,100,1565275
NIFTY-II.NFO,20/08/2024,09:31:08,24766.35,24766.8,25,24767.7,125,50,1565275
NIFTY-II.NFO,20/08/2024,09:31:10,24767.7,24766.55,25,24767.7,75,50,1565275
NIFTY-II.NFO,20/08/2024,09:31:11,24767,24766.55,25,24767.7,75,25,1565275
NIFTY-II.NFO,20/08/2024,09:31:13,24767,24766.55,25,24767.7,75,0,1565275
NIFTY-II.NFO,20/08/2024,09:31:15,24767,24766.75,25,24767,75,0,1565275
NIFTY-II.NFO,20/08/2024,09:31:16,24768,24767.95,25,24768.5,25,350,1565275
NIFTY-II.NFO,20/08/2024,09:31:18,24768,24768.25,25,24768.5,25,0,1565275
NIFTY-II.NFO,20/08/2024,09:31:23,24769.85,24768.25,25,24769.9,25,150,1565275
NIFTY-II.NFO,20/08/2024,09:31:24,24769.85,24768.25,25,24769.85,50,0,1565275
NIFTY-II.NFO,20/08/2024,09:31:26,24768.25,24767.1,25,24769.85,50,25,1565275
NIFTY-II.NFO,20/08/2024,09:31:28,24770,24767.25,25,24770,75,525,1565275
NIFTY-II.NFO,20/08/2024,09:31:29,24770,24767.4,25,24770,75,0,1565275
NIFTY-II.NFO,20/08/2024,09:31:31,24770,24767.4,25,24768.25,25,0,1565275
NIFTY-II.NFO,20/08/2024,09:31:36,24767.4,24767,25,24768.25,25,25,1565275
NIFTY-II.NFO,20/08/2024,09:31:38,24767.4,24767,25,24768,325,0,1565275
NIFTY-II.NFO,20/08/2024,09:31:39,24767.4,24767,25,24767.95,450,0,1565275
NIFTY-II.NFO,20/08/2024,09:31:41,24767.4,24767,25,24767.95,450,25,1565275
NIFTY-II.NFO,20/08/2024,09:31:43,24767.4,24767,25,24768.25,25,0,1565275
NIFTY-II.NFO,20/08/2024,09:31:44,24768.25,24767.05,25,24769.25,250,25,1565275
NIFTY-II.NFO,20/08/2024,09:31:46,24767.05,24767,25,24767.4,25,50,1565275
NIFTY-II.NFO,20/08/2024,09:31:48,24767,24765,650,24767.4,100,25,1565275
NIFTY-II.NFO,20/08/2024,09:31:49,24767,24765,650,24767.4,100,0,1565275
NIFTY-II.NFO,20/08/2024,09:31:51,24766.7,24765.05,25,24766.7,300,25,1565275
NIFTY-II.NFO,20/08/2024,09:31:53,24765.05,24765,300,24766.2,300,25,1565275
NIFTY-II.NFO,20/08/2024,09:31:54,24765,24764.05,25,24765.3,225,300,1565275
NIFTY-II.NFO,20/08/2024,09:31:56,24765.3,24764.05,25,24765.15,200,25,1565275
NIFTY-II.NFO,20/08/2024,09:31:58,24765.3,24764.05,25,24764.9,75,0,1565275
NIFTY-II.NFO,20/08/2024,09:31:59,24758.1,24758.55,100,24763.3,175,600,1565275
NIFTY-II.NFO,20/08/2024,09:32:01,24758.1,24756.05,100,24760.9,50,0,1565275
NIFTY-II.NFO,20/08/2024,09:32:03,24758.1,24756.85,100,24761.4,175,0,1565275
NIFTY-II.NFO,20/08/2024,09:32:04,24758.1,24756.8,350,24760.05,125,0,1565275
NIFTY-II.NFO,20/08/2024,09:32:06,24760.1,24758.4,350,24761.1,50,50,1565275
NIFTY-II.NFO,20/08/2024,09:32:08,24760.1,24756,450,24758,25,0,1565275
NIFTY-II.NFO,20/08/2024,09:32:18,24758,24756,100,24757.5,200,25,1565275
NIFTY-II.NFO,20/08/2024,09:32:19,24758,24756,100,24758.1,200,0,1565275
NIFTY-II.NFO,20/08/2024,09:32:21,24758,24756.4,350,24759.4,200,0,1565275
NIFTY-II.NFO,20/08/2024,09:32:23,24758,24757.2,350,24759.45,200,0,1565275
NIFTY-II.NFO,20/08/2024,09:32:24,24759.4,24756.05,350,24758.45,200,25,1565275
NIFTY-II.NFO,20/08/2024,09:32:26,24759.4,24756,100,24757.65,200,0,1565275
NIFTY-II.NFO,20/08/2024,09:32:28,24758.85,24756.2,350,24758.9,200,50,1565275
NIFTY-II.NFO,20/08/2024,09:32:29,24758.85,24758,25,24758.9,200,0,1565275
NIFTY-II.NFO,20/08/2024,09:32:31,24758.85,24758,25,24759.75,200,0,1565275
NIFTY-II.NFO,20/08/2024,09:32:33,24758,24757.65,100,24760,25,25,1565275
NIFTY-II.NFO,20/08/2024,09:32:34,24756.2,24756.1,75,24760,25,550,1565275
NIFTY-II.NFO,20/08/2024,09:32:36,24756.1,24758,50,24760,25,25,1565275
NIFTY-II.NFO,20/08/2024,09:32:38,24756.1,24758,50,24760,25,0,1565275
NIFTY-II.NFO,20/08/2024,09:32:39,24756.1,24758.05,50,24760,25,0,1565275
NIFTY-II.NFO,20/08/2024,09:32:41,24756.1,24758.05,50,24760,50,0,1565275
NIFTY-II.NFO,20/08/2024,09:32:43,24758,24756.3,50,24760,50,200,1565275
NIFTY-II.NFO,20/08/2024,09:32:44,24758,24756.3,50,24760,50,0,1565275
NIFTY-II.NFO,20/08/2024,09:32:49,24756,24756.05,50,24760,50,300,1565275
NIFTY-II.NFO,20/08/2024,09:32:51,24760,24756.4,50,24760,25,25,1565275
NIFTY-II.NFO,20/08/2024,09:32:53,24757.15,24757.15,50,24760,25,25,1565275
NIFTY-II.NFO,20/08/2024,09:32:54,24758,24757.1,75,24760,25,25,1565275
NIFTY-II.NFO,20/08/2024,09:32:56,24759.9,24759.8,25,24760,250,25,1565275
NIFTY-II.NFO,20/08/2024,09:32:58,24760,24758.25,125,24763.5,25,750,1565275
NIFTY-II.NFO,20/08/2024,09:32:59,24760,24759.15,50,24763.5,25,0,1565275
NIFTY-II.NFO,20/08/2024,09:33:01,24760,24760.75,50,24763.5,25,0,1565275
NIFTY-II.NFO,20/08/2024,09:33:03,24763.5,24763.2,25,24765,250,25,1565275
NIFTY-II.NFO,20/08/2024,09:33:04,24763.5,24762.6,350,24765,250,0,1565275
NIFTY-II.NFO,20/08/2024,09:33:08,24763.5,24761.55,350,24764,150,0,1565275
NIFTY-II.NFO,20/08/2024,09:33:09,24764,24761.55,350,24764,125,25,1565275
NIFTY-II.NFO,20/08/2024,09:33:11,24761.55,24761.55,350,24764,125,200,1565275
NIFTY-II.NFO,20/08/2024,09:33:13,24764,24761.55,350,24764,75,50,1565275
NIFTY-II.NFO,20/08/2024,09:33:14,24764,24761.55,350,24764,75,0,1565275
NIFTY-II.NFO,20/08/2024,09:33:16,24764,24761.25,50,24764,50,50,1565275
NIFTY-II.NFO,20/08/2024,09:33:18,24760.9,24761.15,125,24764,50,200,1565275
NIFTY-II.NFO,20/08/2024,09:33:19,24764,24762,25,24764,50,25,1565275
NIFTY-II.NFO,20/08/2024,09:33:21,24765,24763.8,75,24764,50,75,1565275
NIFTY-II.NFO,20/08/2024,09:33:23,24765,24763.8,75,24764,50,0,1565275
NIFTY-II.NFO,20/08/2024,09:33:28,24764,24764.35,75,24765,225,50,1565275
NIFTY-II.NFO,20/08/2024,09:33:29,24764,24764.35,75,24765,250,0,1565275
NIFTY-II.NFO,20/08/2024,09:33:33,24761.05,24762.8,350,24765,250,200,1565275
NIFTY-II.NFO,20/08/2024,09:33:34,24761.05,24762.8,350,24764.95,175,0,1565275
NIFTY-II.NFO,20/08/2024,09:33:36,24761.05,24762.8,350,24765,250,0,1565275
NIFTY-II.NFO,20/08/2024,09:33:38,24761.05,24762.95,350,24765,250,0,1565275
NIFTY-II.NFO,20/08/2024,09:33:39,24762.95,24764.8,25,24765,250,225,1565275
NIFTY-II.NFO,20/08/2024,09:33:41,24765,24764.85,50,24765,225,25,1565275
NIFTY-II.NFO,20/08/2024,09:33:43,24765,24765.7,25,24768,25,225,1565275
NIFTY-II.NFO,20/08/2024,09:33:44,24765,24765.65,25,24768,25,0,1565275
NIFTY-II.NFO,20/08/2024,09:33:46,24763.55,24763.6,75,24768,25,450,1565275
NIFTY-II.NFO,20/08/2024,09:33:48,24763.55,24763.65,50,24768,25,0,1565275
NIFTY-II.NFO,20/08/2024,09:33:49,24763.55,24763.6,25,24768,25,0,1565275
NIFTY-II.NFO,20/08/2024,09:33:51,24763.55,24763.55,25,24767.95,100,100,1565300
NIFTY-II.NFO,20/08/2024,09:33:53,24763.55,24765.25,25,24768,25,0,1565300
NIFTY-II.NFO,20/08/2024,09:33:54,24763.55,24766.4,25,24768,25,0,1565300
NIFTY-II.NFO,20/08/2024,09:33:58,24768,24766.75,50,24768.95,100,25,1565300
NIFTY-II.NFO,20/08/2024,09:33:59,24768,24766.75,25,24768.95,100,0,1565300
NIFTY-II.NFO,20/08/2024,09:34:01,24768,24766.75,25,24769,150,25,1565300
NIFTY-II.NFO,20/08/2024,09:34:03,24769.9,24767.5,350,24769.95,200,175,1565300
NIFTY-II.NFO,20/08/2024,09:34:04,24761.95,24766.95,350,24769.15,100,500,1565300
NIFTY-II.NFO,20/08/2024,09:34:06,24767.1,24767.1,350,24769.95,100,275,1565300
NIFTY-II.NFO,20/08/2024,09:34:08,24769.95,24767.1,350,24769.95,75,25,1565300
NIFTY-II.NFO,20/08/2024,09:34:09,24769.95,24767.8,350,24769.95,75,0,1565300
NIFTY-II.NFO,20/08/2024,09:34:14,24767.8,24767.8,350,24769.95,75,50,1565300
NIFTY-II.NFO,20/08/2024,09:34:16,24767.8,24767.8,350,24769.95,75,0,1565300
NIFTY-II.NFO,20/08/2024,09:34:18,24769.95,24767.8,350,24769.95,50,25,1565300
NIFTY-II.NFO,20/08/2024,09:34:19,24769.95,24769.55,25,24769.95,50,0,1565300
NIFTY-II.NFO,20/08/2024,09:34:21,24769.9,24767.8,350,24769.95,50,425,1565300
NIFTY-II.NFO,20/08/2024,09:34:23,24769.95,24769.5,25,24770,600,75,1565300
NIFTY-II.NFO,20/08/2024,09:34:24,24769.5,24769.5,25,24769.95,25,25,1565300
NIFTY-II.NFO,20/08/2024,09:34:26,24769.5,24769.7,50,24769.95,25,0,1565300
NIFTY-II.NFO,20/08/2024,09:34:28,24770,24769.75,75,24770,300,350,1565300
NIFTY-II.NFO,20/08/2024,09:34:29,24770,24769.8,25,24770,250,50,1565300
NIFTY-II.NFO,20/08/2024,09:34:31,24767.55,24769.5,25,24770.85,25,375,1565300
NIFTY-II.NFO,20/08/2024,09:34:33,24772,24769.6,350,24772,125,150,1565300
NIFTY-II.NFO,20/08/2024,09:34:34,24772,24769.65,75,24772,125,0,1565300
NIFTY-II.NFO,20/08/2024,09:34:36,24772,24769.65,75,24772,25,100,1565300
NIFTY-II.NFO,20/08/2024,09:34:38,24772,24769.6,350,24772,25,0,1565300
NIFTY-II.NFO,20/08/2024,09:34:39,24772,24769.65,75,24772,25,0,1565300
NIFTY-II.NFO,20/08/2024,09:34:41,24772,24769.9,25,24772,25,0,1565300
NIFTY-II.NFO,20/08/2024,09:34:43,24772,24770.05,125,24772,50,0,1565300
NIFTY-II.NFO,20/08/2024,09:34:44,24771.55,24771.55,350,24774,50,75,1565300
NIFTY-II.NFO,20/08/2024,09:34:46,24774.8,24772.45,350,24775,1675,75,1565300
NIFTY-II.NFO,20/08/2024,09:34:48,24774.8,24772.45,350,24775,1675,0,1565300
NIFTY-II.NFO,20/08/2024,09:34:51,24771.9,24771.75,350,24774,25,50,1565300
NIFTY-II.NFO,20/08/2024,09:34:53,24777,24776.7,50,24777,50,1800,1565300
NIFTY-II.NFO,20/08/2024,09:34:54,24778,24777.9,25,24778.2,100,125,1565300
NIFTY-II.NFO,20/08/2024,09:34:56,24775.25,24775.25,350,24778.15,100,350,1565300
NIFTY-II.NFO,20/08/2024,09:34:58,24778.15,24775.25,350,24778.1,100,50,1565300
NIFTY-II.NFO,20/08/2024,09:34:59,24778.15,24775.25,350,24778.15,100,0,1565300
NIFTY-II.NFO,20/08/2024,09:35:01,24778.15,24774.45,75,24777.55,150,0,1565300
NIFTY-II.NFO,20/08/2024,09:35:03,24778.15,24772.1,75,24775.05,100,0,1565300
NIFTY-II.NFO,20/08/2024,09:35:04,24778.15,24771.6,75,24774.6,225,0,1565300
NIFTY-II.NFO,20/08/2024,09:35:06,24778.15,24770.2,25,24773.35,225,0,1565300
NIFTY-II.NFO,20/08/2024,09:35:08,24774.1,24770.3,350,24774.1,125,50,1565300
NIFTY-II.NFO,20/08/2024,09:35:09,24770.3,24770.3,350,24774.4,175,25,1565300
NIFTY-II.NFO,20/08/2024,09:35:11,24770.3,24771.35,75,24773.7,125,0,1565300
NIFTY-II.NFO,20/08/2024,09:35:13,24770.3,24771.75,350,24774.1,125,0,1565300
NIFTY-II.NFO,20/08/2024,09:35:14,24770.3,24770,75,24771.75,50,0,1565300
NIFTY-II.NFO,20/08/2024,09:35:16,24770.3,24772.05,350,24775,50,0,1565300
NIFTY-II.NFO,20/08/2024,09:35:18,24770.3,24772.8,75,24775.25,25,0,1565300
NIFTY-II.NFO,20/08/2024,09:35:19,24770.3,24772.9,350,24775.25,25,0,1565300
NIFTY-II.NFO,20/08/2024,09:35:21,24770.3,24773.1,175,24775.25,25,0,1565300
NIFTY-II.NFO,20/08/2024,09:35:23,24770.3,24775.1,50,24775.25,25,0,1565300
NIFTY-II.NFO,20/08/2024,09:35:24,24775.25,24775.7,350,24778.15,75,25,1565300
NIFTY-II.NFO,20/08/2024,09:35:26,24778.15,24775.75,100,24778.15,50,25,1565300
NIFTY-II.NFO,20/08/2024,09:35:28,24778.15,24777.9,25,24778.15,50,0,1565300
NIFTY-II.NFO,20/08/2024,09:35:31,24778.15,24775.7,75,24778.2,100,75,1565300
NIFTY-II.NFO,20/08/2024,09:35:33,24778.15,24775.7,75,24778,25,0,1565300
NIFTY-II.NFO,20/08/2024,09:35:34,24778.15,24775.75,100,24777.9,75,0,1565300
NIFTY-II.NFO,20/08/2024,09:35:36,24775.6,24775.6,350,24777.9,50,150,1565300
NIFTY-II.NFO,20/08/2024,09:35:38,24775.6,24775.6,350,24777.9,50,0,1565300
NIFTY-II.NFO,20/08/2024,09:35:41,24775.75,24775.75,350,24777.9,50,50,1565300
NIFTY-II.NFO,20/08/2024,09:35:43,24775.75,24775.75,350,24777.9,50,0,1565300
NIFTY-II.NFO,20/08/2024,09:35:44,24775.75,24775.8,100,24778,25,0,1565300
NIFTY-II.NFO,20/08/2024,09:35:46,24778,24778.05,25,24778.15,25,125,1565300
NIFTY-II.NFO,20/08/2024,09:35:48,24778.05,24777.95,25,24778,25,25,1565300
NIFTY-II.NFO,20/08/2024,09:35:49,24779,24778.9,25,24779,50,325,1565300
NIFTY-II.NFO,20/08/2024,09:35:51,24780,24779.95,25,24780,850,150,1565300
NIFTY-II.NFO,20/08/2024,09:35:51,24780,24779.95,25,24780,850,0,1565300
NIFTY-II.NFO,20/08/2024,09:35:53,24779.95,24778,25,24779.95,25,225,1565300
NIFTY-II.NFO,20/08/2024,09:35:54,24779.95,24778,25,24778.9,100,0,1565300
NIFTY-II.NFO,20/08/2024,09:35:56,24778.9,24778,25,24778.9,75,50,1565300
NIFTY-II.NFO,20/08/2024,09:35:58,24776.7,24777.9,25,24780,650,100,1565300
NIFTY-II.NFO,20/08/2024,09:35:59,24780,24777.9,25,24779.95,25,25,1565300
NIFTY-II.NFO,20/08/2024,09:36:01,24780,24777.3,350,24779.95,25,0,1565300
NIFTY-II.NFO,20/08/2024,09:36:03,24777.3,24778.95,25,24780,625,50,1565300
NIFTY-II.NFO,20/08/2024,09:36:04,24778.95,24778.95,25,24780,775,25,1565300
NIFTY-II.NFO,20/08/2024,09:36:06,24778.95,24778.95,25,24780,775,0,1565300
NIFTY-II.NFO,20/08/2024,09:36:08,24778.95,24778.9,25,24780,775,25,1565300
NIFTY-II.NFO,20/08/2024,09:36:09,24780,24777.9,75,24779.95,25,25,1565300
NIFTY-II.NFO,20/08/2024,09:36:11,24780,24777.9,75,24780,775,0,1565300
NIFTY-II.NFO,20/08/2024,09:36:13,24780,24777.9,75,24779.95,100,0,1565300
NIFTY-II.NFO,20/08/2024,09:36:16,24780,24777.85,350,24779.95,100,0,1565300
NIFTY-II.NFO,20/08/2024,09:36:18,24780,24777.85,350,24780,650,250,1565300
NIFTY-II.NFO,20/08/2024,09:36:19,24780,24777.85,350,24780,650,0,1565300
NIFTY-II.NFO,20/08/2024,09:36:23,24780,24777.85,350,24780,675,0,1565300
NIFTY-II.NFO,20/08/2024,09:36:24,24780,24777.85,350,24780,650,25,1565300
NIFTY-II.NFO,20/08/2024,09:36:26,24777.8,24775.7,75,24779.95,25,425,1565300
NIFTY-II.NFO,20/08/2024,09:36:28,24777.8,24777.6,350,24779.95,25,0,1565300
NIFTY-II.NFO,20/08/2024,09:36:29,24776.1,24776.1,50,24779.95,75,25,1565300
NIFTY-II.NFO,20/08/2024,09:36:31,24776.1,24775.7,325,24779.05,150,0,1565300
NIFTY-II.NFO,20/08/2024,09:36:33,24776.1,24775.65,75,24779.35,25,0,1565300
NIFTY-II.NFO,20/08/2024,09:36:34,24776.1,24775.6,25,24775.7,25,0,1565300
NIFTY-II.NFO,20/08/2024,09:36:38,24775.6,24775,125,24775.6,75,25,1565300
NIFTY-II.NFO,20/08/2024,09:36:39,24775.6,24775.45,50,24775.6,50,25,1565300
NIFTY-II.NFO,20/08/2024,09:36:41,24775.7,24776.25,50,24779.45,75,75,1565300
NIFTY-II.NFO,20/08/2024,09:36:43,24775.7,24775.05,75,24779.2,50,0,1565300
NIFTY-II.NFO,20/08/2024,09:36:45,24775.7,24775.05,75,24778.6,50,0,1565300
NIFTY-II.NFO,20/08/2024,09:36:46,24778.25,24775.05,75,24778.3,125,75,1565300
NIFTY-II.NFO,20/08/2024,09:36:48,24778.3,24776.05,75,24779.15,50,25,1565300
NIFTY-II.NFO,20/08/2024,09:36:50,24779.4,24776.05,75,24779.4,25,25,1565300
NIFTY-II.NFO,20/08/2024,09:36:51,24779.4,24775.15,350,24779.4,25,125,1567500
NIFTY-II.NFO,20/08/2024,09:36:53,24779.4,24775.25,50,24779,25,25,1567500
NIFTY-II.NFO,20/08/2024,09:36:55,24779,24775.1,50,24779.65,50,25,1567500
NIFTY-II.NFO,20/08/2024,09:36:56,24779,24776.6,350,24779.35,50,0,1567500
NIFTY-II.NFO,20/08/2024,09:36:58,24775.8,24775.55,100,24779.4,125,50,1567500
NIFTY-II.NFO,20/08/2024,09:37:00,24776,24776,100,24779.35,50,100,1567500
NIFTY-II.NFO,20/08/2024,09:37:01,24776,24776.6,350,24779.4,125,0,1567500
NIFTY-II.NFO,20/08/2024,09:37:03,24776,24777.1,100,24779.4,125,0,1567500
NIFTY-II.NFO,20/08/2024,09:37:05,24779.4,24777.15,350,24779.4,50,75,1567500
NIFTY-II.NFO,20/08/2024,09:37:06,24779.75,24779.35,50,24780,700,100,1567500
NIFTY-II.NFO,20/08/2024,09:37:08,24779.75,24777.6,350,24780,700,0,1567500
NIFTY-II.NFO,20/08/2024,09:37:11,24780,24776.05,350,24779.95,50,25,1567500
NIFTY-II.NFO,20/08/2024,09:37:13,24780,24777.1,350,24780,675,0,1567500
NIFTY-II.NFO,20/08/2024,09:37:14,24780,24777.5,350,24779.95,50,0,1567500
NIFTY-II.NFO,20/08/2024,09:37:16,24777.5,24777.5,350,24780,675,250,1567500
NIFTY-II.NFO,20/08/2024,09:37:18,24780,24777.85,350,24780,650,50,1567500
NIFTY-II.NFO,20/08/2024,09:37:19,24780,24779.85,50,24780,450,200,1567500
NIFTY-II.NFO,20/08/2024,09:37:21,24780.9,24780,150,24781.15,25,500,1567500
NIFTY-II.NFO,20/08/2024,09:37:21,24780.9,24780,150,24781.15,25,0,1567500
NIFTY-II.NFO,20/08/2024,09:37:23,24780.9,24780,175,24781.15,25,0,1567500
NIFTY-II.NFO,20/08/2024,09:37:24,24780.05,24780.05,25,24782,75,75,1567500
NIFTY-II.NFO,20/08/2024,09:37:24,24782,24780.05,25,24782,75,0,1567500
NIFTY-II.NFO,20/08/2024,09:37:26,24782,24782.05,25,24782.75,25,75,1567500
NIFTY-II.NFO,20/08/2024,09:37:28,24782,24782.05,25,24782.75,25,0,1567500
NIFTY-II.NFO,20/08/2024,09:37:31,24785,24784.9,25,24785,150,400,1567500
NIFTY-II.NFO,20/08/2024,09:37:31,24785,24784.9,25,24785,150,0,1567500
NIFTY-II.NFO,20/08/2024,09:37:33,24785.7,24785.65,25,24786,100,200,1567500
NIFTY-II.NFO,20/08/2024,09:37:33,24786,24785.65,25,24786,100,0,1567500
NIFTY-II.NFO,20/08/2024,09:37:34,24786,24785,25,24786,50,50,1567500
NIFTY-II.NFO,20/08/2024,09:37:36,24786,24785,175,24786,50,0,1567500
NIFTY-II.NFO,20/08/2024,09:37:38,24786,24785.05,25,24786.15,25,75,1567500
NIFTY-II.NFO,20/08/2024,09:37:39,24786.15,24785.85,25,24786,25,25,1567500
NIFTY-II.NFO,20/08/2024,09:37:39,24786.15,24785.85,25,24786,25,0,1567500
NIFTY-II.NFO,20/08/2024,09:37:41,24786.15,24786.15,400,24787,25,125,1567500
NIFTY-II.NFO,20/08/2024,09:37:43,24786.15,24786.15,400,24787,25,0,1567500
NIFTY-II.NFO,20/08/2024,09:37:44,24786.15,24786.15,300,24787.25,25,125,1567500
NIFTY-II.NFO,20/08/2024,09:37:44,24787,24786.15,300,24787.25,25,0,1567500
NIFTY-II.NFO,20/08/2024,09:37:46,24786.15,24786.15,200,24787.25,25,100,1567500
NIFTY-II.NFO,20/08/2024,09:37:48,24787.05,24787,150,24787.25,25,75,1567500
NIFTY-II.NFO,20/08/2024,09:37:48,24787.05,24787,150,24787.25,25,0,1567500
NIFTY-II.NFO,20/08/2024,09:37:49,24787.25,24787,150,24787.9,25,25,1567500
NIFTY-II.NFO,20/08/2024,09:37:49,24787.25,24787,150,24787.9,25,0,1567500
NIFTY-II.NFO,20/08/2024,09:37:51,24787.9,24787,150,24788,575,25,1567500
NIFTY-II.NFO,20/08/2024,09:37:51,24787.9,24787,150,24788,575,0,1567500
NIFTY-II.NFO,20/08/2024,09:37:53,24787.9,24787,250,24788,575,0,1567500
NIFTY-II.NFO,20/08/2024,09:37:54,24787.9,24787,350,24788,575,0,1567500
NIFTY-II.NFO,20/08/2024,09:37:56,24787,24787,275,24788,600,75,1567500
NIFTY-II.NFO,20/08/2024,09:37:58,24787,24787,275,24788,600,0,1567500
NIFTY-II.NFO,20/08/2024,09:37:59,24787,24787,225,24788,600,50,1567500
NIFTY-II.NFO,20/08/2024,09:38:01,24788,24787.85,50,24788,375,275,1567500
NIFTY-II.NFO,20/08/2024,09:38:01,24788,24787.85,50,24788,375,0,1567500
NIFTY-II.NFO,20/08/2024,09:38:03,24788,24787,225,24788,350,25,1567500
NIFTY-II.NFO,20/08/2024,09:38:04,24788,24787.9,25,24788,325,25,1567500
NIFTY-II.NFO,20/08/2024,09:38:06,24788,24787,325,24788,200,150,1567500
NIFTY-II.NFO,20/08/2024,09:38:08,24788,24787.95,25,24788,325,175,1567500
NIFTY-II.NFO,20/08/2024,09:38:09,24790,24789.8,250,24790,400,1000,1567500
NIFTY-II.NFO,20/08/2024,09:38:09,24790,24789.8,250,24790,400,0,1567500
NIFTY-II.NFO,20/08/2024,09:38:11,24791.35,24792.3,350,24795,150,975,1567500
NIFTY-II.NFO,20/08/2024,09:38:11,24795,24792.3,350,24795,150,0,1567500
NIFTY-II.NFO,20/08/2024,09:38:13,24788.55,24788.55,350,24791.8,25,100,1567500
NIFTY-II.NFO,20/08/2024,09:38:14,24791.8,24789.7,350,24792.45,50,25,1567500
NIFTY-II.NFO,20/08/2024,09:38:16,24792.7,24788.1,350,24791.45,50,50,1567500
NIFTY-II.NFO,20/08/2024,09:38:18,24792.45,24788.1,350,24792.45,25,25,1567500
NIFTY-II.NFO,20/08/2024,09:38:19,24788.1,24790.3,50,24792.7,25,25,1567500
NIFTY-II.NFO,20/08/2024,09:38:21,24794.5,24789.85,100,24792,50,50,1567500
NIFTY-II.NFO,20/08/2024,09:38:23,24792,24792.15,350,24795,250,150,1567500
NIFTY-II.NFO,20/08/2024,09:38:24,24792.15,24792.15,350,24794.7,50,75,1567500
NIFTY-II.NFO,20/08/2024,09:38:26,24792.15,24792.15,350,24794.7,50,25,1567500
NIFTY-II.NFO,20/08/2024,09:38:28,24792.15,24792.3,350,24795,250,0,1567500
NIFTY-II.NFO,20/08/2024,09:38:29,24792.6,24794.9,25,24795,250,300,1567500
NIFTY-II.NFO,20/08/2024,09:38:31,24794.85,24794.8,25,24795,175,125,1567500
NIFTY-II.NFO,20/08/2024,09:38:33,24793,24793,425,24795,175,25,1567500
NIFTY-II.NFO,20/08/2024,09:38:34,24795,24794.95,25,24795,150,75,1567500
NIFTY-II.NFO,20/08/2024,09:38:36,24794.75,24793,75,24794.85,25,100,1567500
NIFTY-II.NFO,20/08/2024,09:38:38,24795.2,24795.6,25,24796,150,350,1567500
NIFTY-II.NFO,20/08/2024,09:38:38,24795.2,24795.6,25,24796,150,0,1567500
NIFTY-II.NFO,20/08/2024,09:38:39,24794.95,24793.7,250,24794.95,25,25,1567500
NIFTY-II.NFO,20/08/2024,09:38:41,24794.95,24793.55,425,24796,150,125,1567500
NIFTY-II.NFO,20/08/2024,09:38:43,24796,24793.6,50,24796,50,125,1567500
NIFTY-II.NFO,20/08/2024,09:38:43,24796,24793.6,50,24796,50,0,1567500
NIFTY-II.NFO,20/08/2024,09:38:44,24796,24794.95,50,24797,75,50,1567500
NIFTY-II.NFO,20/08/2024,09:38:46,24796,24794.95,50,24797,75,0,1567500
NIFTY-II.NFO,20/08/2024,09:38:48,24796,24794.95,50,24797,100,0,1567500
NIFTY-II.NFO,20/08/2024,09:38:49,24796,24796.15,150,24797,100,0,1567500
NIFTY-II.NFO,20/08/2024,09:38:51,24797,24796.15,150,24797,75,25,1567500
NIFTY-II.NFO,20/08/2024,09:38:51,24797,24796.15,150,24797,75,0,1567500
NIFTY-II.NFO,20/08/2024,09:38:53,24795.5,24795.65,25,24796,150,225,1567500
NIFTY-II.NFO,20/08/2024,09:38:54,24795.65,24795,25,24796,400,25,1567500
NIFTY-II.NFO,20/08/2024,09:38:56,24795.65,24795.75,25,24796,400,0,1567500
NIFTY-II.NFO,20/08/2024,09:38:58,24796,24795.8,25,24796,275,300,1567500
NIFTY-II.NFO,20/08/2024,09:39:00,24796,24795.6,25,24796,250,125,1567500
NIFTY-II.NFO,20/08/2024,09:39:01,24796,24795.95,25,24796,150,100,1567500
NIFTY-II.NFO,20/08/2024,09:39:03,24796,24796.55,25,24797,75,225,1567500
NIFTY-II.NFO,20/08/2024,09:39:05,24797,24795.65,50,24797,25,75,1567500
NIFTY-II.NFO,20/08/2024,09:39:06,24797,24795.65,50,24797,75,0,1567500
NIFTY-II.NFO,20/08/2024,09:39:08,24795,24795,525,24797,50,125,1567500
NIFTY-II.NFO,20/08/2024,09:39:10,24796.55,24796.6,25,24797,50,250,1567500
NIFTY-II.NFO,20/08/2024,09:39:11,24796.6,24795.15,25,24797,75,25,1567500
NIFTY-II.NFO,20/08/2024,09:39:13,24796.6,24795.15,25,24797,75,25,1567500
NIFTY-II.NFO,20/08/2024,09:39:15,24795.2,24795.15,25,24797,75,25,1567500
NIFTY-II.NFO,20/08/2024,09:39:16,24795.2,24795.15,25,24797,75,0,1567500
NIFTY-II.NFO,20/08/2024,09:39:18,24795.2,24795.2,25,24796.95,100,0,1567500
NIFTY-II.NFO,20/08/2024,09:39:20,24795.2,24795.15,25,24796.5,100,25,1567500
NIFTY-II.NFO,20/08/2024,09:39:21,24793.05,24793.05,25,24795.45,100,300,1567500
NIFTY-II.NFO,20/08/2024,09:39:23,24793.05,24793.15,350,24795.95,175,0,1567500
NIFTY-II.NFO,20/08/2024,09:39:25,24793.15,24793.15,350,24795.95,100,25,1567500
NIFTY-II.NFO,20/08/2024,09:39:26,24793.15,24793.15,350,24795.8,225,0,1567500
NIFTY-II.NFO,20/08/2024,09:39:28,24793.15,24793,1600,24794.6,175,0,1567500
NIFTY-II.NFO,20/08/2024,09:39:29,24793,24793,1575,24795,25,25,1567500
NIFTY-II.NFO,20/08/2024,09:39:31,24793,24793.15,50,24795,75,0,1567500
NIFTY-II.NFO,20/08/2024,09:39:34,24793.15,24793,1575,24795,75,50,1567500
NIFTY-II.NFO,20/08/2024,09:39:36,24793,24793,1500,24795,150,75,1567500
NIFTY-II.NFO,20/08/2024,09:39:38,24793,24793,1500,24795,150,0,1567500
NIFTY-II.NFO,20/08/2024,09:39:39,24793,24793,1500,24793.15,900,0,1567500
NIFTY-II.NFO,20/08/2024,09:39:43,24793.15,24793,1475,24793.15,850,100,1567500
NIFTY-II.NFO,20/08/2024,09:39:44,24793.15,24793.05,25,24793.15,100,800,1567500
NIFTY-II.NFO,20/08/2024,09:39:46,24793.15,24794.05,25,24795,150,100,1567500
NIFTY-II.NFO,20/08/2024,09:39:48,24794.05,24794.6,25,24795,200,25,1567500
NIFTY-II.NFO,20/08/2024,09:39:49,24795.2,24795.6,25,24796,200,275,1567500
NIFTY-II.NFO,20/08/2024,09:39:51,24796.55,24796.6,25,24797,50,325,1567500
NIFTY-II.NFO,20/08/2024,09:39:53,24796.55,24796.6,25,24797,50,0,1568650
NIFTY-II.NFO,20/08/2024,09:39:56,24796.6,24795.05,75,24796.6,25,25,1568650
NIFTY-II.NFO,20/08/2024,09:39:58,24796.6,24795,100,24796.6,175,0,1568650
NIFTY-II.NFO,20/08/2024,09:39:59,24796.6,24796.55,25,24796.6,250,25,1568650
NIFTY-II.NFO,20/08/2024,09:40:01,24796.6,24796.1,25,24796.6,225,125,1568650
NIFTY-II.NFO,20/08/2024,09:40:03,24796.6,24796.5,50,24796.6,200,25,1568650
NIFTY-II.NFO,20/08/2024,09:40:04,24796.6,24795,100,24796.6,75,125,1568650
NIFTY-II.NFO,20/08/2024,09:40:06,24796.6,24795,100,24796.6,75,0,1568650
NIFTY-II.NFO,20/08/2024,09:40:08,24796.6,24796.3,25,24797,50,75,1568650
NIFTY-II.NFO,20/08/2024,09:40:09,24796.6,24795,100,24796.55,500,0,1568650
NIFTY-II.NFO,20/08/2024,09:40:11,24796.6,24795,100,24796,25,0,1568650
NIFTY-II.NFO,20/08/2024,09:40:13,24796,24796.15,50,24796.55,500,25,1568650
NIFTY-II.NFO,20/08/2024,09:40:14,24795.05,24796.2,25,24796.55,450,75,1568650
NIFTY-II.NFO,20/08/2024,09:40:16,24797.3,24797.5,75,24798,50,650,1568650
NIFTY-II.NFO,20/08/2024,09:40:16,24797.3,24797.5,75,24798,50,0,1568650
NIFTY-II.NFO,20/08/2024,09:40:18,24799,24799.6,50,24799.65,25,950,1568650
NIFTY-II.NFO,20/08/2024,09:40:18,24799,24799.6,50,24799.65,25,0,1568650
NIFTY-II.NFO,20/08/2024,09:40:19,24800,24799.65,250,24800,2650,750,1568650
NIFTY-II.NFO,20/08/2024,09:40:19,24800,24799.65,250,24800,2650,0,1568650
NIFTY-II.NFO,20/08/2024,09:40:21,24799.65,24799.5,250,24799.65,25,2375,1568650
NIFTY-II.NFO,20/08/2024,09:40:23,24801,24802.6,25,24803,125,525,1568650
NIFTY-II.NFO,20/08/2024,09:40:23,24801,24802.6,25,24803,125,0,1568650
NIFTY-II.NFO,20/08/2024,09:40:24,24800.75,24800.75,350,24803,25,275,1568650
NIFTY-II.NFO,20/08/2024,09:40:24,24803,24800.75,350,24803,25,0,1568650
NIFTY-II.NFO,20/08/2024,09:40:26,24800.75,24800.75,425,24803,25,25,1568650
NIFTY-II.NFO,20/08/2024,09:40:28,24800.75,24800.75,350,24803,25,0,1568650
NIFTY-II.NFO,20/08/2024,09:40:29,24800.75,24800.05,350,24803,25,25,1568650
NIFTY-II.NFO,20/08/2024,09:40:31,24800.4,24800.1,25,24802,100,50,1568650
NIFTY-II.NFO,20/08/2024,09:40:33,24800,24799.9,50,24802,100,50,1568650
NIFTY-II.NFO,20/08/2024,09:40:34,24802,24801.95,25,24802,50,50,1568650
NIFTY-II.NFO,20/08/2024,09:40:36,24804,24803.05,25,24804,25,175,1568650
NIFTY-II.NFO,20/08/2024,09:40:36,24804,24803.05,25,24804,25,0,1568650
NIFTY-II.NFO,20/08/2024,09:40:38,24801.9,24801.9,350,24804.2,25,100,1568650
NIFTY-II.NFO,20/08/2024,09:40:39,24803.75,24802.5,75,24805,50,75,1568650
NIFTY-II.NFO,20/08/2024,09:40:39,24804.2,24802.5,75,24805,50,0,1568650
NIFTY-II.NFO,20/08/2024,09:40:41,24802.5,24802.55,350,24805,50,25,1568650
NIFTY-II.NFO,20/08/2024,09:40:43,24806.95,24804.2,75,24807,100,175,1568650
NIFTY-II.NFO,20/08/2024,09:40:43,24806.95,24804.2,75,24807,100,0,1568650
NIFTY-II.NFO,20/08/2024,09:40:44,24806.95,24803,75,24805.55,25,0,1568650
NIFTY-II.NFO,20/08/2024,09:40:46,24805.55,24804,350,24806.95,100,25,1568650
NIFTY-II.NFO,20/08/2024,09:40:48,24805.55,24804,350,24807,100,0,1568650
NIFTY-II.NFO,20/08/2024,09:40:49,24805.55,24804.5,25,24806.95,25,0,1568650
NIFTY-II.NFO,20/08/2024,09:40:51,24807,24805.5,350,24808,25,325,1568650
NIFTY-II.NFO,20/08/2024,09:40:51,24807,24805.5,350,24808,25,0,1568650
NIFTY-II.NFO,20/08/2024,09:40:53,24805.55,24806.2,350,24808.85,25,50,1568650
NIFTY-II.NFO,20/08/2024,09:40:53,24808,24806.2,350,24808.85,25,0,1568650
NIFTY-II.NFO,20/08/2024,09:40:54,24809.85,24807,350,24809.55,100,200,1568650
NIFTY-II.NFO,20/08/2024,09:40:54,24809.85,24807,350,24809.55,100,0,1568650
NIFTY-II.NFO,20/08/2024,09:40:56,24809.85,24806.95,125,24807.95,25,0,1568650
NIFTY-II.NFO,20/08/2024,09:40:58,24809.85,24806.95,125,24807.25,25,0,1568650
NIFTY-II.NFO,20/08/2024,09:40:59,24809.85,24807.4,350,24809.9,25,75,1568650
NIFTY-II.NFO,20/08/2024,09:40:59,24809.9,24807.4,350,24809.9,25,0,1568650
NIFTY-II.NFO,20/08/2024,09:41:01,24809.85,24809.85,25,24809.9,25,0,1568650
NIFTY-II.NFO,20/08/2024,09:41:03,24810,24809.9,125,24811,225,775,1568650
NIFTY-II.NFO,20/08/2024,09:41:03,24810,24809.9,125,24811,225,0,1568650
NIFTY-II.NFO,20/08/2024,09:41:04,24810.05,24810.05,75,24811,150,100,1568650
NIFTY-II.NFO,20/08/2024,09:41:04,24811,24810.05,75,24811,150,0,1568650
NIFTY-II.NFO,20/08/2024,09:41:06,24810,24809.9,125,24810,50,150,1568650
NIFTY-II.NFO,20/08/2024,09:41:08,24807,24807,75,24809.55,25,200,1568650
NIFTY-II.NFO,20/08/2024,09:41:09,24809.95,24807,50,24809.95,75,100,1568650
NIFTY-II.NFO,20/08/2024,09:41:11,24809.95,24807,50,24810,100,0,1568650
NIFTY-II.NFO,20/08/2024,09:41:13,24807,24807,50,24810,125,50,1568650
NIFTY-II.NFO,20/08/2024,09:41:15,24807,24807,25,24809.6,150,25,1568650
NIFTY-II.NFO,20/08/2024,09:41:16,24807,24807,50,24809.8,150,0,1568650
NIFTY-II.NFO,20/08/2024,09:41:18,24807,24807,25,24809.7,50,250,1568650
NIFTY-II.NFO,20/08/2024,09:41:20,24807,24806.15,350,24809.9,100,50,1568650
NIFTY-II.NFO,20/08/2024,09:41:21,24806.35,24806.35,350,24809.9,100,150,1568650
NIFTY-II.NFO,20/08/2024,09:41:23,24807,24807,200,24810,275,75,1568650
NIFTY-II.NFO,20/08/2024,09:41:24,24807.05,24807,550,24810,250,50,1568650
NIFTY-II.NFO,20/08/2024,09:41:26,24807,24807,150,24809.6,50,50,1568650
NIFTY-II.NFO,20/08/2024,09:41:28,24807,24807,125,24809.5,50,25,1568650
NIFTY-II.NFO,20/08/2024,09:41:29,24807,24807,75,24809.7,50,50,1568650
NIFTY-II.NFO,20/08/2024,09:41:31,24807,24807,75,24809.9,25,0,1568650
NIFTY-II.NFO,20/08/2024,09:41:33,24807.05,24807,50,24810,275,75,1568650
NIFTY-II.NFO,20/08/2024,09:41:34,24807.05,24807,50,24810,275,0,1568650
NIFTY-II.NFO,20/08/2024,09:41:36,24807.05,24807.05,275,24810,325,0,1568650
NIFTY-II.NFO,20/08/2024,09:41:38,24807.3,24807.6,100,24810,275,100,1568650
NIFTY-II.NFO,20/08/2024,09:41:39,24807.7,24807.55,100,24807.9,25,25,1568650
NIFTY-II.NFO,20/08/2024,09:41:41,24810,24807.1,350,24810,300,100,1568650
NIFTY-II.NFO,20/08/2024,09:41:43,24810,24807.1,350,24810,325,25,1568650
NIFTY-II.NFO,20/08/2024,09:41:44,24810,24807.1,350,24810,325,0,1568650
NIFTY-II.NFO,20/08/2024,09:41:46,24807.7,24807.4,25,24810,325,200,1568650
NIFTY-II.NFO,20/08/2024,09:41:48,24807.7,24809.9,25,24810,575,0,1568650
NIFTY-II.NFO,20/08/2024,09:41:49,24810,24809.9,25,24810,525,75,1568650
NIFTY-II.NFO,20/08/2024,09:41:51,24810,24809.9,25,24810,350,175,1568650
NIFTY-II.NFO,20/08/2024,09:41:53,24809.9,24807.7,25,24810,300,75,1568650
NIFTY-II.NFO,20/08/2024,09:41:54,24810,24807.7,25,24810,275,25,1568650
NIFTY-II.NFO,20/08/2024,09:41:56,24810,24807.7,25,24810,625,25,1568650
NIFTY-II.NFO,20/08/2024,09:41:58,24807.7,24807.1,75,24810,625,50,1568650
NIFTY-II.NFO,20/08/2024,09:41:59,24810,24807,450,24810,600,50,1568650
NIFTY-II.NFO,20/08/2024,09:42:01,24807,24807,75,24810,550,75,1568650
NIFTY-II.NFO,20/08/2024,09:42:03,24807,24807.1,350,24809.95,100,0,1568650
NIFTY-II.NFO,20/08/2024,09:42:04,24807,24807,50,24808.9,175,25,1568650
NIFTY-II.NFO,20/08/2024,09:42:06,24807,24807,50,24810,575,0,1568650
NIFTY-II.NFO,20/08/2024,09:42:08,24807,24806.65,25,24807,50,50,1568650
NIFTY-II.NFO,20/08/2024,09:42:09,24807,24807.4,225,24810,600,50,1568650
NIFTY-II.NFO,20/08/2024,09:42:11,24810,24809.75,25,24810,500,150,1568650
NIFTY-II.NFO,20/08/2024,09:42:13,24810,24806.4,75,24810,475,0,1568650
NIFTY-II.NFO,20/08/2024,09:42:14,24807.7,24807.7,25,24810,475,25,1568650
NIFTY-II.NFO,20/08/2024,09:42:16,24807.7,24807.7,25,24810,475,0,1568650
NIFTY-II.NFO,20/08/2024,09:42:18,24807.4,24807.05,25,24807.4,75,225,1568650
NIFTY-II.NFO,20/08/2024,09:42:19,24809.9,24806,750,24809.95,50,200,1568650
NIFTY-II.NFO,20/08/2024,09:42:21,24807.7,24808.55,25,24810,475,25,1568650
NIFTY-II.NFO,20/08/2024,09:42:23,24807.7,24807,350,24809.9,25,0,1568650
NIFTY-II.NFO,20/08/2024,09:42:24,24807,24809.7,25,24809.9,25,25,1568650
NIFTY-II.NFO,20/08/2024,09:42:26,24809.9,24809.9,25,24810,525,25,1568650
NIFTY-II.NFO,20/08/2024,09:42:28,24809.9,24809.65,25,24810,350,0,1568650
NIFTY-II.NFO,20/08/2024,09:42:29,24810,24809.9,25,24810,250,100,1568650
NIFTY-II.NFO,20/08/2024,09:42:31,24807.65,24806.2,350,24810,250,75,1568650
NIFTY-II.NFO,20/08/2024,09:42:33,24810,24806.95,75,24809.95,25,150,1568650
NIFTY-II.NFO,20/08/2024,09:42:34,24810,24807.25,75,24810,300,0,1568650
NIFTY-II.NFO,20/08/2024,09:42:36,24807.25,24807.3,25,24810,300,50,1568650
NIFTY-II.NFO,20/08/2024,09:42:38,24807.25,24807.15,75,24810,325,0,1568650
NIFTY-II.NFO,20/08/2024,09:42:39,24807.05,24807,375,24810,350,75,1568650
NIFTY-II.NFO,20/08/2024,09:42:41,24810,24807.25,25,24810,350,25,1568650
NIFTY-II.NFO,20/08/2024,09:42:43,24810,24807.25,25,24810,350,0,1568650
NIFTY-II.NFO,20/08/2024,09:42:44,24808.65,24807.7,25,24810,325,50,1568650
NIFTY-II.NFO,20/08/2024,09:42:46,24810,24807.7,25,24809.95,50,25,1568650
NIFTY-II.NFO,20/08/2024,09:42:48,24810,24807.7,25,24809.5,50,0,1568650
NIFTY-II.NFO,20/08/2024,09:42:49,24810,24807.7,25,24809.7,50,0,1568650
NIFTY-II.NFO,20/08/2024,09:42:51,24810,24807.7,25,24809.9,125,0,1568650
NIFTY-II.NFO,20/08/2024,09:42:53,24806,24808,25,24808.95,125,125,1572675
NIFTY-II.NFO,20/08/2024,09:42:54,24806.05,24806,700,24808.45,125,50,1572675
NIFTY-II.NFO,20/08/2024,09:42:56,24806.05,24806,700,24807.15,50,0,1572675
NIFTY-II.NFO,20/08/2024,09:42:58,24805,24803.85,25,24805,300,750,1572675
NIFTY-II.NFO,20/08/2024,09:42:59,24805,24803,50,24805,300,0,1572675
NIFTY-II.NFO,20/08/2024,09:43:01,24805,24804.65,25,24805,175,125,1572675
NIFTY-II.NFO,20/08/2024,09:43:03,24803.25,24803.3,100,24806,25,225,1572675
NIFTY-II.NFO,20/08/2024,09:43:04,24805.85,24804.6,100,24809,25,75,1572675
NIFTY-II.NFO,20/08/2024,09:43:06,24806.05,24808.55,25,24809,25,150,1572675
NIFTY-II.NFO,20/08/2024,09:43:08,24810,24809.9,25,24810,425,325,1572675
NIFTY-II.NFO,20/08/2024,09:43:09,24810,24809,25,24810,200,250,1572675
NIFTY-II.NFO,20/08/2024,09:43:11,24809.75,24809.9,25,24810,175,50,1572675
NIFTY-II.NFO,20/08/2024,09:43:13,24811,24810.85,25,24811,25,300,1572675
NIFTY-II.NFO,20/08/2024,09:43:14,24811.55,24809.15,75,24812,50,75,1572675
NIFTY-II.NFO,20/08/2024,09:43:14,24811.65,24809.15,75,24812,50,0,1572675
NIFTY-II.NFO,20/08/2024,09:43:16,24812,24811.85,25,24812.4,25,75,1572675
NIFTY-II.NFO,20/08/2024,09:43:16,24812,24811.85,25,24812.4,25,0,1572675
NIFTY-II.NFO,20/08/2024,09:43:18,24814,24813.5,25,24814,25,150,1572675
NIFTY-II.NFO,20/08/2024,09:43:18,24814,24813.5,25,24814,25,0,1572675
NIFTY-II.NFO,20/08/2024,09:43:19,24814,24813.85,50,24815,775,175,1572675
NIFTY-II.NFO,20/08/2024,09:43:21,24814,24812.4,425,24815,775,0,1572675
NIFTY-II.NFO,20/08/2024,09:43:23,24811.95,24811.95,350,24815,775,25,1572675
NIFTY-II.NFO,20/08/2024,09:43:24,24814,24812.3,75,24814,25,25,1572675
NIFTY-II.NFO,20/08/2024,09:43:26,24811,24813.85,25,24814,25,100,1572675
NIFTY-II.NFO,20/08/2024,09:43:28,24814,24812.05,350,24815,775,25,1572675
NIFTY-II.NFO,20/08/2024,09:43:29,24815,24812.2,350,24815,700,75,1572675
NIFTY-II.NFO,20/08/2024,09:43:29,24815,24812.2,350,24815,700,0,1572675
NIFTY-II.NFO,20/08/2024,09:43:31,24812.2,24812.35,350,24815,700,125,1572675
NIFTY-II.NFO,20/08/2024,09:43:33,24812.35,24812.35,400,24815,700,25,1572675
NIFTY-II.NFO,20/08/2024,09:43:34,24812.35,24812.35,350,24815,725,125,1572675
NIFTY-II.NFO,20/08/2024,09:43:36,24815,24812.65,250,24815,725,25,1572675
NIFTY-II.NFO,20/08/2024,09:43:38,24813,24812.4,350,24815,750,25,1572675
NIFTY-II.NFO,20/08/2024,09:43:39,24812.4,24814,25,24815,750,100,1572675
NIFTY-II.NFO,20/08/2024,09:43:41,24814.95,24814,25,24815,725,50,1572675
NIFTY-II.NFO,20/08/2024,09:43:44,24815,24812.4,600,24815,725,175,1572675
NIFTY-II.NFO,20/08/2024,09:43:46,24815,24812.55,350,24815,750,0,1572675
NIFTY-II.NFO,20/08/2024,09:43:48,24815,24813.05,250,24815,750,25,1572675
NIFTY-II.NFO,20/08/2024,09:43:49,24815,24813.05,500,24815,725,50,1572675
NIFTY-II.NFO,20/08/2024,09:43:51,24815,24814.5,25,24815,650,75,1572675
NIFTY-II.NFO,20/08/2024,09:43:53,24815.9,24816.7,25,24817,25,900,1572675
NIFTY-II.NFO,20/08/2024,09:43:53,24816.15,24816.7,25,24817,25,0,1572675
NIFTY-II.NFO,20/08/2024,09:43:54,24817.65,24816.95,150,24819,350,50,1572675
NIFTY-II.NFO,20/08/2024,09:43:54,24817.65,24816.95,150,24819,350,0,1572675
NIFTY-II.NFO,20/08/2024,09:43:56,24817.65,24816.4,75,24819,350,0,1572675
NIFTY-II.NFO,20/08/2024,09:43:58,24817.65,24816.35,350,24819,350,0,1572675
NIFTY-II.NFO,20/08/2024,09:43:59,24819,24819,75,24819.8,50,450,1572675
NIFTY-II.NFO,20/08/2024,09:43:59,24819,24819,75,24819.8,50,0,1572675
NIFTY-II.NFO,20/08/2024,09:44:01,24816.6,24819,125,24819.8,25,175,1572675
NIFTY-II.NFO,20/08/2024,09:44:01,24819.8,24819,125,24819.8,25,0,1572675
NIFTY-II.NFO,20/08/2024,09:44:03,24819,24819,50,24819.8,25,75,1572675
NIFTY-II.NFO,20/08/2024,09:44:04,24819,24819,225,24819.8,25,125,1572675
NIFTY-II.NFO,20/08/2024,09:44:06,24819,24819,225,24819.8,25,0,1572675
NIFTY-II.NFO,20/08/2024,09:44:08,24819,24819,125,24819.8,25,100,1572675
NIFTY-II.NFO,20/08/2024,09:44:09,24816.6,24816,25,24818.95,25,225,1572675
NIFTY-II.NFO,20/08/2024,09:44:11,24816,24815.45,25,24818,150,100,1572675
NIFTY-II.NFO,20/08/2024,09:44:13,24816,24815.45,25,24818,150,0,1572675
NIFTY-II.NFO,20/08/2024,09:44:14,24816.9,24813.6,350,24817.25,50,150,1572675
NIFTY-II.NFO,20/08/2024,09:44:16,24817.8,24812.1,350,24816.75,100,25,1572675
NIFTY-II.NFO,20/08/2024,09:44:18,24815.05,24811,25,24815.05,25,850,1572675
NIFTY-II.NFO,20/08/2024,09:44:19,24815.05,24811,25,24815,50,0,1572675
NIFTY-II.NFO,20/08/2024,09:44:21,24811,24811,25,24814.55,100,325,1572675
NIFTY-II.NFO,20/08/2024,09:44:23,24810,24810,3700,24815,125,450,1572675
NIFTY-II.NFO,20/08/2024,09:44:24,24810,24811.25,250,24815,50,0,1572675
NIFTY-II.NFO,20/08/2024,09:44:27,24811.55,24811.4,250,24815,100,75,1572675
NIFTY-II.NFO,20/08/2024,09:44:29,24811.55,24811.55,150,24815,100,100,1572675
NIFTY-II.NFO,20/08/2024,09:44:31,24811.55,24810.6,250,24814.85,125,100,1572675
NIFTY-II.NFO,20/08/2024,09:44:32,24810.1,24810,3475,24811.55,25,125,1572675
NIFTY-II.NFO,20/08/2024,09:44:34,24811.05,24811.2,25,24811.55,25,50,1572675
NIFTY-II.NFO,20/08/2024,09:44:36,24810,24810,3450,24813.9,50,75,1572675
NIFTY-II.NFO,20/08/2024,09:44:37,24810,24810,3425,24813.9,50,25,1572675
NIFTY-II.NFO,20/08/2024,09:44:39,24810,24810,3375,24813.4,25,25,1572675
NIFTY-II.NFO,20/08/2024,09:44:41,24810,24810,2100,24812.55,25,1325,1572675
NIFTY-II.NFO,20/08/2024,09:44:42,24810,24810,2100,24812.55,25,0,1572675
NIFTY-II.NFO,20/08/2024,09:44:44,24810.1,24810.6,275,24814.6,25,100,1572675
NIFTY-II.NFO,20/08/2024,09:44:46,24810.1,24812,200,24814.6,25,0,1572675
NIFTY-II.NFO,20/08/2024,09:44:47,24814.6,24811.7,175,24812,25,275,1572675
NIFTY-II.NFO,20/08/2024,09:44:49,24814.3,24811.95,100,24814.75,25,50,1572675
NIFTY-II.NFO,20/08/2024,09:44:51,24814.75,24810.45,25,24812.25,100,175,1572675
NIFTY-II.NFO,20/08/2024,09:44:52,24814.85,24810.2,25,24814.85,100,125,1572675
NIFTY-II.NFO,20/08/2024,09:44:54,24814.85,24810.2,25,24814.85,125,0,1572675
NIFTY-II.NFO,20/08/2024,09:44:56,24814.8,24810.55,25,24814.75,100,150,1572675
NIFTY-II.NFO,20/08/2024,09:44:57,24814.8,24810.05,25,24814.6,50,0,1572675
NIFTY-II.NFO,20/08/2024,09:44:59,24814.8,24810.4,100,24814.95,150,0,1572675
NIFTY-II.NFO,20/08/2024,09:45:01,24811.1,24812.15,225,24814.95,150,275,1572675
NIFTY-II.NFO,20/08/2024,09:45:02,24814.95,24811.6,350,24814.95,75,75,1572675
NIFTY-II.NFO,20/08/2024,09:45:04,24814,24814.85,50,24814.95,75,150,1572675
NIFTY-II.NFO,20/08/2024,09:45:06,24814.95,24813.75,25,24814,900,25,1572675
NIFTY-II.NFO,20/08/2024,09:45:07,24814.95,24811.3,100,24814,900,0,1572675
NIFTY-II.NFO,20/08/2024,09:45:09,24814,24811,25,24814,850,225,1572675
NIFTY-II.NFO,20/08/2024,09:45:11,24814,24811,25,24814,700,150,1572675
NIFTY-II.NFO,20/08/2024,09:45:12,24811,24812.5,25,24814,700,75,1572675
NIFTY-II.NFO,20/08/2024,09:45:14,24811,24810.5,25,24813.95,175,0,1572675
NIFTY-II.NFO,20/08/2024,09:45:16,24810.05,24810,2000,24813.2,100,125,1572675
NIFTY-II.NFO,20/08/2024,09:45:17,24810,24810,1850,24811.05,175,150,1572675
NIFTY-II.NFO,20/08/2024,09:45:19,24810,24810,1775,24811.4,175,100,1572675
NIFTY-II.NFO,20/08/2024,09:45:21,24804.35,24803.55,25,24806.05,125,2600,1572675
NIFTY-II.NFO,20/08/2024,09:45:22,24804.35,24804.05,50,24808,125,0,1572675
NIFTY-II.NFO,20/08/2024,09:45:24,24803.55,24803.6,25,24807.5,125,25,1572675
NIFTY-II.NFO,20/08/2024,09:45:26,24803.55,24804.1,50,24808.5,25,0,1572675
NIFTY-II.NFO,20/08/2024,09:45:27,24808.45,24808.1,25,24808.5,25,25,1572675
NIFTY-II.NFO,20/08/2024,09:45:29,24808.5,24805.15,125,24809.9,50,75,1572675
NIFTY-II.NFO,20/08/2024,09:45:31,24808.5,24808.45,25,24809.9,50,0,1572675
NIFTY-II.NFO,20/08/2024,09:45:32,24808.5,24808.45,25,24809.95,100,0,1572675
NIFTY-II.NFO,20/08/2024,09:45:34,24805.2,24805.35,25,24809.95,75,75,1572675
NIFTY-II.NFO,20/08/2024,09:45:36,24805.4,24803.75,100,24807.95,150,75,1572675
NIFTY-II.NFO,20/08/2024,09:45:38,24806.1,24803,50,24806.05,175,100,1572675
NIFTY-II.NFO,20/08/2024,09:45:39,24806.1,24803,50,24805.4,25,0,1572675
NIFTY-II.NFO,20/08/2024,09:45:41,24804.95,24803,50,24805.4,25,50,1572675
NIFTY-II.NFO,20/08/2024,09:45:43,24805.4,24803.35,100,24808,75,25,1572675
NIFTY-II.NFO,20/08/2024,09:45:44,24806.1,24807,25,24808,75,100,1572675
NIFTY-II.NFO,20/08/2024,09:45:46,24806.1,24807.8,25,24808,75,0,1572675
NIFTY-II.NFO,20/08/2024,09:45:48,24808,24804.85,125,24808.5,25,75,1572675
NIFTY-II.NFO,20/08/2024,09:45:49,24804.95,24804.95,25,24808.5,50,50,1572675
NIFTY-II.NFO,20/08/2024,09:45:51,24805.35,24805.35,75,24808.5,50,25,1572675
NIFTY-II.NFO,20/08/2024,09:45:53,24805.1,24807.75,25,24808,25,125,1571300
NIFTY-II.NFO,20/08/2024,09:45:54,24805.55,24804.95,25,24809.95,100,125,1571300
NIFTY-II.NFO,20/08/2024,09:45:56,24806,24807.05,25,24809.7,100,100,1571300
NIFTY-II.NFO,20/08/2024,09:45:58,24806.45,24806.55,50,24810,100,375,1571300
NIFTY-II.NFO,20/08/2024,09:45:59,24806.45,24808.7,25,24809,25,725,1571300
NIFTY-II.NFO,20/08/2024,09:46:01,24807.05,24807.05,50,24809.95,25,75,1571300
NIFTY-II.NFO,20/08/2024,09:46:03,24809.95,24807.35,50,24810,125,25,1571300
NIFTY-II.NFO,20/08/2024,09:46:04,24810,24810.6,25,24811,50,150,1571300
NIFTY-II.NFO,20/08/2024,09:46:06,24810,24812.15,25,24813,50,125,1571300
NIFTY-II.NFO,20/08/2024,09:46:08,24810,24810.15,50,24813,25,125,1571300
NIFTY-II.NFO,20/08/2024,09:46:09,24813,24809.25,125,24813.95,100,75,1571300
NIFTY-II.NFO,20/08/2024,09:46:11,24813,24809,25,24811.35,100,0,1571300
NIFTY-II.NFO,20/08/2024,09:46:13,24806.85,24807.05,250,24811.4,50,50,1571300
NIFTY-II.NFO,20/08/2024,09:46:14,24807.3,24807.25,250,24812.55,175,50,1571300
NIFTY-II.NFO,20/08/2024,09:46:16,24813.6,24808.7,50,24813.65,100,75,1571300
NIFTY-II.NFO,20/08/2024,09:46:18,24813.6,24808.2,50,24811.95,25,0,1571300
NIFTY-II.NFO,20/08/2024,09:46:19,24813.6,24809.45,50,24813.95,100,0,1571300
NIFTY-II.NFO,20/08/2024,09:46:21,24810.45,24809.7,50,24813.25,25,125,1571300
NIFTY-II.NFO,20/08/2024,09:46:23,24813.25,24813,100,24814,175,125,1571300
NIFTY-II.NFO,20/08/2024,09:46:24,24810.05,24810.4,50,24813,50,100,1571300
NIFTY-II.NFO,20/08/2024,09:46:26,24814,24811.5,25,24814,150,75,1571300
NIFTY-II.NFO,20/08/2024,09:46:27,24811.5,24811.5,25,24813.95,100,25,1571300
NIFTY-II.NFO,20/08/2024,09:46:29,24811.5,24810.45,50,24813.95,100,0,1571300
NIFTY-II.NFO,20/08/2024,09:46:31,24811.5,24811,25,24814,175,0,1571300
NIFTY-II.NFO,20/08/2024,09:46:32,24811.5,24810.5,350,24814,175,0,1571300
NIFTY-II.NFO,20/08/2024,09:46:34,24810.5,24810.45,50,24814,175,1025,1571300
NIFTY-II.NFO,20/08/2024,09:46:36,24813.5,24810.45,50,24813.8,50,100,1571300
NIFTY-II.NFO,20/08/2024,09:46:37,24810.85,24813.8,25,24814,200,25,1571300
NIFTY-II.NFO,20/08/2024,09:46:39,24814.5,24814.2,25,24814.5,50,350,1571300
NIFTY-II.NFO,20/08/2024,09:46:41,24814.5,24814.7,25,24814.95,75,1050,1571300
NIFTY-II.NFO,20/08/2024,09:46:42,24814.5,24814.9,25,24814.95,50,0,1571300
NIFTY-II.NFO,20/08/2024,09:46:44,24816,24814.4,50,24818,25,225,1571300
NIFTY-II.NFO,20/08/2024,09:46:46,24816,24814.5,25,24818,25,0,1571300
NIFTY-II.NFO,20/08/2024,09:46:47,24818,24814.75,25,24818.85,25,50,1571300
NIFTY-II.NFO,20/08/2024,09:46:49,24818.35,24818.45,25,24818.85,25,25,1571300
NIFTY-II.NFO,20/08/2024,09:46:51,24816.5,24816.1,500,24819.5,50,225,1571300
NIFTY-II.NFO,20/08/2024,09:46:52,24820,24816.7,50,24820,650,325,1571300
NIFTY-II.NFO,20/08/2024,09:46:52,24820,24816.7,50,24820,650,0,1571300
NIFTY-II.NFO,20/08/2024,09:46:54,24820,24817.35,250,24820,550,100,1571300
NIFTY-II.NFO,20/08/2024,09:46:56,24820,24819.5,50,24820,525,25,1571300
NIFTY-II.NFO,20/08/2024,09:46:57,24819.95,24819.9,25,24819.95,75,25,1571300
NIFTY-II.NFO,20/08/2024,09:46:59,24820,24817.95,500,24820,250,350,1571300
NIFTY-II.NFO,20/08/2024,09:47:01,24820,24819.9,25,24820,125,150,1571300
NIFTY-II.NFO,20/08/2024,09:47:02,24820,24816,50,24820.95,100,150,1571300
NIFTY-II.NFO,20/08/2024,09:47:04,24815.75,24815.7,25,24820.4,100,25,1571300
NIFTY-II.NFO,20/08/2024,09:47:06,24813.65,24813.2,50,24818.75,175,175,1571300
NIFTY-II.NFO,20/08/2024,09:47:07,24821.65,24816.3,125,24821.95,150,1000,1571300
NIFTY-II.NFO,20/08/2024,09:47:07,24821.65,24816.3,125,24821.95,150,0,1571300
NIFTY-II.NFO,20/08/2024,09:47:09,24821.75,24816.8,25,24821.75,75,75,1571300
NIFTY-II.NFO,20/08/2024,09:47:09,24821.75,24816.8,25,24821.75,75,0,1571300
NIFTY-II.NFO,20/08/2024,09:47:11,24821.9,24819.85,25,24820,50,25,1571300
NIFTY-II.NFO,20/08/2024,09:47:11,24821.9,24819.85,25,24820,50,0,1571300
NIFTY-II.NFO,20/08/2024,09:47:12,24820,24820.1,25,24822,125,50,1571300
NIFTY-II.NFO,20/08/2024,09:47:14,24822,24822.85,25,24823,50,150,1571300
NIFTY-II.NFO,20/08/2024,09:47:14,24822,24822.85,25,24823,50,0,1571300
NIFTY-II.NFO,20/08/2024,09:47:16,24824,24821.7,75,24824,25,600,1571300
NIFTY-II.NFO,20/08/2024,09:47:16,24824,24821.7,75,24824,25,0,1571300
NIFTY-II.NFO,20/08/2024,09:47:17,24823,24823,50,24824.9,25,50,1571300
NIFTY-II.NFO,20/08/2024,09:47:19,24825,24824.85,25,24825,1250,100,1571300
NIFTY-II.NFO,20/08/2024,09:47:19,24825,24824.85,25,24825,1250,0,1571300
NIFTY-II.NFO,20/08/2024,09:47:21,24823.85,24823.85,50,24824.9,25,225,1571300
NIFTY-II.NFO,20/08/2024,09:47:22,24825,24824.8,25,24825,575,550,1571300
NIFTY-II.NFO,20/08/2024,09:47:24,24822.2,24822.5,100,24825,400,300,1571300
NIFTY-II.NFO,20/08/2024,09:47:26,24825,24821.25,100,24823.85,25,75,1571300
NIFTY-II.NFO,20/08/2024,09:47:27,24824.7,24824.8,25,24825,350,75,1571300
NIFTY-II.NFO,20/08/2024,09:47:29,24824.9,24824.9,25,24825,250,225,1571300
NIFTY-II.NFO,20/08/2024,09:47:31,24825.6,24825.35,100,24825.6,25,500,1571300
NIFTY-II.NFO,20/08/2024,09:47:31,24825.6,24825.35,100,24825.6,25,0,1571300
NIFTY-II.NFO,20/08/2024,09:47:32,24827,24825,325,24828,100,200,1571300
NIFTY-II.NFO,20/08/2024,09:47:32,24827,24825,325,24828,100,0,1571300
NIFTY-II.NFO,20/08/2024,09:47:34,24828,24825,325,24828,75,25,1571300
NIFTY-II.NFO,20/08/2024,09:47:34,24828,24825,325,24828,75,0,1571300
NIFTY-II.NFO,20/08/2024,09:47:36,24828,24825.15,100,24828,75,0,1571300
NIFTY-II.NFO,20/08/2024,09:47:37,24828,24825.6,425,24829,50,100,1571300
NIFTY-II.NFO,20/08/2024,09:47:39,24829.95,24825.65,100,24828,100,100,1571300
NIFTY-II.NFO,20/08/2024,09:47:39,24829.95,24825.65,100,24828,100,0,1571300
NIFTY-II.NFO,20/08/2024,09:47:41,24828,24826.35,425,24830,975,100,1571300
NIFTY-II.NFO,20/08/2024,09:47:42,24826.35,24826.35,350,24830,725,325,1571300
NIFTY-II.NFO,20/08/2024,09:47:42,24830,24826.35,350,24830,725,0,1571300
NIFTY-II.NFO,20/08/2024,09:47:44,24830,24826.35,350,24830,650,150,1571300
NIFTY-II.NFO,20/08/2024,09:47:46,24830,24826.4,475,24829.95,50,0,1571300
NIFTY-II.NFO,20/08/2024,09:47:47,24830,24826.4,550,24830,650,0,1571300
NIFTY-II.NFO,20/08/2024,09:47:49,24826.4,24826.4,275,24830,550,300,1571300
NIFTY-II.NFO,20/08/2024,09:47:50,24830,24826.45,75,24830,325,225,1571300
NIFTY-II.NFO,20/08/2024,09:47:52,24826.5,24828,250,24830,325,25,1571300
NIFTY-II.NFO,20/08/2024,09:47:54,24830,24826.65,425,24830,150,250,1571300
NIFTY-II.NFO,20/08/2024,09:47:56,24827.6,24827.6,250,24830,100,175,1571300
NIFTY-II.NFO,20/08/2024,09:47:57,24832,24828.1,425,24832,525,250,1571300
NIFTY-II.NFO,20/08/2024,09:47:57,24832,24828.1,425,24832,525,0,1571300
NIFTY-II.NFO,20/08/2024,09:47:59,24828.05,24828,425,24832,475,275,1571300
NIFTY-II.NFO,20/08/2024,09:48:00,24828.05,24828.05,350,24831.95,50,0,1571300
NIFTY-II.NFO,20/08/2024,09:48:02,24828.05,24828.8,325,24832,475,0,1571300
NIFTY-II.NFO,20/08/2024,09:48:04,24828.05,24828.05,275,24831.95,75,925,1571300
NIFTY-II.NFO,20/08/2024,09:48:05,24832,24828.05,300,24832,450,25,1571300
NIFTY-II.NFO,20/08/2024,09:48:07,24832,24828.1,100,24832,450,0,1571300
NIFTY-II.NFO,20/08/2024,09:48:09,24828.1,24828.05,300,24830,50,100,1571300
NIFTY-II.NFO,20/08/2024,09:48:10,24828.1,24829.6,25,24830,50,0,1571300
NIFTY-II.NFO,20/08/2024,09:48:12,24828.1,24828.1,50,24830,50,0,1571300
NIFTY-II.NFO,20/08/2024,09:48:14,24828.1,24828.1,25,24829.7,50,25,1571300
NIFTY-II.NFO,20/08/2024,09:48:15,24828.1,24828.05,50,24829.95,75,25,1571300
NIFTY-II.NFO,20/08/2024,09:48:17,24829.95,24828.05,50,24828.1,125,25,1571300
NIFTY-II.NFO,20/08/2024,09:48:19,24828.1,24828.05,25,24830,50,200,1571300
NIFTY-II.NFO,20/08/2024,09:48:20,24829.1,24828.8,25,24831.1,50,200,1571300
NIFTY-II.NFO,20/08/2024,09:48:22,24829.1,24826.45,100,24831.6,50,0,1571300
NIFTY-II.NFO,20/08/2024,09:48:23,24829.1,24828.1,50,24831.05,50,0,1571300
NIFTY-II.NFO,20/08/2024,09:48:25,24829.1,24828.1,50,24831.25,50,0,1571300
NIFTY-II.NFO,20/08/2024,09:48:27,24828.1,24828.1,25,24831.45,25,50,1571300
NIFTY-II.NFO,20/08/2024,09:48:28,24832,24828.1,25,24830,25,300,1571300
NIFTY-II.NFO,20/08/2024,09:48:30,24829.95,24828.15,25,24829.95,150,100,1571300
NIFTY-II.NFO,20/08/2024,09:48:32,24828,24825,50,24828.05,50,100,1571300
NIFTY-II.NFO,20/08/2024,09:48:33,24829.9,24825,50,24829.95,125,550,1571300
NIFTY-II.NFO,20/08/2024,09:48:35,24829,24825,50,24829,125,150,1571300
NIFTY-II.NFO,20/08/2024,09:48:37,24825,24825,25,24827.65,125,25,1571300
NIFTY-II.NFO,20/08/2024,09:48:38,24825,24825,25,24827.1,125,0,1571300
NIFTY-II.NFO,20/08/2024,09:48:40,24825,24823,50,24824.85,125,25,1571300
NIFTY-II.NFO,20/08/2024,09:48:42,24825,24823,50,24824.95,25,0,1571300
NIFTY-II.NFO,20/08/2024,09:48:43,24825,24824.55,25,24824.95,25,0,1571300
NIFTY-II.NFO,20/08/2024,09:48:45,24823,24823,25,24825,50,100,1571300
NIFTY-II.NFO,20/08/2024,09:48:47,24823,24823,25,24825,50,0,1571300
NIFTY-II.NFO,20/08/2024,09:48:48,24823,24823,25,24824.95,25,0,1571300
NIFTY-II.NFO,20/08/2024,09:48:52,24823,24824.85,25,24824.95,25,0,1571300
NIFTY-II.NFO,20/08/2024,09:48:53,24825,24825.5,25,24827,500,150,1575500
NIFTY-II.NFO,20/08/2024,09:48:55,24823.05,24823.15,100,24824.95,25,25,1575500
NIFTY-II.NFO,20/08/2024,09:48:57,24827,24825.35,100,24827,325,250,1575500
NIFTY-II.NFO,20/08/2024,09:48:58,24827,24825.65,100,24827,50,800,1575500
NIFTY-II.NFO,20/08/2024,09:49:00,24827.95,24824.55,175,24828,125,425,1575500
NIFTY-II.NFO,20/08/2024,09:49:02,24828,24824.55,225,24828,100,25,1575500
NIFTY-II.NFO,20/08/2024,09:49:03,24828,24824.6,225,24827.95,50,0,1575500
NIFTY-II.NFO,20/08/2024,09:49:05,24828,24827.85,50,24830,175,150,1575500
NIFTY-II.NFO,20/08/2024,09:49:07,24825,24824.8,50,24829.9,175,1025,1575500
NIFTY-II.NFO,20/08/2024,09:49:08,24824,24826.2,25,24828,25,175,1575500
NIFTY-II.NFO,20/08/2024,09:49:10,24825,24823.8,125,24827.95,25,75,1575500
NIFTY-II.NFO,20/08/2024,09:49:12,24824.2,24827.85,25,24827.95,25,1050,1575500
NIFTY-II.NFO,20/08/2024,09:49:13,24825,24828.25,25,24830,175,1150,1575500
NIFTY-II.NFO,20/08/2024,09:49:15,24824.7,24827.9,25,24829.85,50,850,1575500
NIFTY-II.NFO,20/08/2024,09:49:17,24825.2,24825.7,200,24829.95,50,50,1575500
NIFTY-II.NFO,20/08/2024,09:49:18,24829.95,24825.95,175,24830,75,25,1575500
NIFTY-II.NFO,20/08/2024,09:49:20,24830,24825.95,375,24830,50,50,1575500
NIFTY-II.NFO,20/08/2024,09:49:22,24825.3,24825.3,200,24829.95,25,50,1575500
NIFTY-II.NFO,20/08/2024,09:49:23,24830,24830,150,24830.1,25,75,1575500
NIFTY-II.NFO,20/08/2024,09:49:25,24830.1,24830,125,24830.15,25,50,1575500
NIFTY-II.NFO,20/08/2024,09:49:27,24830,24830,100,24830.15,25,25,1575500
NIFTY-II.NFO,20/08/2024,09:49:28,24830,24826.05,150,24830,1025,250,1575500
NIFTY-II.NFO,20/08/2024,09:49:30,24830,24825.65,200,24829,25,250,1575500
NIFTY-II.NFO,20/08/2024,09:49:32,24830,24829.95,25,24830,775,225,1575500
NIFTY-II.NFO,20/08/2024,09:49:33,24830,24829.95,25,24830,850,0,1575500
NIFTY-II.NFO,20/08/2024,09:49:35,24830,24828,250,24830,725,150,1575500
NIFTY-II.NFO,20/08/2024,09:49:37,24830,24829.75,25,24830,775,0,1575500
NIFTY-II.NFO,20/08/2024,09:49:38,24830,24828,250,24830,100,125,1575500
NIFTY-II.NFO,20/08/2024,09:49:40,24831.95,24828.3,50,24832,525,200,1575500
NIFTY-II.NFO,20/08/2024,09:49:42,24832,24831.75,25,24832,500,1050,1575500
NIFTY-II.NFO,20/08/2024,09:49:43,24831.85,24828.4,25,24832,500,25,1575500
NIFTY-II.NFO,20/08/2024,09:49:45,24828,24831,25,24832,500,25,1575500
NIFTY-II.NFO,20/08/2024,09:49:47,24828.35,24828.1,25,24830,1000,25,1575500
NIFTY-II.NFO,20/08/2024,09:49:48,24828,24828,75,24832,525,50,1575500
NIFTY-II.NFO,20/08/2024,09:49:50,24831.85,24828,75,24830,1000,25,1575500
NIFTY-II.NFO,20/08/2024,09:49:52,24831.85,24830,75,24831.85,75,0,1575500
NIFTY-II.NFO,20/08/2024,09:49:55,24830,24831.05,25,24831.85,75,125,1575500
NIFTY-II.NFO,20/08/2024,09:49:57,24831.85,24829.9,25,24831.85,75,50,1575500
NIFTY-II.NFO,20/08/2024,09:49:58,24832,24830.25,250,24832,650,1225,1575500
NIFTY-II.NFO,20/08/2024,09:50:00,24829.75,24828.95,250,24832,500,175,1575500
NIFTY-II.NFO,20/08/2024,09:50:02,24830,24829.95,250,24830,50,1050,1575500
NIFTY-II.NFO,20/08/2024,09:50:03,24832,24828.9,200,24832,225,250,1575500
NIFTY-II.NFO,20/08/2024,09:50:05,24830,24828.6,450,24832,25,975,1575500
NIFTY-II.NFO,20/08/2024,09:50:05,24834.1,24828.6,450,24832,25,0,1575500
NIFTY-II.NFO,20/08/2024,09:50:07,24832,24830.55,350,24834.75,100,50,1575500
NIFTY-II.NFO,20/08/2024,09:50:08,24832,24830.55,350,24834.75,100,0,1575500
NIFTY-II.NFO,20/08/2024,09:50:10,24830.55,24828.8,100,24832,25,25,1575500
NIFTY-II.NFO,20/08/2024,09:50:12,24830.55,24828.8,350,24832,25,0,1575500
NIFTY-II.NFO,20/08/2024,09:50:13,24832,24830.4,350,24834.75,100,25,1575500
NIFTY-II.NFO,20/08/2024,09:50:15,24834.75,24831,350,24834.75,75,25,1575500
NIFTY-II.NFO,20/08/2024,09:50:15,24834.75,24831,350,24834.75,75,0,1575500
NIFTY-II.NFO,20/08/2024,09:50:17,24834.75,24831.05,100,24834.8,25,0,1575500
NIFTY-II.NFO,20/08/2024,09:50:18,24835,24834.55,25,24835,225,125,1575500
NIFTY-II.NFO,20/08/2024,09:50:18,24835,24834.55,25,24835,225,0,1575500
NIFTY-II.NFO,20/08/2024,09:50:20,24831.15,24832.3,125,24835,150,1875,1575500
NIFTY-II.NFO,20/08/2024,09:50:22,24835,24835,1325,24835.95,25,175,1575500
NIFTY-II.NFO,20/08/2024,09:50:23,24835,24835,1200,24835.95,25,125,1575500
NIFTY-II.NFO,20/08/2024,09:50:25,24835,24835,1150,24836,50,125,1575500
NIFTY-II.NFO,20/08/2024,09:50:25,24836,24835,1150,24836,50,0,1575500
NIFTY-II.NFO,20/08/2024,09:50:27,24835,24835,1125,24835.95,25,25,1575500
NIFTY-II.NFO,20/08/2024,09:50:28,24835,24835,125,24835.95,25,1000,1575500
NIFTY-II.NFO,20/08/2024,09:50:30,24831.2,24830.05,25,24834.85,125,225,1575500
NIFTY-II.NFO,20/08/2024,09:50:32,24834.45,24830.2,25,24834.8,125,25,1575500
NIFTY-II.NFO,20/08/2024,09:50:33,24834.45,24830.5,25,24834.9,50,0,1575500
NIFTY-II.NFO,20/08/2024,09:50:35,24830.15,24829.1,250,24833.8,100,625,1575500
NIFTY-II.NFO,20/08/2024,09:50:37,24830.15,24828.4,50,24833.4,125,0,1575500
NIFTY-II.NFO,20/08/2024,09:50:38,24828.15,24830.15,50,24832.5,75,25,1575500
NIFTY-II.NFO,20/08/2024,09:50:40,24834.85,24829.9,100,24834.85,100,225,1575500
NIFTY-II.NFO,20/08/2024,09:50:42,24830.35,24830.35,25,24834.9,25,50,1575500
NIFTY-II.NFO,20/08/2024,09:50:43,24830.35,24829.85,25,24833.7,100,0,1575500
NIFTY-II.NFO,20/08/2024,09:50:45,24828.05,24828.85,325,24834.15,100,50,1575500
NIFTY-II.NFO,20/08/2024,09:50:47,24833.95,24829.2,150,24834.4,175,25,1575500
NIFTY-II.NFO,20/08/2024,09:50:48,24834.15,24829.55,125,24834.55,100,50,1575500
NIFTY-II.NFO,20/08/2024,09:50:50,24834.15,24830.7,50,24833.95,25,0,1575500
NIFTY-II.NFO,20/08/2024,09:50:52,24830.8,24831.05,100,24833.95,25,275,1575500
NIFTY-II.NFO,20/08/2024,09:50:53,24833.95,24831,100,24833.95,25,25,1575500
NIFTY-II.NFO,20/08/2024,09:50:55,24833.95,24831.2,25,24833.95,25,0,1575500
NIFTY-II.NFO,20/08/2024,09:50:57,24833.95,24830.75,25,24833.95,25,0,1575500
NIFTY-II.NFO,20/08/2024,09:50:58,24831.05,24831,50,24831.05,200,200,1575500
NIFTY-II.NFO,20/08/2024,09:51:00,24834,24830.45,50,24833.9,25,275,1575500
NIFTY-II.NFO,20/08/2024,09:51:02,24833.9,24830.6,250,24833.95,25,25,1575500
NIFTY-II.NFO,20/08/2024,09:51:03,24833.95,24830.55,25,24833.95,25,50,1575500
NIFTY-II.NFO,20/08/2024,09:51:05,24833.9,24830.55,25,24833.95,25,125,1575500
NIFTY-II.NFO,20/08/2024,09:51:07,24830.6,24830.55,25,24833.95,125,50,1575500
NIFTY-II.NFO,20/08/2024,09:51:08,24830.6,24831,25,24833.9,175,0,1575500
NIFTY-II.NFO,20/08/2024,09:51:10,24830.6,24831,25,24833.8,100,0,1575500
NIFTY-II.NFO,20/08/2024,09:51:12,24831.05,24831,25,24832.9,100,75,1575500
NIFTY-II.NFO,20/08/2024,09:51:13,24830,24830,25,24832.9,100,125,1575500
NIFTY-II.NFO,20/08/2024,09:51:15,24831,24830.05,50,24832.95,25,50,1575500
NIFTY-II.NFO,20/08/2024,09:51:17,24832.65,24830.05,25,24832.7,25,100,1575500
NIFTY-II.NFO,20/08/2024,09:51:18,24832.65,24830.15,25,24831.95,25,0,1575500
NIFTY-II.NFO,20/08/2024,09:51:20,24832.65,24830.6,25,24831.95,25,0,1575500
NIFTY-II.NFO,20/08/2024,09:51:22,24832.65,24830.7,25,24831.95,25,0,1575500
NIFTY-II.NFO,20/08/2024,09:51:23,24832.65,24830.75,25,24831.95,25,0,1575500
NIFTY-II.NFO,20/08/2024,09:51:25,24832.65,24831.55,25,24831.95,25,0,1575500
NIFTY-II.NFO,20/08/2024,09:51:26,24831.95,24830.75,25,24831.95,25,25,1575500
NIFTY-II.NFO,20/08/2024,09:51:28,24831.95,24830.7,25,24831.95,25,125,1575500
NIFTY-II.NFO,20/08/2024,09:51:30,24831.95,24830.75,25,24831.95,25,0,1575500
NIFTY-II.NFO,20/08/2024,09:51:31,24832,24831.95,975,24832.6,25,100,1575500
NIFTY-II.NFO,20/08/2024,09:51:33,24832.6,24831.95,975,24832.6,25,25,1575500
NIFTY-II.NFO,20/08/2024,09:51:35,24832.65,24832.05,25,24832.6,25,50,1575500
NIFTY-II.NFO,20/08/2024,09:51:36,24833.95,24833.95,75,24834,250,400,1575500
NIFTY-II.NFO,20/08/2024,09:51:38,24834,24833,25,24834.15,50,250,1575500
NIFTY-II.NFO,20/08/2024,09:51:40,24834.85,24833,25,24835,400,75,1575500
NIFTY-II.NFO,20/08/2024,09:51:41,24835,24832.65,25,24835,325,100,1575500
NIFTY-II.NFO,20/08/2024,09:51:43,24832.8,24832.55,500,24835,325,25,1575500
NIFTY-II.NFO,20/08/2024,09:51:45,24832.8,24832.65,50,24834,100,0,1575500
NIFTY-II.NFO,20/08/2024,09:51:46,24834.95,24832.65,50,24835,325,150,1575500
NIFTY-II.NFO,20/08/2024,09:51:48,24835,24833.55,100,24835,250,100,1575500
NIFTY-II.NFO,20/08/2024,09:51:50,24835,24835,25,24835.6,25,350,1575500
NIFTY-II.NFO,20/08/2024,09:51:51,24835,24833.05,25,24835.6,25,25,1575500
NIFTY-II.NFO,20/08/2024,09:51:53,24835.95,24835,25,24836,125,100,1575175
NIFTY-II.NFO,20/08/2024,09:51:55,24835.95,24835.05,25,24836,125,0,1575175
NIFTY-II.NFO,20/08/2024,09:51:56,24836,24835.2,25,24836,50,75,1575175
NIFTY-II.NFO,20/08/2024,09:51:58,24835.95,24835.15,25,24837,25,150,1575175
