Ticker,Date,Time,LTP,BuyPrice,BuyQty,SellPrice,SellQty,LTQ,OpenInterest
NIFTY-I.NFO,20/08/2024,09:15:00,24639.95,24630.05,100,24639.95,50,125,0
NIFTY-I.NFO,20/08/2024,09:15:00,24639.95,24630.05,100,24639.95,50,0,0
NIFTY-I.NFO,20/08/2024,09:15:00,24639.95,24630.05,100,24639.95,50,0,0
NIFTY-I.NFO,20/08/2024,09:15:00,24635,24630.05,100,24639.95,50,0,0
NIFTY-I.NFO,20/08/2024,09:15:00,24641.85,24634.7,100,24639.95,50,600,10966725
NIFTY-I.NFO,20/08/2024,09:15:00,24641.95,24634.7,100,24639.95,50,0,10966725
NIFTY-I.NFO,20/08/2024,09:15:01,24632.35,24631.65,25,24636.95,50,300,10966725
NIFTY-I.NFO,20/08/2024,09:15:01,24631.45,24631.65,25,24636.95,50,0,10966725
NIFTY-I.NFO,20/08/2024,09:15:02,24642.35,24636.15,100,24642.35,125,4400,10966725
NIFTY-I.NFO,20/08/2024,09:15:02,24645,24636.15,100,24642.35,125,0,10966725
NIFTY-I.NFO,20/08/2024,09:15:03,24636.4,24630.1,50,24634.55,500,3850,10966725
NIFTY-I.NFO,20/08/2024,09:15:03,24626.75,24630.1,50,24634.55,500,0,10966725
NIFTY-I.NFO,20/08/2024,09:15:05,24633.25,24625.85,175,24633.25,100,1575,10966725
NIFTY-I.NFO,20/08/2024,09:15:05,24625.4,24625.85,175,24633.25,100,0,10966725
NIFTY-I.NFO,20/08/2024,09:15:06,24640.75,24631.05,100,24639.9,50,1900,10966725
NIFTY-I.NFO,20/08/2024,09:15:07,24635.95,24629.85,25,24635.95,100,5750,10966725
NIFTY-I.NFO,20/08/2024,09:15:07,24624.4,24629.85,25,24635.95,100,0,10966725
NIFTY-I.NFO,20/08/2024,09:15:09,24639.3,24632.5,100,24638.85,125,2825,10966725
NIFTY-I.NFO,20/08/2024,09:15:10,24631.7,24631.65,100,24636.05,100,1025,10966725
NIFTY-I.NFO,20/08/2024,09:15:12,24638.85,24632.9,25,24638.15,25,1125,10966725
NIFTY-I.NFO,20/08/2024,09:15:13,24632.45,24632.7,100,24638.6,100,1000,10966725
NIFTY-I.NFO,20/08/2024,09:15:15,24639,24639,625,24640,650,1575,10966725
NIFTY-I.NFO,20/08/2024,09:15:16,24630.65,24630.05,100,24635.9,100,1075,10966725
NIFTY-I.NFO,20/08/2024,09:15:18,24634.95,24632,50,24634.95,50,3150,10966725
NIFTY-I.NFO,20/08/2024,09:15:19,24628.8,24627.9,75,24632,250,2900,10966725
NIFTY-I.NFO,20/08/2024,09:15:21,24627.3,24627.15,25,24632.75,200,575,10966725
NIFTY-I.NFO,20/08/2024,09:15:22,24632.15,24629.55,50,24634.9,200,1275,10966725
NIFTY-I.NFO,20/08/2024,09:15:22,24624.25,24629.55,50,24634.9,200,0,10966725
NIFTY-I.NFO,20/08/2024,09:15:24,24634.75,24634.15,50,24637.95,300,2475,10966725
NIFTY-I.NFO,20/08/2024,09:15:25,24635.95,24632.6,75,24637.4,275,575,10966725
NIFTY-I.NFO,20/08/2024,09:15:27,24641,24638.8,25,24641.55,100,2700,10966725
NIFTY-I.NFO,20/08/2024,09:15:28,24633.3,24632.45,150,24637.9,200,1075,10966725
NIFTY-I.NFO,20/08/2024,09:15:30,24631.25,24631.25,200,24637.15,25,2525,10966725
NIFTY-I.NFO,20/08/2024,09:15:32,24638,24638,1050,24638.05,50,850,10966725
NIFTY-I.NFO,20/08/2024,09:15:33,24637.95,24634.2,75,24638,125,1350,10966725
NIFTY-I.NFO,20/08/2024,09:15:35,24637,24636.1,50,24638.45,125,2025,10966725
NIFTY-I.NFO,20/08/2024,09:15:36,24636.65,24632.95,225,24638,125,3675,10966725
NIFTY-I.NFO,20/08/2024,09:15:38,24634.35,24634.45,275,24638.4,100,475,10966725
NIFTY-I.NFO,20/08/2024,09:15:39,24637.55,24633.15,200,24637.5,75,2425,10966725
NIFTY-I.NFO,20/08/2024,09:15:41,24637.8,24635.55,75,24638,150,975,10966725
NIFTY-I.NFO,20/08/2024,09:15:42,24634.3,24633.95,50,24636.8,25,475,10966725
NIFTY-I.NFO,20/08/2024,09:15:44,24635.15,24635.25,100,24637.65,100,1600,10966725
NIFTY-I.NFO,20/08/2024,09:15:45,24635,24633.15,100,24636.75,100,500,10966725
NIFTY-I.NFO,20/08/2024,09:15:47,24636,24632.55,25,24637,25,975,10964850
NIFTY-I.NFO,20/08/2024,09:15:48,24633.9,24635.95,25,24636.7,200,350,10964850
NIFTY-I.NFO,20/08/2024,09:15:50,24635.15,24635.15,25,24636.7,100,1200,10964850
NIFTY-I.NFO,20/08/2024,09:15:52,24637.75,24635.05,100,24637.75,100,900,10964850
NIFTY-I.NFO,20/08/2024,09:15:53,24631.65,24631.65,50,24633.85,125,1000,10964850
NIFTY-I.NFO,20/08/2024,09:15:55,24634.8,24631.3,75,24634.65,125,2375,10964850
NIFTY-I.NFO,20/08/2024,09:15:56,24631.4,24631.5,100,24634.7,125,1225,10964850
NIFTY-I.NFO,20/08/2024,09:15:58,24630.15,24631.55,25,24634.8,125,2575,10964850
NIFTY-I.NFO,20/08/2024,09:15:59,24635,24633.4,100,24637.15,25,6850,10964850
NIFTY-I.NFO,20/08/2024,09:16:01,24637.8,24636.85,25,24640.1,300,3200,10964850
NIFTY-I.NFO,20/08/2024,09:16:03,24637.85,24638.15,75,24641.55,50,1775,10964850
NIFTY-I.NFO,20/08/2024,09:16:04,24643.2,24643.2,100,24644,150,1725,10964850
NIFTY-I.NFO,20/08/2024,09:16:06,24643.3,24643.3,100,24644.4,125,450,10964850
NIFTY-I.NFO,20/08/2024,09:16:07,24643.65,24643.65,25,24644.9,250,225,10964850
NIFTY-I.NFO,20/08/2024,09:16:09,24649.95,24645.6,250,24648.6,500,12325,10964850
NIFTY-I.NFO,20/08/2024,09:16:09,24650,24645.6,250,24648.6,500,0,10964850
NIFTY-I.NFO,20/08/2024,09:16:11,24646.8,24646.85,25,24649.7,225,600,10964850
NIFTY-I.NFO,20/08/2024,09:16:12,24648.05,24645.9,50,24649,125,475,10964850
NIFTY-I.NFO,20/08/2024,09:16:14,24646.55,24646.65,50,24647,50,850,10964850
NIFTY-I.NFO,20/08/2024,09:16:15,24648.3,24648.65,50,24649,25,525,10964850
NIFTY-I.NFO,20/08/2024,09:16:17,24647.55,24647.8,100,24651.4,100,7950,10964850
NIFTY-I.NFO,20/08/2024,09:16:17,24651,24647.8,100,24651.4,100,0,10964850
NIFTY-I.NFO,20/08/2024,09:16:19,24649.75,24647.95,50,24649.7,250,1700,10964850
NIFTY-I.NFO,20/08/2024,09:16:20,24647.05,24647.05,25,24648.65,125,575,10964850
NIFTY-I.NFO,20/08/2024,09:16:22,24649,24647.05,75,24647.95,125,300,10964850
NIFTY-I.NFO,20/08/2024,09:16:24,24647.05,24646.05,75,24647.05,75,1875,10964850
NIFTY-I.NFO,20/08/2024,09:16:25,24647,24645.6,100,24648.35,225,850,10964850
NIFTY-I.NFO,20/08/2024,09:16:27,24647.1,24647.6,25,24648,125,600,10964850
NIFTY-I.NFO,20/08/2024,09:16:28,24646.35,24646.25,375,24649.75,150,2200,10964850
NIFTY-I.NFO,20/08/2024,09:16:30,24647.85,24645.75,250,24648.55,250,1250,10964850
NIFTY-I.NFO,20/08/2024,09:16:32,24647.6,24647.7,125,24647.85,25,500,10964850
NIFTY-I.NFO,20/08/2024,09:16:33,24647.6,24647.8,25,24650.3,125,2125,10964850
NIFTY-I.NFO,20/08/2024,09:16:35,24645.75,24645.6,50,24646.6,25,825,10964850
NIFTY-I.NFO,20/08/2024,09:16:36,24647.1,24646.45,125,24647.95,250,525,10964850
NIFTY-I.NFO,20/08/2024,09:16:38,24647.7,24647.7,1775,24647.95,250,925,10964850
NIFTY-I.NFO,20/08/2024,09:16:40,24647.95,24647.7,975,24647.95,225,925,10964850
NIFTY-I.NFO,20/08/2024,09:16:41,24647,24647.7,25,24649,125,2200,10964850
NIFTY-I.NFO,20/08/2024,09:16:43,24646.6,24645,75,24646.6,150,1275,10964850
NIFTY-I.NFO,20/08/2024,09:16:44,24645.1,24644.05,25,24646.6,250,500,10964850
NIFTY-I.NFO,20/08/2024,09:16:46,24646.6,24643,1550,24645.8,225,325,10964850
NIFTY-I.NFO,20/08/2024,09:16:48,24644.55,24641.75,250,24645,175,2700,10964850
NIFTY-I.NFO,20/08/2024,09:16:49,24644.05,24643.25,125,24645,250,650,10964850
NIFTY-I.NFO,20/08/2024,09:16:51,24643.7,24643.5,50,24644.55,25,675,10964850
NIFTY-I.NFO,20/08/2024,09:16:52,24644.5,24643.3,25,24643.85,25,1300,10964850
NIFTY-I.NFO,20/08/2024,09:16:54,24644.05,24642.7,100,24644.05,450,300,10964850
NIFTY-I.NFO,20/08/2024,09:16:56,24643.3,24643.25,250,24643.35,25,925,10964850
NIFTY-I.NFO,20/08/2024,09:16:57,24643.3,24643.3,125,24644.25,50,625,10964850
NIFTY-I.NFO,20/08/2024,09:16:59,24642.5,24642.5,50,24643.35,25,350,10964850
NIFTY-I.NFO,20/08/2024,09:17:00,24640.8,24640.85,225,24641.9,100,250,10964850
NIFTY-I.NFO,20/08/2024,09:17:02,24640.9,24640.9,100,24642.65,100,600,10964850
NIFTY-I.NFO,20/08/2024,09:17:04,24642.65,24640.75,25,24642.05,50,425,10964850
NIFTY-I.NFO,20/08/2024,09:17:05,24640.2,24640.15,50,24642.65,150,1150,10964850
NIFTY-I.NFO,20/08/2024,09:17:07,24641.55,24641.6,100,24642.65,175,100,10964850
NIFTY-I.NFO,20/08/2024,09:17:08,24642,24640.75,50,24642,75,1650,10964850
NIFTY-I.NFO,20/08/2024,09:17:10,24640.05,24640,250,24642,25,225,10964850
NIFTY-I.NFO,20/08/2024,09:17:12,24642.5,24640,175,24642.5,150,425,10964850
NIFTY-I.NFO,20/08/2024,09:17:13,24639.95,24640.25,100,24642.5,50,1050,10964850
NIFTY-I.NFO,20/08/2024,09:17:15,24640,24639.2,25,24642,25,350,10964850
NIFTY-I.NFO,20/08/2024,09:17:16,24639.2,24639.1,400,24642.05,200,300,10964850
NIFTY-I.NFO,20/08/2024,09:17:18,24639.75,24637.6,50,24639.75,50,1250,10964850
NIFTY-I.NFO,20/08/2024,09:17:20,24639,24639,25,24639.2,25,125,10964850
NIFTY-I.NFO,20/08/2024,09:17:21,24637.5,24637.5,50,24639,25,950,10964850
NIFTY-I.NFO,20/08/2024,09:17:23,24637.5,24637.5,25,24639.2,300,650,10964850
NIFTY-I.NFO,20/08/2024,09:17:24,24637.5,24637.5,150,24639,250,300,10964850
NIFTY-I.NFO,20/08/2024,09:17:26,24640.95,24640,125,24640.8,375,600,10964850
NIFTY-I.NFO,20/08/2024,09:17:27,24640.45,24638.05,25,24639.6,225,475,10964850
NIFTY-I.NFO,20/08/2024,09:17:29,24637.5,24635.95,25,24637.5,275,1350,10964850
NIFTY-I.NFO,20/08/2024,09:17:31,24637.8,24635.95,225,24637.75,25,125,10964850
NIFTY-I.NFO,20/08/2024,09:17:32,24635,24634.55,425,24636.7,25,775,10964850
NIFTY-I.NFO,20/08/2024,09:17:34,24638,24633.95,350,24638.1,100,950,10964850
NIFTY-I.NFO,20/08/2024,09:17:35,24635.15,24635.15,325,24635.95,25,175,10964850
NIFTY-I.NFO,20/08/2024,09:17:37,24635.2,24635.2,75,24635.9,25,275,10964850
NIFTY-I.NFO,20/08/2024,09:17:39,24638.15,24637,50,24638.2,225,1450,10964850
NIFTY-I.NFO,20/08/2024,09:17:40,24634.7,24634.4,175,24638.5,25,500,10964850
NIFTY-I.NFO,20/08/2024,09:17:42,24638,24634.8,25,24638.8,125,175,10964850
NIFTY-I.NFO,20/08/2024,09:17:43,24634.65,24634.7,125,24635,25,175,10964850
NIFTY-I.NFO,20/08/2024,09:17:45,24635,24634.55,175,24635,100,225,10964850
NIFTY-I.NFO,20/08/2024,09:17:46,24633.65,24634.05,200,24638.4,50,550,10964850
NIFTY-I.NFO,20/08/2024,09:17:48,24633.9,24633.15,200,24637.65,125,50,10964850
NIFTY-I.NFO,20/08/2024,09:17:50,24634.45,24634.05,125,24635,25,50,10964850
NIFTY-I.NFO,20/08/2024,09:17:51,24638.35,24635,25,24638.05,375,1300,10964850
NIFTY-I.NFO,20/08/2024,09:17:53,24638.05,24634.15,200,24638.1,125,2000,10964850
NIFTY-I.NFO,20/08/2024,09:17:54,24634.8,24634.75,25,24638.7,200,75,10964850
NIFTY-I.NFO,20/08/2024,09:17:56,24633.7,24633.95,100,24635,250,75,10964850
NIFTY-I.NFO,20/08/2024,09:17:57,24633.95,24633.7,50,24635,250,50,10964850
NIFTY-I.NFO,20/08/2024,09:17:59,24633,24633.2,150,24635,275,675,10964850
NIFTY-I.NFO,20/08/2024,09:18:01,24635.7,24635.65,25,24636,50,1425,10964850
NIFTY-I.NFO,20/08/2024,09:18:02,24638.1,24635,150,24638.1,25,375,10964850
NIFTY-I.NFO,20/08/2024,09:18:04,24635.8,24635.85,50,24638.05,50,75,10964850
NIFTY-I.NFO,20/08/2024,09:18:05,24632.9,24632.9,75,24635.15,25,75,10964850
NIFTY-I.NFO,20/08/2024,09:18:07,24633.65,24632.05,25,24633.65,50,425,10964850
NIFTY-I.NFO,20/08/2024,09:18:09,24633.45,24634.75,25,24635.15,25,125,10964850
NIFTY-I.NFO,20/08/2024,09:18:10,24634.3,24634.7,125,24635.15,25,200,10964850
NIFTY-I.NFO,20/08/2024,09:18:12,24634.1,24634.1,25,24635,175,50,10964850
NIFTY-I.NFO,20/08/2024,09:18:13,24632.1,24632.4,25,24635,475,350,10964850
NIFTY-I.NFO,20/08/2024,09:18:15,24634.3,24634.5,575,24635,375,200,10964850
NIFTY-I.NFO,20/08/2024,09:18:16,24635,24634.65,550,24635,350,75,10964850
NIFTY-I.NFO,20/08/2024,09:18:18,24634.65,24634.65,450,24635,475,150,10964850
NIFTY-I.NFO,20/08/2024,09:18:20,24635,24634.8,50,24635,175,1350,10964850
NIFTY-I.NFO,20/08/2024,09:18:21,24635.05,24635.05,400,24635.15,25,1475,10964850
NIFTY-I.NFO,20/08/2024,09:18:23,24635.7,24635.05,150,24635.8,25,325,10964850
NIFTY-I.NFO,20/08/2024,09:18:24,24635.05,24635.65,75,24637.4,25,125,10964850
NIFTY-I.NFO,20/08/2024,09:18:26,24637.4,24635.1,225,24636,25,100,10964850
NIFTY-I.NFO,20/08/2024,09:18:27,24635,24635,25,24636,25,200,10964850
NIFTY-I.NFO,20/08/2024,09:18:29,24632.05,24632.85,25,24635,50,1150,10964850
NIFTY-I.NFO,20/08/2024,09:18:31,24633.3,24633.3,125,24635,50,25,10964850
NIFTY-I.NFO,20/08/2024,09:18:32,24633.2,24633.5,100,24635,75,50,10964850
NIFTY-I.NFO,20/08/2024,09:18:34,24633.65,24633.65,25,24635,225,25,10964850
NIFTY-I.NFO,20/08/2024,09:18:36,24635,24633.7,75,24635,150,500,10964850
NIFTY-I.NFO,20/08/2024,09:18:37,24633.7,24633,175,24635,175,75,10964850
NIFTY-I.NFO,20/08/2024,09:18:39,24633,24633,100,24634,75,125,10964850
NIFTY-I.NFO,20/08/2024,09:18:41,24632.65,24633,200,24634,75,175,10964850
NIFTY-I.NFO,20/08/2024,09:18:42,24633,24633,150,24633.9,75,100,10964850
NIFTY-I.NFO,20/08/2024,09:18:44,24633.95,24633.95,450,24635,250,300,10964850
NIFTY-I.NFO,20/08/2024,09:18:46,24635.2,24635.4,25,24636,25,475,10964850
NIFTY-I.NFO,20/08/2024,09:18:47,24635.55,24635.55,325,24637,50,125,10973850
NIFTY-I.NFO,20/08/2024,09:18:49,24636.95,24635.6,25,24637,25,675,10973850
NIFTY-I.NFO,20/08/2024,09:18:51,24636.95,24635.65,150,24637.7,25,0,10973850
NIFTY-I.NFO,20/08/2024,09:18:52,24635.65,24635.75,125,24638,125,25,10973850
NIFTY-I.NFO,20/08/2024,09:18:54,24635.75,24635.75,500,24637.35,25,275,10973850
NIFTY-I.NFO,20/08/2024,09:18:56,24637.55,24635.8,450,24637.55,25,425,10973850
NIFTY-I.NFO,20/08/2024,09:18:57,24637.95,24635.9,250,24637.35,25,75,10973850
NIFTY-I.NFO,20/08/2024,09:18:59,24635.95,24636,200,24638,300,25,10973850
NIFTY-I.NFO,20/08/2024,09:19:01,24636,24636,200,24636.95,200,175,10973850
NIFTY-I.NFO,20/08/2024,09:19:02,24638,24636,500,24638.75,100,600,10973850
NIFTY-I.NFO,20/08/2024,09:19:04,24636.05,24636.05,200,24638.7,75,125,10973850
NIFTY-I.NFO,20/08/2024,09:19:06,24636.05,24636.05,225,24639,25,1850,10973850
NIFTY-I.NFO,20/08/2024,09:19:07,24637.55,24636.05,575,24637,50,150,10973850
NIFTY-I.NFO,20/08/2024,09:19:09,24636.1,24636.2,25,24639,25,200,10973850
NIFTY-I.NFO,20/08/2024,09:19:11,24636.25,24636.25,25,24639.8,25,350,10973850
NIFTY-I.NFO,20/08/2024,09:19:12,24639.8,24636.5,350,24639.85,50,50,10973850
NIFTY-I.NFO,20/08/2024,09:19:14,24639.85,24638.4,100,24640,1700,300,10973850
NIFTY-I.NFO,20/08/2024,09:19:16,24640.7,24640.7,25,24642,75,2000,10973850
NIFTY-I.NFO,20/08/2024,09:19:17,24640.7,24640.7,150,24642,100,25,10973850
NIFTY-I.NFO,20/08/2024,09:19:19,24637.65,24638.05,25,24641.8,25,850,10973850
NIFTY-I.NFO,20/08/2024,09:19:21,24639,24639.05,125,24640.7,25,25,10973850
NIFTY-I.NFO,20/08/2024,09:19:22,24639.45,24639.1,125,24640.7,50,150,10973850
NIFTY-I.NFO,20/08/2024,09:19:24,24640,24640.2,50,24641.9,50,100,10973850
NIFTY-I.NFO,20/08/2024,09:19:26,24640.85,24640.85,50,24641.85,25,150,10973850
NIFTY-I.NFO,20/08/2024,09:19:27,24640.9,24641.3,25,24642.5,125,850,10973850
NIFTY-I.NFO,20/08/2024,09:19:29,24642.05,24642.25,125,24643.3,25,350,10973850
NIFTY-I.NFO,20/08/2024,09:19:31,24642.05,24642.2,25,24643.3,25,0,10973850
NIFTY-I.NFO,20/08/2024,09:19:32,24642.55,24641.05,200,24643.25,25,675,10973850
NIFTY-I.NFO,20/08/2024,09:19:34,24643.3,24642.35,25,24643.7,25,200,10973850
NIFTY-I.NFO,20/08/2024,09:19:35,24643.3,24643.3,150,24644,175,100,10973850
NIFTY-I.NFO,20/08/2024,09:19:37,24644.05,24643.4,25,24644.85,50,3225,10973850
NIFTY-I.NFO,20/08/2024,09:19:39,24643.4,24643.35,50,24644.65,25,200,10973850
NIFTY-I.NFO,20/08/2024,09:19:40,24645,24643.2,50,24645,100,700,10973850
NIFTY-I.NFO,20/08/2024,09:19:42,24643.25,24643.2,150,24645,100,25,10973850
NIFTY-I.NFO,20/08/2024,09:19:43,24643.3,24643.2,350,24644.55,25,50,10973850
NIFTY-I.NFO,20/08/2024,09:19:45,24644.55,24643.2,350,24644.55,25,75,10973850
NIFTY-I.NFO,20/08/2024,09:19:47,24643.2,24643.2,225,24645,475,125,10973850
NIFTY-I.NFO,20/08/2024,09:19:48,24643,24642.25,1000,24644,150,400,10973850
NIFTY-I.NFO,20/08/2024,09:19:50,24641,24640.15,50,24643.15,300,1375,10973850
NIFTY-I.NFO,20/08/2024,09:19:52,24642,24642.05,50,24644,50,200,10973850
NIFTY-I.NFO,20/08/2024,09:19:53,24644.55,24642.6,125,24644.55,25,475,10973850
NIFTY-I.NFO,20/08/2024,09:19:55,24642.6,24642.6,75,24644.15,25,325,10973850
NIFTY-I.NFO,20/08/2024,09:19:56,24642.25,24642.25,25,24644.55,25,125,10973850
NIFTY-I.NFO,20/08/2024,09:19:58,24642.1,24642.05,50,24642.6,25,50,10973850
NIFTY-I.NFO,20/08/2024,09:20:00,24644,24642,325,24644.55,25,175,10973850
NIFTY-I.NFO,20/08/2024,09:20:01,24641.8,24638.2,50,24641.55,25,16950,10973850
NIFTY-I.NFO,20/08/2024,09:20:03,24641.05,24637.3,350,24641.1,25,900,10973850
NIFTY-I.NFO,20/08/2024,09:20:05,24641,24636.3,25,24640.3,25,1600,10973850
NIFTY-I.NFO,20/08/2024,09:20:06,24641,24637.8,150,24641,50,125,10973850
NIFTY-I.NFO,20/08/2024,09:20:08,24641,24638.25,125,24641.1,25,175,10973850
NIFTY-I.NFO,20/08/2024,09:20:09,24641.8,24638.25,25,24641.95,25,225,10973850
NIFTY-I.NFO,20/08/2024,09:20:11,24638.75,24638.3,100,24641,350,75,10973850
NIFTY-I.NFO,20/08/2024,09:20:13,24637,24636.25,350,24640.45,200,1025,10973850
NIFTY-I.NFO,20/08/2024,09:20:14,24635.75,24635.75,250,24639,200,150,10973850
NIFTY-I.NFO,20/08/2024,09:20:16,24635.85,24635.85,525,24638.85,25,300,10973850
NIFTY-I.NFO,20/08/2024,09:20:17,24635.85,24635.85,450,24638.3,25,125,10973850
NIFTY-I.NFO,20/08/2024,09:20:19,24637.95,24637.95,75,24638.3,25,50,10973850
NIFTY-I.NFO,20/08/2024,09:20:21,24635.75,24636.3,125,24638.75,25,1650,10973850
NIFTY-I.NFO,20/08/2024,09:20:22,24636.25,24635.75,350,24638.7,25,125,10973850
NIFTY-I.NFO,20/08/2024,09:20:24,24633,24633,175,24637.1,25,750,10973850
NIFTY-I.NFO,20/08/2024,09:20:26,24633.15,24633.2,125,24635.8,25,100,10973850
NIFTY-I.NFO,20/08/2024,09:20:27,24633.2,24633.25,200,24635.75,25,25,10973850
NIFTY-I.NFO,20/08/2024,09:20:29,24635,24633.25,100,24635.5,25,50,10973850
NIFTY-I.NFO,20/08/2024,09:20:30,24634.3,24633,50,24634.3,25,125,10973850
NIFTY-I.NFO,20/08/2024,09:20:32,24632,24632,375,24634.35,25,150,10973850
NIFTY-I.NFO,20/08/2024,09:20:34,24633.55,24632.1,225,24633.6,25,100,10973850
NIFTY-I.NFO,20/08/2024,09:20:35,24635.5,24632.1,25,24635.7,25,350,10973850
NIFTY-I.NFO,20/08/2024,09:20:37,24632.1,24632,175,24635.45,25,250,10973850
NIFTY-I.NFO,20/08/2024,09:20:39,24635.55,24632,50,24635.7,25,525,10973850
NIFTY-I.NFO,20/08/2024,09:20:40,24635.45,24632,175,24635.4,25,1000,10973850
NIFTY-I.NFO,20/08/2024,09:20:42,24632.6,24632.6,450,24635.55,25,100,10973850
NIFTY-I.NFO,20/08/2024,09:20:43,24633.75,24634.25,100,24635.55,25,150,10973850
NIFTY-I.NFO,20/08/2024,09:20:45,24634.3,24634.25,150,24638.1,25,450,10973850
NIFTY-I.NFO,20/08/2024,09:20:47,24636.3,24636.25,150,24638.3,25,375,10973850
NIFTY-I.NFO,20/08/2024,09:20:48,24635.55,24635.55,125,24638.85,25,200,10973850
NIFTY-I.NFO,20/08/2024,09:20:50,24636.15,24636.7,250,24640,425,350,10973850
NIFTY-I.NFO,20/08/2024,09:20:52,24636.5,24637,250,24640,450,25,10973850
NIFTY-I.NFO,20/08/2024,09:20:53,24640,24638.3,225,24639.9,25,25,10973850
NIFTY-I.NFO,20/08/2024,09:20:55,24639.75,24639.25,125,24641,400,1100,10973850
NIFTY-I.NFO,20/08/2024,09:20:57,24641.95,24640,25,24641.95,125,2525,10973850
NIFTY-I.NFO,20/08/2024,09:20:58,24641.75,24641.45,350,24642.45,400,550,10973850
NIFTY-I.NFO,20/08/2024,09:21:00,24641.8,24641.8,425,24642.45,150,675,10973850
NIFTY-I.NFO,20/08/2024,09:21:02,24643,24643.4,225,24644,275,375,10973850
NIFTY-I.NFO,20/08/2024,09:21:03,24643.6,24643.6,100,24644,25,500,10973850
NIFTY-I.NFO,20/08/2024,09:21:05,24644.1,24643.6,275,24644.1,25,250,10973850
NIFTY-I.NFO,20/08/2024,09:21:07,24644.25,24644.3,75,24645,650,175,10973850
NIFTY-I.NFO,20/08/2024,09:21:08,24644.35,24644.35,450,24645,650,125,10973850
NIFTY-I.NFO,20/08/2024,09:21:10,24644.35,24644.35,575,24645,650,75,10973850
NIFTY-I.NFO,20/08/2024,09:21:11,24644.1,24643,75,24644.75,200,725,10973850
NIFTY-I.NFO,20/08/2024,09:21:13,24643,24643,75,24643.95,100,375,10973850
NIFTY-I.NFO,20/08/2024,09:21:15,24642.9,24640.35,450,24643,25,700,10973850
NIFTY-I.NFO,20/08/2024,09:21:16,24642.45,24642.55,350,24644,50,550,10973850
NIFTY-I.NFO,20/08/2024,09:21:18,24644.6,24644.75,175,24645,775,625,10973850
NIFTY-I.NFO,20/08/2024,09:21:20,24643.95,24643.2,25,24644.75,100,200,10973850
NIFTY-I.NFO,20/08/2024,09:21:21,24644.75,24642.6,125,24645,775,225,10973850
NIFTY-I.NFO,20/08/2024,09:21:23,24642.7,24643.3,150,24643.95,100,50,10973850
NIFTY-I.NFO,20/08/2024,09:21:24,24643.5,24643.65,75,24643.95,75,150,10973850
NIFTY-I.NFO,20/08/2024,09:21:26,24642.4,24643.6,225,24643.75,150,500,10973850
NIFTY-I.NFO,20/08/2024,09:21:28,24644.25,24644.3,125,24645,1000,450,10973850
NIFTY-I.NFO,20/08/2024,09:21:29,24644.25,24644.6,600,24645,1050,0,10973850
NIFTY-I.NFO,20/08/2024,09:21:31,24648.1,24647.95,225,24649,525,4550,10973850
NIFTY-I.NFO,20/08/2024,09:21:33,24649.5,24646.65,25,24649.8,25,1300,10973850
NIFTY-I.NFO,20/08/2024,09:21:34,24649.4,24647,25,24649.85,250,5725,10973850
NIFTY-I.NFO,20/08/2024,09:21:36,24645.9,24645.75,125,24649.15,1500,1300,10973850
NIFTY-I.NFO,20/08/2024,09:21:38,24641.6,24643.7,25,24647.6,350,17025,10973850
NIFTY-I.NFO,20/08/2024,09:21:39,24645,24645.35,25,24649.1,200,75,10973850
NIFTY-I.NFO,20/08/2024,09:21:41,24644.2,24643.95,25,24648.7,200,6175,10973850
NIFTY-I.NFO,20/08/2024,09:21:43,24642.8,24642.95,25,24647.45,200,250,10973850
NIFTY-I.NFO,20/08/2024,09:21:44,24648.95,24644.7,150,24649,25,3550,10973850
NIFTY-I.NFO,20/08/2024,09:21:46,24649.3,24645,25,24649.5,125,4750,10973850
NIFTY-I.NFO,20/08/2024,09:21:48,24645.2,24645.3,225,24649,25,125,10975550
NIFTY-I.NFO,20/08/2024,09:21:49,24647.5,24648.3,200,24649,25,25,10975550
NIFTY-I.NFO,20/08/2024,09:21:51,24649,24645.55,175,24649,75,1050,10975550
NIFTY-I.NFO,20/08/2024,09:21:53,24647.5,24645,25,24649.05,125,875,10975550
NIFTY-I.NFO,20/08/2024,09:21:54,24642.9,24643.15,200,24647.45,25,125,10975550
NIFTY-I.NFO,20/08/2024,09:21:56,24647.5,24642.9,25,24647.75,25,100,10975550
NIFTY-I.NFO,20/08/2024,09:21:58,24647.1,24642.7,25,24645.55,25,125,10975550
NIFTY-I.NFO,20/08/2024,09:21:59,24643.2,24643.2,250,24645.55,25,125,10975550
NIFTY-I.NFO,20/08/2024,09:22:01,24645.55,24643.2,250,24646.6,25,25,10975550
NIFTY-I.NFO,20/08/2024,09:22:03,24647.1,24642.9,50,24646.2,150,175,10975550
NIFTY-I.NFO,20/08/2024,09:22:04,24647.1,24642.9,50,24645.1,275,0,10975550
NIFTY-I.NFO,20/08/2024,09:22:06,24641.6,24641.6,925,24642.9,50,150,10975550
NIFTY-I.NFO,20/08/2024,09:22:08,24642.9,24642.9,275,24646.45,50,100,10975550
NIFTY-I.NFO,20/08/2024,09:22:09,24643,24642.85,125,24646.95,25,375,10975550
NIFTY-I.NFO,20/08/2024,09:22:11,24646.45,24642.85,150,24646.7,25,575,10975550
NIFTY-I.NFO,20/08/2024,09:22:13,24647,24643.1,25,24646.95,300,600,10975550
NIFTY-I.NFO,20/08/2024,09:22:14,24647,24643.2,225,24647,325,0,10975550
NIFTY-I.NFO,20/08/2024,09:22:16,24643.25,24646.95,50,24647,325,25,10975550
NIFTY-I.NFO,20/08/2024,09:22:18,24646.95,24646.95,25,24647,350,25,10975550
NIFTY-I.NFO,20/08/2024,09:22:19,24647,24644.7,125,24647,300,150,10975550
NIFTY-I.NFO,20/08/2024,09:22:21,24647,24645.2,125,24647,325,0,10975550
NIFTY-I.NFO,20/08/2024,09:22:23,24647.5,24645.7,100,24647.5,250,725,10975550
NIFTY-I.NFO,20/08/2024,09:22:24,24645.7,24646.3,100,24647.5,250,75,10975550
NIFTY-I.NFO,20/08/2024,09:22:26,24643.8,24645.7,250,24646.95,100,5575,10975550
NIFTY-I.NFO,20/08/2024,09:22:28,24645.7,24644.6,125,24647,25,325,10975550
NIFTY-I.NFO,20/08/2024,09:22:29,24645.3,24645.3,50,24647,25,75,10975550
NIFTY-I.NFO,20/08/2024,09:22:31,24646.35,24646.7,175,24647.5,250,200,10975550
NIFTY-I.NFO,20/08/2024,09:22:33,24649.5,24649.5,25,24649.6,25,3150,10975550
NIFTY-I.NFO,20/08/2024,09:22:34,24649.8,24647.5,25,24649.7,25,300,10975550
NIFTY-I.NFO,20/08/2024,09:22:36,24649.7,24646.35,25,24650,2925,825,10975550
NIFTY-I.NFO,20/08/2024,09:22:38,24650.7,24647.3,25,24650.5,25,3300,10975550
NIFTY-I.NFO,20/08/2024,09:22:39,24649.6,24649.6,25,24650.65,25,400,10975550
NIFTY-I.NFO,20/08/2024,09:22:41,24651.5,24651,25,24652,175,300,10975550
NIFTY-I.NFO,20/08/2024,09:22:41,24651.5,24651,25,24652,175,0,10975550
NIFTY-I.NFO,20/08/2024,09:22:43,24650.7,24648.25,25,24652,125,175,10975550
NIFTY-I.NFO,20/08/2024,09:22:43,24652,24648.25,25,24652,125,0,10975550
NIFTY-I.NFO,20/08/2024,09:22:44,24651.8,24648.3,125,24651.95,200,125,10975550
NIFTY-I.NFO,20/08/2024,09:22:46,24650.75,24650.75,50,24651.5,25,100,10975550
NIFTY-I.NFO,20/08/2024,09:22:48,24650.65,24650,25,24650.65,475,1900,10975550
NIFTY-I.NFO,20/08/2024,09:22:48,24653.85,24650,25,24650.65,475,0,10975550
NIFTY-I.NFO,20/08/2024,09:22:49,24650.65,24650,25,24650.65,625,75,10975550
NIFTY-I.NFO,20/08/2024,09:22:51,24649.95,24647,25,24650.65,350,325,10975550
NIFTY-I.NFO,20/08/2024,09:22:53,24650.65,24647.2,25,24650.7,25,175,10975550
NIFTY-I.NFO,20/08/2024,09:22:54,24648,24647.7,25,24650.7,25,25,10975550
NIFTY-I.NFO,20/08/2024,09:22:56,24650.7,24647.2,50,24650,100,50,10975550
NIFTY-I.NFO,20/08/2024,09:22:58,24649.95,24648,50,24649.95,100,175,10975550
NIFTY-I.NFO,20/08/2024,09:22:59,24649.95,24648.05,25,24648.9,100,0,10975550
NIFTY-I.NFO,20/08/2024,09:23:01,24645.7,24645.7,425,24647.55,100,525,10975550
NIFTY-I.NFO,20/08/2024,09:23:03,24645,24645,25,24645.65,200,575,10975550
NIFTY-I.NFO,20/08/2024,09:23:04,24645,24643.2,25,24645,50,150,10975550
NIFTY-I.NFO,20/08/2024,09:23:06,24645,24643.45,50,24645,525,25,10975550
NIFTY-I.NFO,20/08/2024,09:23:08,24645,24644.65,25,24649.2,25,525,10975550
NIFTY-I.NFO,20/08/2024,09:23:09,24645,24643.95,50,24648.55,125,0,10975550
NIFTY-I.NFO,20/08/2024,09:23:11,24645.25,24645.2,25,24648.95,125,50,10975550
NIFTY-I.NFO,20/08/2024,09:23:13,24645.25,24645.2,25,24648.9,25,25,10975550
NIFTY-I.NFO,20/08/2024,09:23:15,24645.25,24645.95,125,24649.9,25,0,10975550
NIFTY-I.NFO,20/08/2024,09:23:16,24648.9,24645.5,175,24649.9,125,250,10975550
NIFTY-I.NFO,20/08/2024,09:23:18,24647,24645.5,75,24649.4,25,200,10975550
NIFTY-I.NFO,20/08/2024,09:23:20,24645.2,24645,25,24648.75,25,250,10975550
NIFTY-I.NFO,20/08/2024,09:23:21,24644.1,24644.1,225,24647.9,25,75,10975550
NIFTY-I.NFO,20/08/2024,09:23:23,24647.6,24644,50,24647.65,25,100,10975550
NIFTY-I.NFO,20/08/2024,09:23:25,24647,24644,50,24647,775,150,10975550
NIFTY-I.NFO,20/08/2024,09:23:26,24647,24644,50,24647,750,25,10975550
NIFTY-I.NFO,20/08/2024,09:23:28,24644.1,24644,50,24647,725,75,10975550
NIFTY-I.NFO,20/08/2024,09:23:29,24647,24645,200,24648,25,725,10975550
NIFTY-I.NFO,20/08/2024,09:23:31,24647,24647,875,24648,25,25,10975550
NIFTY-I.NFO,20/08/2024,09:23:33,24647,24647,600,24648.7,150,225,10975550
NIFTY-I.NFO,20/08/2024,09:23:34,24647.8,24645,200,24647,25,925,10975550
NIFTY-I.NFO,20/08/2024,09:23:36,24645,24645,175,24647,50,25,10975550
NIFTY-I.NFO,20/08/2024,09:23:38,24645,24645,175,24647,50,0,10975550
NIFTY-I.NFO,20/08/2024,09:23:39,24644.5,24644.1,125,24648.2,25,225,10975550
NIFTY-I.NFO,20/08/2024,09:23:41,24644.15,24644.15,300,24648.85,150,500,10975550
NIFTY-I.NFO,20/08/2024,09:23:43,24644.85,24644.9,300,24649.2,25,50,10975550
NIFTY-I.NFO,20/08/2024,09:23:44,24649.35,24645,300,24649.3,125,100,10975550
NIFTY-I.NFO,20/08/2024,09:23:46,24644.9,24645,125,24647,25,75,10975550
NIFTY-I.NFO,20/08/2024,09:23:48,24645,24645,75,24647,25,25,10975550
NIFTY-I.NFO,20/08/2024,09:23:49,24646,24645,75,24647.5,150,300,10975550
NIFTY-I.NFO,20/08/2024,09:23:51,24644.3,24644.3,775,24645.8,100,250,10975550
NIFTY-I.NFO,20/08/2024,09:23:53,24640.1,24641.55,300,24644.4,25,3025,10975550
NIFTY-I.NFO,20/08/2024,09:23:54,24645.55,24642.15,275,24646.65,200,75,10975550
NIFTY-I.NFO,20/08/2024,09:23:56,24646,24641.8,125,24646.2,25,1100,10975550
NIFTY-I.NFO,20/08/2024,09:23:58,24646,24642.35,125,24646,25,0,10975550
NIFTY-I.NFO,20/08/2024,09:23:59,24642.75,24642.7,125,24647.1,25,75,10975550
NIFTY-I.NFO,20/08/2024,09:24:01,24642.85,24642.8,125,24647.4,25,325,10975550
NIFTY-I.NFO,20/08/2024,09:24:03,24646,24642.75,25,24646,25,225,10975550
NIFTY-I.NFO,20/08/2024,09:24:04,24647.15,24642.45,125,24647.2,25,375,10975550
NIFTY-I.NFO,20/08/2024,09:24:06,24647,24642.4,150,24645.95,25,675,10975550
NIFTY-I.NFO,20/08/2024,09:24:08,24647,24642.4,150,24645.95,25,0,10975550
NIFTY-I.NFO,20/08/2024,09:24:09,24640.15,24640.45,125,24644.95,25,175,10975550
NIFTY-I.NFO,20/08/2024,09:24:11,24640.6,24640.6,175,24644.85,125,75,10975550
NIFTY-I.NFO,20/08/2024,09:24:13,24642.35,24640,675,24642.4,25,25,10975550
NIFTY-I.NFO,20/08/2024,09:24:14,24640.4,24640.1,150,24644.55,125,275,10975550
NIFTY-I.NFO,20/08/2024,09:24:16,24640,24640.6,25,24642.55,150,275,10975550
NIFTY-I.NFO,20/08/2024,09:24:18,24640.6,24640.6,25,24641.8,25,200,10975550
NIFTY-I.NFO,20/08/2024,09:24:19,24638.85,24636.15,25,24638.5,100,650,10975550
NIFTY-I.NFO,20/08/2024,09:24:21,24635.1,24635.05,100,24638.3,25,325,10975550
NIFTY-I.NFO,20/08/2024,09:24:23,24635,24635,225,24636.15,25,50,10975550
NIFTY-I.NFO,20/08/2024,09:24:24,24635,24635,275,24636.1,25,50,10975550
NIFTY-I.NFO,20/08/2024,09:24:26,24634,24634,175,24637.35,25,325,10975550
NIFTY-I.NFO,20/08/2024,09:24:28,24634.05,24634,150,24637.35,25,125,10975550
NIFTY-I.NFO,20/08/2024,09:24:29,24633,24632.95,225,24636.65,25,225,10975550
NIFTY-I.NFO,20/08/2024,09:24:31,24636.7,24632.95,125,24636.5,25,125,10975550
NIFTY-I.NFO,20/08/2024,09:24:33,24633.05,24634.05,175,24636.2,50,150,10975550
NIFTY-I.NFO,20/08/2024,09:24:34,24635,24633.35,175,24636.65,50,75,10975550
NIFTY-I.NFO,20/08/2024,09:24:36,24633,24632.6,325,24637,200,375,10975550
NIFTY-I.NFO,20/08/2024,09:24:38,24633.05,24633.35,250,24636.65,25,125,10975550
NIFTY-I.NFO,20/08/2024,09:24:39,24633.6,24633.35,275,24638,200,75,10975550
NIFTY-I.NFO,20/08/2024,09:24:41,24638.55,24637.5,50,24638.55,200,100,10975550
NIFTY-I.NFO,20/08/2024,09:24:43,24637.5,24634.85,275,24639.45,200,50,10975550
NIFTY-I.NFO,20/08/2024,09:24:44,24639.15,24634.1,200,24637.5,1300,100,10975550
NIFTY-I.NFO,20/08/2024,09:24:46,24633.55,24633.6,300,24637.5,1225,125,10975550
NIFTY-I.NFO,20/08/2024,09:24:48,24637.5,24633.6,300,24637.5,1200,25,10976350
NIFTY-I.NFO,20/08/2024,09:24:49,24637.5,24634.5,300,24637.5,875,350,10976350
NIFTY-I.NFO,20/08/2024,09:24:51,24634.35,24634.35,300,24637.5,50,1100,10976350
NIFTY-I.NFO,20/08/2024,09:24:53,24634.65,24634.65,75,24637.5,50,50,10976350
NIFTY-I.NFO,20/08/2024,09:24:54,24635,24637.5,50,24638.55,300,100,10976350
NIFTY-I.NFO,20/08/2024,09:24:56,24634.65,24633.55,300,24638.05,200,250,10976350
NIFTY-I.NFO,20/08/2024,09:24:58,24637.85,24637.85,50,24639.5,250,400,10976350
NIFTY-I.NFO,20/08/2024,09:24:59,24635,24635.15,150,24637.5,25,300,10976350
NIFTY-I.NFO,20/08/2024,09:25:01,24635,24635.4,125,24637.5,25,0,10976350
NIFTY-I.NFO,20/08/2024,09:25:03,24640.7,24636.45,150,24637.45,100,575,10976350
NIFTY-I.NFO,20/08/2024,09:25:04,24637.45,24636.15,125,24640,25,125,10976350
NIFTY-I.NFO,20/08/2024,09:25:06,24636.45,24636.2,125,24640,25,25,10976350
NIFTY-I.NFO,20/08/2024,09:25:08,24640,24640,250,24640.95,25,250,10976350
NIFTY-I.NFO,20/08/2024,09:25:09,24640,24638.4,25,24640.65,150,175,10976350
NIFTY-I.NFO,20/08/2024,09:25:11,24638.4,24636.35,25,24638.6,150,25,10976350
NIFTY-I.NFO,20/08/2024,09:25:13,24634.35,24635,25,24637.85,25,150,10976350
NIFTY-I.NFO,20/08/2024,09:25:14,24634.35,24634.4,125,24638.65,25,75,10976350
NIFTY-I.NFO,20/08/2024,09:25:16,24638.5,24634.35,175,24638.05,200,25,10976350
NIFTY-I.NFO,20/08/2024,09:25:18,24634.35,24634.35,100,24637.15,200,75,10976350
NIFTY-I.NFO,20/08/2024,09:25:19,24637.55,24634.35,125,24637.05,200,25,10976350
NIFTY-I.NFO,20/08/2024,09:25:21,24636.3,24635,25,24637.05,200,50,10976350
NIFTY-I.NFO,20/08/2024,09:25:23,24637.3,24635,50,24636.5,150,200,10976350
NIFTY-I.NFO,20/08/2024,09:25:24,24631.15,24631.1,1775,24631.4,100,700,10976350
NIFTY-I.NFO,20/08/2024,09:25:26,24631.4,24631.1,1750,24631.4,75,50,10976350
NIFTY-I.NFO,20/08/2024,09:25:28,24634.25,24631.1,1825,24634.35,650,325,10976350
NIFTY-I.NFO,20/08/2024,09:25:29,24634.35,24631.1,1775,24634.35,625,75,10976350
NIFTY-I.NFO,20/08/2024,09:25:31,24631.1,24631.1,1600,24634.35,550,150,10976350
NIFTY-I.NFO,20/08/2024,09:25:33,24631.4,24631.1,1600,24631.4,500,150,10976350
NIFTY-I.NFO,20/08/2024,09:25:34,24631.1,24631.1,1200,24631.4,500,400,10976350
NIFTY-I.NFO,20/08/2024,09:25:36,24631.4,24631.1,1200,24631.4,375,125,10976350
NIFTY-I.NFO,20/08/2024,09:25:38,24631.4,24631.1,1000,24631.4,325,250,10976350
NIFTY-I.NFO,20/08/2024,09:25:39,24631.1,24631.1,900,24631.4,200,225,10976350
NIFTY-I.NFO,20/08/2024,09:25:41,24631.1,24631.1,1400,24631.4,200,2250,10976350
NIFTY-I.NFO,20/08/2024,09:25:42,24629,24628,75,24628.9,25,3425,10976350
NIFTY-I.NFO,20/08/2024,09:25:44,24631.1,24627.35,125,24631.4,50,150,10976350
NIFTY-I.NFO,20/08/2024,09:25:46,24629.8,24626.9,50,24630.8,25,375,10976350
NIFTY-I.NFO,20/08/2024,09:25:47,24627.15,24626.85,125,24631,50,850,10976350
NIFTY-I.NFO,20/08/2024,09:25:49,24627.5,24627.45,125,24630,125,250,10976350
NIFTY-I.NFO,20/08/2024,09:25:51,24631.5,24630,200,24633.3,50,275,10976350
NIFTY-I.NFO,20/08/2024,09:25:52,24631,24629.85,125,24633.35,1000,200,10976350
NIFTY-I.NFO,20/08/2024,09:25:54,24633.35,24631.25,125,24634,25,1125,10976350
NIFTY-I.NFO,20/08/2024,09:25:55,24634.25,24634.25,125,24634.35,575,200,10976350
NIFTY-I.NFO,20/08/2024,09:25:57,24634.35,24630.85,125,24634.35,400,375,10976350
NIFTY-I.NFO,20/08/2024,09:25:59,24634.35,24631.6,25,24634.35,250,150,10976350
NIFTY-I.NFO,20/08/2024,09:26:00,24634.35,24631.5,25,24634.35,325,325,10976350
NIFTY-I.NFO,20/08/2024,09:26:02,24634.1,24631.5,25,24633.95,150,225,10976350
NIFTY-I.NFO,20/08/2024,09:26:04,24634.3,24631.5,25,24634.3,150,100,10976350
NIFTY-I.NFO,20/08/2024,09:26:05,24634.35,24631.5,25,24634.35,75,50,10976350
NIFTY-I.NFO,20/08/2024,09:26:07,24633.05,24633,25,24634,25,150,10976350
NIFTY-I.NFO,20/08/2024,09:26:09,24635,24634.95,125,24637,75,1250,10976350
NIFTY-I.NFO,20/08/2024,09:26:10,24637,24634.55,25,24637,50,75,10976350
NIFTY-I.NFO,20/08/2024,09:26:12,24635,24634.3,25,24636.6,150,25,10976350
NIFTY-I.NFO,20/08/2024,09:26:13,24632.6,24633.2,25,24636.8,25,200,10976350
NIFTY-I.NFO,20/08/2024,09:26:15,24634.95,24632.6,25,24636.8,25,25,10976350
NIFTY-I.NFO,20/08/2024,09:26:17,24636.8,24632.75,25,24637,75,1075,10976350
NIFTY-I.NFO,20/08/2024,09:26:18,24633.5,24632.8,25,24636,25,50,10976350
NIFTY-I.NFO,20/08/2024,09:26:20,24632.05,24632.1,250,24633.5,2100,1100,10976350
NIFTY-I.NFO,20/08/2024,09:26:22,24631,24631,75,24632.9,50,25,10976350
NIFTY-I.NFO,20/08/2024,09:26:23,24627.55,24628.1,25,24631.85,25,1000,10976350
NIFTY-I.NFO,20/08/2024,09:26:25,24628.65,24630,25,24633.5,2100,50,10976350
NIFTY-I.NFO,20/08/2024,09:26:26,24630.7,24630.8,25,24634.95,25,4075,10976350
NIFTY-I.NFO,20/08/2024,09:26:28,24633.7,24631,25,24633.85,50,800,10976350
NIFTY-I.NFO,20/08/2024,09:26:30,24632.7,24631,225,24633,25,25,10976350
NIFTY-I.NFO,20/08/2024,09:26:31,24630,24628.9,25,24630,425,1000,10976350
NIFTY-I.NFO,20/08/2024,09:26:33,24631,24629.2,25,24634.05,200,525,10976350
NIFTY-I.NFO,20/08/2024,09:26:35,24630.15,24630.05,25,24634.6,200,100,10976350
NIFTY-I.NFO,20/08/2024,09:26:36,24630.7,24630.6,100,24634.95,25,75,10976350
NIFTY-I.NFO,20/08/2024,09:26:38,24630.05,24630.3,25,24634.95,200,1025,10976350
NIFTY-I.NFO,20/08/2024,09:26:40,24634.15,24630,75,24634.15,250,1775,10976350
NIFTY-I.NFO,20/08/2024,09:26:41,24633.55,24630.95,150,24633.2,25,125,10976350
NIFTY-I.NFO,20/08/2024,09:26:43,24634.15,24634.15,25,24635,25,100,10976350
NIFTY-I.NFO,20/08/2024,09:26:45,24634.15,24634.15,125,24635,25,25,10976350
NIFTY-I.NFO,20/08/2024,09:26:46,24633.85,24634.05,150,24637.95,175,400,10976350
NIFTY-I.NFO,20/08/2024,09:26:48,24634.15,24634.1,150,24638,100,25,10976350
NIFTY-I.NFO,20/08/2024,09:26:50,24635,24632.6,275,24634.95,25,100,10976350
NIFTY-I.NFO,20/08/2024,09:26:51,24635,24632.8,300,24635,450,50,10976350
NIFTY-I.NFO,20/08/2024,09:26:53,24635,24634.95,175,24638,125,600,10976350
NIFTY-I.NFO,20/08/2024,09:26:55,24635.3,24635.3,175,24638,125,50,10976350
NIFTY-I.NFO,20/08/2024,09:26:56,24634,24634,225,24637.6,300,825,10976350
NIFTY-I.NFO,20/08/2024,09:26:58,24636.6,24634,100,24636.6,100,475,10976350
NIFTY-I.NFO,20/08/2024,09:27:00,24636.6,24636.4,50,24637.7,25,0,10976350
NIFTY-I.NFO,20/08/2024,09:27:01,24634.45,24638,50,24638.95,100,75,10976350
NIFTY-I.NFO,20/08/2024,09:27:03,24638.95,24635,25,24638.45,175,200,10976350
NIFTY-I.NFO,20/08/2024,09:27:05,24638.85,24638.95,50,24639,150,75,10976350
NIFTY-I.NFO,20/08/2024,09:27:06,24635.65,24635,25,24636.6,25,525,10976350
NIFTY-I.NFO,20/08/2024,09:27:08,24640,24635,50,24639,25,225,10976350
NIFTY-I.NFO,20/08/2024,09:27:10,24635,24634,125,24637.95,150,75,10976350
NIFTY-I.NFO,20/08/2024,09:27:11,24634,24634,125,24636.95,25,50,10976350
NIFTY-I.NFO,20/08/2024,09:27:13,24634,24634,150,24638.05,25,0,10976350
NIFTY-I.NFO,20/08/2024,09:27:15,24637.3,24634,350,24637.7,50,575,10976350
NIFTY-I.NFO,20/08/2024,09:27:16,24637.3,24634,350,24637.75,75,0,10976350
NIFTY-I.NFO,20/08/2024,09:27:18,24637.75,24634.3,50,24638.7,25,25,10976350
NIFTY-I.NFO,20/08/2024,09:27:20,24634.9,24636.6,25,24639.3,25,25,10976350
NIFTY-I.NFO,20/08/2024,09:27:21,24639.3,24634.4,200,24638.9,50,75,10976350
NIFTY-I.NFO,20/08/2024,09:27:23,24634.45,24635,25,24637.55,25,50,10976350
NIFTY-I.NFO,20/08/2024,09:27:25,24634.45,24635,25,24637.35,25,0,10976350
NIFTY-I.NFO,20/08/2024,09:27:26,24634.45,24635,325,24637.7,25,0,10976350
NIFTY-I.NFO,20/08/2024,09:27:28,24635,24634.05,300,24637.7,25,250,10976350
NIFTY-I.NFO,20/08/2024,09:27:29,24634,24634,425,24637.75,125,25,10976350
NIFTY-I.NFO,20/08/2024,09:27:31,24634,24636.35,150,24637.75,125,25,10976350
NIFTY-I.NFO,20/08/2024,09:27:33,24635.1,24636.65,50,24637.75,125,250,10976350
NIFTY-I.NFO,20/08/2024,09:27:34,24637.7,24637.45,50,24637.75,125,25,10976350
NIFTY-I.NFO,20/08/2024,09:27:36,24637.75,24637.7,100,24637.75,75,50,10976350
NIFTY-I.NFO,20/08/2024,09:27:38,24638.7,24638.9,50,24639.65,50,350,10976350
NIFTY-I.NFO,20/08/2024,09:27:39,24639.65,24639.65,50,24640,525,100,10976350
NIFTY-I.NFO,20/08/2024,09:27:41,24639.6,24639.65,50,24640,525,300,10976350
NIFTY-I.NFO,20/08/2024,09:27:43,24639.15,24638.95,50,24640,475,100,10976350
NIFTY-I.NFO,20/08/2024,09:27:45,24638.95,24637.65,50,24639.95,125,25,10976350
NIFTY-I.NFO,20/08/2024,09:27:46,24639.15,24639.2,50,24640,400,425,10976350
NIFTY-I.NFO,20/08/2024,09:27:48,24639.2,24638.9,50,24640,375,50,10976350
NIFTY-I.NFO,20/08/2024,09:27:50,24639.2,24639.3,50,24640,400,0,10976350
NIFTY-I.NFO,20/08/2024,09:27:51,24640,24637.95,50,24639.85,25,25,10985375
NIFTY-I.NFO,20/08/2024,09:27:53,24638.3,24638.15,75,24640,375,25,10985375
NIFTY-I.NFO,20/08/2024,09:27:55,24640,24638.15,125,24638.25,25,100,10985375
NIFTY-I.NFO,20/08/2024,09:27:56,24638.2,24638.2,100,24639,25,50,10985375
NIFTY-I.NFO,20/08/2024,09:27:58,24638.2,24638.25,50,24640,250,200,10985375
NIFTY-I.NFO,20/08/2024,09:28:00,24639.65,24638.25,175,24639,125,25,10985375
NIFTY-I.NFO,20/08/2024,09:28:01,24641,24640.95,150,24642.9,25,625,10985375
NIFTY-I.NFO,20/08/2024,09:28:03,24643,24642.2,25,24644.2,25,150,10985375
NIFTY-I.NFO,20/08/2024,09:28:05,24645,24642.2,125,24644,25,175,10985375
NIFTY-I.NFO,20/08/2024,09:28:06,24645,24642.2,50,24644.9,400,50,10985375
NIFTY-I.NFO,20/08/2024,09:28:08,24642.9,24642.9,125,24645,2425,75,10985375
NIFTY-I.NFO,20/08/2024,09:28:10,24645,24644,1000,24645,2325,100,10985375
NIFTY-I.NFO,20/08/2024,09:28:11,24645,24644,1000,24644.85,125,175,10985375
NIFTY-I.NFO,20/08/2024,09:28:13,24644.35,24644,925,24644.4,25,100,10985375
NIFTY-I.NFO,20/08/2024,09:28:15,24644,24644,875,24644.35,25,150,10985375
NIFTY-I.NFO,20/08/2024,09:28:16,24644,24644,1700,24645,1075,1400,10985375
NIFTY-I.NFO,20/08/2024,09:28:18,24645,24641.35,125,24643.95,25,2250,10985375
NIFTY-I.NFO,20/08/2024,09:28:20,24643.95,24642.15,125,24645,850,25,10985375
NIFTY-I.NFO,20/08/2024,09:28:21,24643.95,24642.15,125,24644,100,0,10985375
NIFTY-I.NFO,20/08/2024,09:28:23,24644.95,24642.15,350,24644.95,200,125,10985375
NIFTY-I.NFO,20/08/2024,09:28:25,24643.5,24642.15,225,24643.4,250,50,10985375
NIFTY-I.NFO,20/08/2024,09:28:26,24642.8,24642.15,250,24642.75,200,75,10985375
NIFTY-I.NFO,20/08/2024,09:28:28,24642.15,24642.15,175,24643.05,25,1950,10985375
NIFTY-I.NFO,20/08/2024,09:28:29,24642.85,24642.85,175,24643.95,50,125,10985375
NIFTY-I.NFO,20/08/2024,09:28:31,24642.85,24643.4,25,24644.5,150,75,10985375
NIFTY-I.NFO,20/08/2024,09:28:33,24644.3,24642.9,50,24644.5,100,250,10985375
NIFTY-I.NFO,20/08/2024,09:28:34,24645,24642.9,150,24645,825,175,10985375
NIFTY-I.NFO,20/08/2024,09:28:36,24644.55,24642.85,50,24645,450,725,10985375
NIFTY-I.NFO,20/08/2024,09:28:38,24645,24642.85,50,24645,350,200,10985375
NIFTY-I.NFO,20/08/2024,09:28:39,24645,24642.85,50,24644.4,275,0,10985375
NIFTY-I.NFO,20/08/2024,09:28:41,24645,24642.85,75,24644.25,350,0,10985375
NIFTY-I.NFO,20/08/2024,09:28:43,24644,24642.85,125,24644,25,225,10985375
NIFTY-I.NFO,20/08/2024,09:28:44,24645,24642.85,125,24645,200,100,10985375
NIFTY-I.NFO,20/08/2024,09:28:46,24645,24643,125,24645,700,200,10985375
NIFTY-I.NFO,20/08/2024,09:28:48,24645,24644,150,24645,700,0,10985375
NIFTY-I.NFO,20/08/2024,09:28:49,24644,24643,125,24645,625,200,10985375
NIFTY-I.NFO,20/08/2024,09:28:51,24644,24643,175,24643.95,25,0,10985375
NIFTY-I.NFO,20/08/2024,09:28:53,24644,24643,150,24643.95,25,0,10985375
NIFTY-I.NFO,20/08/2024,09:28:54,24644,24643.05,175,24645,525,175,10985375
NIFTY-I.NFO,20/08/2024,09:28:56,24643.05,24643.05,125,24644.1,75,75,10985375
NIFTY-I.NFO,20/08/2024,09:28:58,24643.05,24643,125,24644.1,75,25,10985375
NIFTY-I.NFO,20/08/2024,09:28:59,24644.25,24643,125,24644.65,25,50,10985375
NIFTY-I.NFO,20/08/2024,09:29:01,24644.55,24643,25,24643.9,75,100,10985375
NIFTY-I.NFO,20/08/2024,09:29:03,24643.85,24643,50,24644.15,225,250,10985375
NIFTY-I.NFO,20/08/2024,09:29:04,24644.75,24643,25,24644.75,225,175,10985375
NIFTY-I.NFO,20/08/2024,09:29:06,24642.65,24642.65,125,24644.65,300,625,10985375
NIFTY-I.NFO,20/08/2024,09:29:08,24642.65,24642.65,225,24645.7,25,0,10985375
NIFTY-I.NFO,20/08/2024,09:29:09,24642.65,24642.65,175,24643.85,75,50,10985375
NIFTY-I.NFO,20/08/2024,09:29:11,24643.85,24642.65,175,24644,25,75,10985375
NIFTY-I.NFO,20/08/2024,09:29:13,24642.65,24642.65,150,24644,25,25,10985375
NIFTY-I.NFO,20/08/2024,09:29:14,24642.65,24642.65,25,24643,100,50,10985375
NIFTY-I.NFO,20/08/2024,09:29:16,24643,24641.05,125,24644,75,275,10985375
NIFTY-I.NFO,20/08/2024,09:29:18,24643,24643,25,24644,175,0,10985375
NIFTY-I.NFO,20/08/2024,09:29:19,24643,24641.5,375,24644,75,25,10985375
NIFTY-I.NFO,20/08/2024,09:29:21,24643,24643,50,24644,275,25,10985375
NIFTY-I.NFO,20/08/2024,09:29:23,24643,24641.05,25,24643,350,75,10985375
NIFTY-I.NFO,20/08/2024,09:29:24,24643,24641,50,24643,375,50,10985375
NIFTY-I.NFO,20/08/2024,09:29:26,24643,24640.55,125,24643,225,2300,10985375
NIFTY-I.NFO,20/08/2024,09:29:28,24643,24640.1,125,24643,250,50,10985375
NIFTY-I.NFO,20/08/2024,09:29:29,24643,24640.1,25,24643,350,0,10985375
NIFTY-I.NFO,20/08/2024,09:29:31,24641.3,24641.3,125,24645.65,25,4000,10985375
NIFTY-I.NFO,20/08/2024,09:29:33,24641.05,24641.2,125,24645.15,125,175,10985375
NIFTY-I.NFO,20/08/2024,09:29:34,24640,24640,50,24643,25,50,10985375
NIFTY-I.NFO,20/08/2024,09:29:36,24643,24643,225,24643.9,150,100,10985375
NIFTY-I.NFO,20/08/2024,09:29:38,24643,24640,50,24642.85,150,250,10985375
NIFTY-I.NFO,20/08/2024,09:29:39,24642.85,24640,50,24643.1,150,50,10985375
NIFTY-I.NFO,20/08/2024,09:29:41,24640,24638.6,250,24642.95,125,50,10985375
NIFTY-I.NFO,20/08/2024,09:29:43,24642.8,24638.4,25,24642.4,125,25,10985375
NIFTY-I.NFO,20/08/2024,09:29:44,24642.35,24638.4,25,24642.35,125,25,10985375
NIFTY-I.NFO,20/08/2024,09:29:46,24638.65,24638.5,50,24642.6,25,25,10985375
NIFTY-I.NFO,20/08/2024,09:29:48,24638.4,24638.65,50,24642.6,25,25,10985375
NIFTY-I.NFO,20/08/2024,09:29:49,24643,24638.7,25,24642.9,150,275,10985375
NIFTY-I.NFO,20/08/2024,09:29:51,24642.5,24638.65,25,24642.55,125,750,10985375
NIFTY-I.NFO,20/08/2024,09:29:53,24642,24642.75,50,24643,50,75,10985375
NIFTY-I.NFO,20/08/2024,09:29:55,24644.3,24642.75,50,24644.1,125,575,10985375
NIFTY-I.NFO,20/08/2024,09:29:56,24644.1,24644.1,300,24644.5,25,50,10985375
NIFTY-I.NFO,20/08/2024,09:29:58,24640.85,24640.8,25,24644.95,200,925,10985375
NIFTY-I.NFO,20/08/2024,09:30:00,24640.85,24639.45,25,24643.1,200,0,10985375
NIFTY-I.NFO,20/08/2024,09:30:01,24643.1,24640,200,24644.45,175,50,10985375
NIFTY-I.NFO,20/08/2024,09:30:03,24644.95,24640.85,25,24644.1,25,225,10985375
NIFTY-I.NFO,20/08/2024,09:30:05,24644.1,24642.3,50,24645,250,50,10985375
NIFTY-I.NFO,20/08/2024,09:30:06,24643.65,24643,175,24645,325,700,10985375
NIFTY-I.NFO,20/08/2024,09:30:08,24643.65,24641.1,175,24645,450,0,10985375
NIFTY-I.NFO,20/08/2024,09:30:10,24645,24641.75,25,24644.6,150,125,10985375
NIFTY-I.NFO,20/08/2024,09:30:11,24643.9,24640.85,25,24643.95,25,75,10985375
NIFTY-I.NFO,20/08/2024,09:30:13,24642.4,24640.25,175,24644,150,50,10985375
NIFTY-I.NFO,20/08/2024,09:30:15,24644.5,24641.05,200,24644.5,450,475,10985375
NIFTY-I.NFO,20/08/2024,09:30:16,24644.45,24641.05,25,24644.5,450,75,10985375
NIFTY-I.NFO,20/08/2024,09:30:18,24641,24641,25,24644,1000,25,10985375
NIFTY-I.NFO,20/08/2024,09:30:20,24640.4,24640.4,125,24644,1000,50,10985375
NIFTY-I.NFO,20/08/2024,09:30:21,24640,24640,75,24641.05,25,75,10985375
NIFTY-I.NFO,20/08/2024,09:30:23,24641.05,24641,50,24643,75,75,10985375
NIFTY-I.NFO,20/08/2024,09:30:25,24641.05,24641,150,24643,75,0,10985375
NIFTY-I.NFO,20/08/2024,09:30:26,24641,24640.05,125,24644,1000,125,10985375
NIFTY-I.NFO,20/08/2024,09:30:28,24641,24640,250,24644,1000,0,10985375
NIFTY-I.NFO,20/08/2024,09:30:29,24640,24640,325,24644,1000,50,10985375
NIFTY-I.NFO,20/08/2024,09:30:31,24640,24641.3,175,24644,1000,0,10985375
NIFTY-I.NFO,20/08/2024,09:30:33,24641.5,24641.6,150,24644,1000,75,10985375
NIFTY-I.NFO,20/08/2024,09:30:34,24640.8,24640.8,175,24644,975,75,10985375
NIFTY-I.NFO,20/08/2024,09:30:36,24640.95,24641.55,225,24644,975,25,10985375
NIFTY-I.NFO,20/08/2024,09:30:38,24640.8,24640.8,100,24644,1175,50,10985375
NIFTY-I.NFO,20/08/2024,09:30:39,24644,24640.65,225,24644,925,200,10985375
NIFTY-I.NFO,20/08/2024,09:30:41,24644,24641,225,24644,675,325,10985375
NIFTY-I.NFO,20/08/2024,09:30:43,24644,24640.75,25,24644.5,450,4125,10985375
NIFTY-I.NFO,20/08/2024,09:30:44,24640.95,24640.95,125,24644.5,450,100,10985375
NIFTY-I.NFO,20/08/2024,09:30:46,24644,24640.1,800,24644.2,200,50,10985375
NIFTY-I.NFO,20/08/2024,09:30:48,24640.1,24640.1,675,24644.25,25,175,10985375
NIFTY-I.NFO,20/08/2024,09:30:49,24644,24640.85,25,24644.5,450,200,10989625
NIFTY-I.NFO,20/08/2024,09:30:51,24640.85,24640.1,775,24644.45,200,100,10989625
NIFTY-I.NFO,20/08/2024,09:30:53,24644.45,24642.3,75,24644.45,200,25,10989625
NIFTY-I.NFO,20/08/2024,09:30:54,24644.45,24642.3,250,24643.95,200,0,10989625
NIFTY-I.NFO,20/08/2024,09:30:56,24644.5,24642.3,225,24644.45,125,575,10989625
NIFTY-I.NFO,20/08/2024,09:30:58,24642.3,24642.3,175,24644.45,75,100,10989625
NIFTY-I.NFO,20/08/2024,09:30:59,24642.3,24642.3,150,24644.3,50,125,10989625
NIFTY-I.NFO,20/08/2024,09:31:01,24644.5,24644.05,25,24644.5,100,275,10989625
NIFTY-I.NFO,20/08/2024,09:31:03,24646.8,24642.75,25,24646.4,300,1325,10989625
NIFTY-I.NFO,20/08/2024,09:31:04,24644.45,24644.45,75,24646.95,350,125,10989625
NIFTY-I.NFO,20/08/2024,09:31:06,24647.45,24647.25,200,24647.45,25,150,10989625
NIFTY-I.NFO,20/08/2024,09:31:08,24647.3,24647.3,175,24648,50,625,10989625
NIFTY-I.NFO,20/08/2024,09:31:09,24647.3,24647.3,25,24648.2,25,275,10989625
NIFTY-I.NFO,20/08/2024,09:31:11,24645.05,24647.3,225,24647.6,175,75,10989625
NIFTY-I.NFO,20/08/2024,09:31:13,24647.1,24644.05,250,24647.9,100,500,10989625
NIFTY-I.NFO,20/08/2024,09:31:14,24645.2,24645.2,225,24647.5,25,125,10989625
NIFTY-I.NFO,20/08/2024,09:31:16,24648.6,24647.75,25,24648.95,25,300,10989625
NIFTY-I.NFO,20/08/2024,09:31:18,24649,24645.25,50,24649,175,900,10989625
NIFTY-I.NFO,20/08/2024,09:31:19,24648.55,24645.25,375,24648.8,125,350,10989625
NIFTY-I.NFO,20/08/2024,09:31:21,24645.3,24647.15,25,24649,275,25,10989625
NIFTY-I.NFO,20/08/2024,09:31:23,24647.15,24647.15,250,24649,275,75,10989625
NIFTY-I.NFO,20/08/2024,09:31:24,24648.7,24647.15,225,24648.35,100,1325,10989625
NIFTY-I.NFO,20/08/2024,09:31:26,24647.15,24646,125,24646.95,100,225,10989625
NIFTY-I.NFO,20/08/2024,09:31:27,24646,24646,75,24647.7,225,100,10989625
NIFTY-I.NFO,20/08/2024,09:31:29,24646,24646,150,24648.2,325,25,10989625
NIFTY-I.NFO,20/08/2024,09:31:31,24646,24645.3,25,24647.5,100,75,10989625
NIFTY-I.NFO,20/08/2024,09:31:32,24645.3,24645,75,24645.3,75,125,10989625
NIFTY-I.NFO,20/08/2024,09:31:34,24645.3,24645,75,24645.3,25,75,10989625
NIFTY-I.NFO,20/08/2024,09:31:36,24645,24642.3,25,24645,25,175,10989625
NIFTY-I.NFO,20/08/2024,09:31:37,24644.6,24641,75,24644.2,200,50,10989625
NIFTY-I.NFO,20/08/2024,09:31:39,24644.5,24640.5,150,24644.5,25,350,10989625
NIFTY-I.NFO,20/08/2024,09:31:41,24644.5,24640.3,300,24644.25,25,100,10989625
NIFTY-I.NFO,20/08/2024,09:31:42,24644.45,24641.55,300,24645.15,25,100,10989625
NIFTY-I.NFO,20/08/2024,09:31:44,24646,24641.5,300,24644,25,50,10989625
NIFTY-I.NFO,20/08/2024,09:31:46,24640.65,24640.15,300,24644,25,175,10989625
NIFTY-I.NFO,20/08/2024,09:31:47,24640.3,24640.15,275,24644.15,50,1225,10989625
NIFTY-I.NFO,20/08/2024,09:31:49,24640.1,24643,25,24644.35,50,25,10989625
NIFTY-I.NFO,20/08/2024,09:31:51,24640.1,24640.1,700,24643.4,50,200,10989625
NIFTY-I.NFO,20/08/2024,09:31:52,24640.1,24640.1,725,24643.4,25,550,10989625
NIFTY-I.NFO,20/08/2024,09:31:54,24641.7,24640.1,450,24641.7,225,675,10989625
NIFTY-I.NFO,20/08/2024,09:31:56,24642.2,24641,125,24641.7,200,25,10989625
NIFTY-I.NFO,20/08/2024,09:31:57,24640.1,24640.1,275,24641.3,200,525,10989625
NIFTY-I.NFO,20/08/2024,09:31:59,24639.45,24639,150,24639.45,150,1050,10989625
NIFTY-I.NFO,20/08/2024,09:32:01,24638.65,24638,50,24638.65,25,375,10989625
NIFTY-I.NFO,20/08/2024,09:32:02,24637.9,24635.1,750,24639.2,25,975,10989625
NIFTY-I.NFO,20/08/2024,09:32:04,24635.1,24635,50,24637.6,75,800,10989625
NIFTY-I.NFO,20/08/2024,09:32:06,24636.95,24634,125,24637.45,25,150,10989625
NIFTY-I.NFO,20/08/2024,09:32:07,24632.6,24632.6,125,24636.7,25,75,10989625
NIFTY-I.NFO,20/08/2024,09:32:09,24636.6,24632.6,125,24636.6,25,550,10989625
NIFTY-I.NFO,20/08/2024,09:32:11,24637.55,24632.85,150,24637.5,25,75,10989625
NIFTY-I.NFO,20/08/2024,09:32:13,24632.85,24632,125,24635.75,100,100,10989625
NIFTY-I.NFO,20/08/2024,09:32:14,24636,24632,25,24635.8,200,25,10989625
NIFTY-I.NFO,20/08/2024,09:32:16,24635.55,24632,125,24635.95,50,250,10989625
NIFTY-I.NFO,20/08/2024,09:32:18,24633.8,24631.3,25,24633.8,150,400,10989625
NIFTY-I.NFO,20/08/2024,09:32:19,24634.65,24631.25,75,24634.8,50,225,10989625
NIFTY-I.NFO,20/08/2024,09:32:21,24634.65,24631.65,150,24634.95,25,0,10989625
NIFTY-I.NFO,20/08/2024,09:32:23,24634.95,24634.95,50,24636,25,25,10989625
NIFTY-I.NFO,20/08/2024,09:32:24,24634.85,24631.1,1900,24634.9,25,3150,10989625
NIFTY-I.NFO,20/08/2024,09:32:26,24634.3,24634,25,24634.3,225,25,10989625
NIFTY-I.NFO,20/08/2024,09:32:27,24634,24632,50,24635.3,225,25,10989625
NIFTY-I.NFO,20/08/2024,09:32:29,24635.3,24632,50,24634.3,200,25,10989625
NIFTY-I.NFO,20/08/2024,09:32:31,24634.3,24632,25,24634.3,175,50,10989625
NIFTY-I.NFO,20/08/2024,09:32:32,24634.3,24632.45,125,24634.95,100,175,10989625
NIFTY-I.NFO,20/08/2024,09:32:34,24633.7,24633,25,24634.95,75,50,10989625
NIFTY-I.NFO,20/08/2024,09:32:36,24634.95,24633.2,175,24635,100,775,10989625
NIFTY-I.NFO,20/08/2024,09:32:37,24634.3,24632.4,50,24635,175,25,10989625
NIFTY-I.NFO,20/08/2024,09:32:39,24636,24634.3,150,24636.2,200,275,10989625
NIFTY-I.NFO,20/08/2024,09:32:41,24637,24635.25,150,24637.55,200,225,10989625
NIFTY-I.NFO,20/08/2024,09:32:42,24637.55,24634.8,150,24637.55,175,100,10989625
NIFTY-I.NFO,20/08/2024,09:32:44,24637.55,24635.05,150,24639.5,25,0,10989625
NIFTY-I.NFO,20/08/2024,09:32:46,24638.95,24634.9,25,24638.8,25,150,10989625
NIFTY-I.NFO,20/08/2024,09:32:47,24638.95,24634.9,25,24638.7,50,0,10989625
NIFTY-I.NFO,20/08/2024,09:32:49,24635,24637.35,25,24637.55,25,25,10989625
NIFTY-I.NFO,20/08/2024,09:32:51,24635,24637.35,25,24637.45,25,0,10989625
NIFTY-I.NFO,20/08/2024,09:32:52,24640,24636.9,50,24640,300,150,10989625
NIFTY-I.NFO,20/08/2024,09:32:54,24639.85,24635.75,150,24640.05,25,350,10989625
NIFTY-I.NFO,20/08/2024,09:32:56,24640,24636.3,150,24640,250,100,10989625
NIFTY-I.NFO,20/08/2024,09:32:57,24640,24637.15,150,24640,50,250,10989625
NIFTY-I.NFO,20/08/2024,09:32:59,24641,24640.35,25,24641,125,200,10989625
NIFTY-I.NFO,20/08/2024,09:33:01,24643.95,24643.5,25,24644,75,275,10989625
NIFTY-I.NFO,20/08/2024,09:33:02,24640.25,24640.25,75,24644,25,575,10989625
NIFTY-I.NFO,20/08/2024,09:33:04,24644.5,24640.95,50,24642,25,125,10989625
NIFTY-I.NFO,20/08/2024,09:33:06,24643.95,24643.15,50,24643.95,250,225,10989625
NIFTY-I.NFO,20/08/2024,09:33:07,24639.7,24639.9,50,24643.95,100,150,10989625
NIFTY-I.NFO,20/08/2024,09:33:09,24643.2,24639.9,25,24643.1,200,300,10989625
NIFTY-I.NFO,20/08/2024,09:33:11,24642.95,24639.9,25,24642.95,125,200,10989625
NIFTY-I.NFO,20/08/2024,09:33:12,24640.95,24639.9,25,24643.25,200,275,10989625
NIFTY-I.NFO,20/08/2024,09:33:14,24644,24640.25,25,24644,25,325,10989625
NIFTY-I.NFO,20/08/2024,09:33:16,24644.5,24642.95,25,24644.5,500,75,10989625
NIFTY-I.NFO,20/08/2024,09:33:17,24644.5,24642.95,25,24644,25,25,10989625
NIFTY-I.NFO,20/08/2024,09:33:19,24642.95,24643,25,24644,125,25,10989625
NIFTY-I.NFO,20/08/2024,09:33:21,24643.95,24643,25,24644,125,150,10989625
NIFTY-I.NFO,20/08/2024,09:33:22,24643,24640,50,24643,525,75,10989625
NIFTY-I.NFO,20/08/2024,09:33:24,24640,24640.15,75,24643,75,375,10989625
NIFTY-I.NFO,20/08/2024,09:33:26,24640.1,24640,25,24643,25,150,10989625
NIFTY-I.NFO,20/08/2024,09:33:27,24643,24641.15,50,24643,25,75,10989625
NIFTY-I.NFO,20/08/2024,09:33:29,24643,24640.4,25,24642.9,100,0,10989625
NIFTY-I.NFO,20/08/2024,09:33:32,24640.4,24640,200,24642.9,100,75,10989625
NIFTY-I.NFO,20/08/2024,09:33:34,24640,24640,200,24642.7,150,50,10989625
NIFTY-I.NFO,20/08/2024,09:33:36,24640.4,24640.4,125,24641,25,550,10989625
NIFTY-I.NFO,20/08/2024,09:33:37,24642,24641.1,150,24642.9,100,50,10989625
NIFTY-I.NFO,20/08/2024,09:33:39,24643,24641.4,50,24644,50,225,10989625
NIFTY-I.NFO,20/08/2024,09:33:41,24644,24641.4,200,24644,25,25,10989625
NIFTY-I.NFO,20/08/2024,09:33:42,24644,24644,400,24644.5,350,250,10989625
NIFTY-I.NFO,20/08/2024,09:33:44,24644,24644,350,24644.5,350,50,10989625
NIFTY-I.NFO,20/08/2024,09:33:46,24644,24644,425,24646,25,900,10989625
NIFTY-I.NFO,20/08/2024,09:33:47,24646.95,24644,425,24646.95,175,50,10989625
NIFTY-I.NFO,20/08/2024,09:33:49,24646.95,24644,450,24646.95,25,150,10989625
NIFTY-I.NFO,20/08/2024,09:33:51,24647,24644.5,25,24647.25,125,1525,10988075
NIFTY-I.NFO,20/08/2024,09:33:52,24644.35,24644.4,50,24648.75,100,2425,10988075
NIFTY-I.NFO,20/08/2024,09:33:54,24648.9,24646.8,75,24648.85,25,50,10988075
NIFTY-I.NFO,20/08/2024,09:33:56,24648.05,24646.8,50,24648.45,125,125,10988075
NIFTY-I.NFO,20/08/2024,09:33:57,24648.7,24647.25,250,24648.4,125,100,10988075
NIFTY-I.NFO,20/08/2024,09:33:59,24646.8,24646,25,24647.2,100,675,10988075
NIFTY-I.NFO,20/08/2024,09:34:01,24643.3,24643.35,50,24646,25,275,10988075
NIFTY-I.NFO,20/08/2024,09:34:02,24646,24644.1,50,24647.75,25,25,10988075
NIFTY-I.NFO,20/08/2024,09:34:04,24641.8,24642.25,50,24643.55,25,50,10988075
NIFTY-I.NFO,20/08/2024,09:34:06,24646.95,24643.7,200,24647.75,25,1325,10988075
NIFTY-I.NFO,20/08/2024,09:34:07,24646.95,24645.25,200,24647.75,25,0,10988075
NIFTY-I.NFO,20/08/2024,09:34:09,24649,24648,75,24649.15,75,225,10988075
NIFTY-I.NFO,20/08/2024,09:34:11,24648,24648,25,24649.1,25,150,10988075
NIFTY-I.NFO,20/08/2024,09:34:12,24648.7,24644.6,50,24649.1,25,50,10988075
NIFTY-I.NFO,20/08/2024,09:34:14,24646.9,24646.9,525,24647.95,25,100,10988075
NIFTY-I.NFO,20/08/2024,09:34:16,24646.9,24646.9,500,24649.15,50,100,10988075
NIFTY-I.NFO,20/08/2024,09:34:17,24649.15,24646.9,500,24649.35,25,50,10988075
NIFTY-I.NFO,20/08/2024,09:34:19,24650,24647.25,25,24650,2650,5650,10988075
NIFTY-I.NFO,20/08/2024,09:34:21,24650,24647.25,25,24650,2425,275,10988075
NIFTY-I.NFO,20/08/2024,09:34:22,24650,24650,675,24650.55,25,2875,10988075
NIFTY-I.NFO,20/08/2024,09:34:24,24650,24650,2650,24650.75,25,425,10988075
NIFTY-I.NFO,20/08/2024,09:34:26,24650.75,24650,4700,24651,125,75,10988075
NIFTY-I.NFO,20/08/2024,09:34:28,24652,24650,4775,24652,450,1400,10988075
NIFTY-I.NFO,20/08/2024,09:34:29,24651.7,24650,4625,24651.75,25,300,10988075
NIFTY-I.NFO,20/08/2024,09:34:31,24650,24650,4550,24651.5,25,250,10988075
NIFTY-I.NFO,20/08/2024,09:34:33,24652.65,24650,4350,24652.65,25,900,10988075
NIFTY-I.NFO,20/08/2024,09:34:34,24651.75,24650,4400,24652.5,25,25,10988075
NIFTY-I.NFO,20/08/2024,09:34:36,24651.3,24650,4400,24651.3,25,850,10988075
NIFTY-I.NFO,20/08/2024,09:34:38,24650.8,24650,5700,24651,125,50,10988075
NIFTY-I.NFO,20/08/2024,09:34:39,24650,24650.45,25,24650.9,25,250,10988075
NIFTY-I.NFO,20/08/2024,09:34:41,24651.9,24650.9,100,24651.45,150,225,10988075
NIFTY-I.NFO,20/08/2024,09:34:43,24651.9,24651.05,50,24652,350,0,10988075
NIFTY-I.NFO,20/08/2024,09:34:44,24651.3,24651.15,25,24652.65,25,650,10988075
NIFTY-I.NFO,20/08/2024,09:34:46,24650.5,24650.55,25,24651.9,25,550,10988075
NIFTY-I.NFO,20/08/2024,09:34:48,24650.8,24651,25,24651.9,25,25,10988075
NIFTY-I.NFO,20/08/2024,09:34:49,24652,24652,100,24652.65,25,175,10988075
NIFTY-I.NFO,20/08/2024,09:34:51,24652.8,24652,625,24652.9,25,75,10988075
NIFTY-I.NFO,20/08/2024,09:34:53,24657,24656.05,100,24659,1750,9775,10988075
NIFTY-I.NFO,20/08/2024,09:34:53,24659,24656.05,100,24659,1750,0,10988075
NIFTY-I.NFO,20/08/2024,09:34:54,24658.5,24655.7,25,24658.4,75,1000,10988075
NIFTY-I.NFO,20/08/2024,09:34:56,24652.55,24652.5,25,24656.55,200,1375,10988075
NIFTY-I.NFO,20/08/2024,09:34:58,24656.2,24652,425,24656.4,50,325,10988075
NIFTY-I.NFO,20/08/2024,09:34:59,24656.6,24652,300,24655.85,50,300,10988075
NIFTY-I.NFO,20/08/2024,09:35:01,24652.3,24652.3,950,24655.65,100,225,10988075
NIFTY-I.NFO,20/08/2024,09:35:03,24653.75,24652.3,725,24653.75,100,575,10988075
NIFTY-I.NFO,20/08/2024,09:35:04,24653.75,24652.55,75,24653.85,100,5325,10988075
NIFTY-I.NFO,20/08/2024,09:35:06,24652,24651.2,1100,24652.05,125,3300,10988075
NIFTY-I.NFO,20/08/2024,09:35:08,24651.2,24651.2,925,24652.7,100,275,10988075
NIFTY-I.NFO,20/08/2024,09:35:09,24653.2,24651.2,900,24652.8,125,100,10988075
NIFTY-I.NFO,20/08/2024,09:35:11,24652.55,24651.2,875,24651.8,100,200,10988075
NIFTY-I.NFO,20/08/2024,09:35:13,24652,24651.2,850,24652,200,1600,10988075
NIFTY-I.NFO,20/08/2024,09:35:14,24651,24647.1,200,24651.05,25,2200,10988075
NIFTY-I.NFO,20/08/2024,09:35:16,24648.75,24649.2,200,24651,100,150,10988075
NIFTY-I.NFO,20/08/2024,09:35:18,24654.95,24651.25,200,24655.5,25,375,10988075
NIFTY-I.NFO,20/08/2024,09:35:19,24655.7,24650.75,200,24655.2,25,1025,10988075
NIFTY-I.NFO,20/08/2024,09:35:21,24652,24651.95,200,24656,50,150,10988075
NIFTY-I.NFO,20/08/2024,09:35:23,24656,24652.6,50,24655,25,375,10988075
NIFTY-I.NFO,20/08/2024,09:35:24,24656,24653.8,50,24655,25,0,10988075
NIFTY-I.NFO,20/08/2024,09:35:26,24655,24654.2,100,24656,100,225,10988075
NIFTY-I.NFO,20/08/2024,09:35:28,24654.85,24654.65,125,24656,75,50,10988075
NIFTY-I.NFO,20/08/2024,09:35:29,24655.9,24655,25,24655.9,225,25,10988075
NIFTY-I.NFO,20/08/2024,09:35:31,24656,24655,50,24656,75,275,10988075
NIFTY-I.NFO,20/08/2024,09:35:33,24654.65,24653.6,150,24657.95,25,825,10988075
NIFTY-I.NFO,20/08/2024,09:35:34,24654.65,24655.9,50,24658.9,25,0,10988075
NIFTY-I.NFO,20/08/2024,09:35:36,24655,24656,100,24658.45,25,225,10988075
NIFTY-I.NFO,20/08/2024,09:35:38,24654,24654,25,24657.35,25,125,10988075
NIFTY-I.NFO,20/08/2024,09:35:39,24657.4,24653.75,25,24657.45,25,250,10988075
NIFTY-I.NFO,20/08/2024,09:35:41,24654,24653.95,25,24658.3,25,525,10988075
NIFTY-I.NFO,20/08/2024,09:35:43,24653.85,24654,50,24658.15,50,25,10988075
NIFTY-I.NFO,20/08/2024,09:35:44,24658.15,24654.6,50,24658.65,25,275,10988075
NIFTY-I.NFO,20/08/2024,09:35:46,24659,24655.5,525,24659,1150,75,10988075
NIFTY-I.NFO,20/08/2024,09:35:48,24655.5,24655.5,450,24658.4,25,100,10988075
NIFTY-I.NFO,20/08/2024,09:35:49,24656.75,24656.55,125,24658,100,125,10988075
NIFTY-I.NFO,20/08/2024,09:35:51,24657.6,24657.6,250,24659,1075,250,10988075
NIFTY-I.NFO,20/08/2024,09:35:53,24658,24655.5,625,24657.5,25,175,10988075
NIFTY-I.NFO,20/08/2024,09:35:54,24659,24655.5,375,24659,675,600,10988075
NIFTY-I.NFO,20/08/2024,09:35:56,24658.45,24656,150,24658.45,200,225,10988075
NIFTY-I.NFO,20/08/2024,09:35:58,24658.15,24656,100,24658.95,175,100,10988075
NIFTY-I.NFO,20/08/2024,09:35:59,24658.55,24657.4,25,24658.95,150,100,10988075
NIFTY-I.NFO,20/08/2024,09:36:01,24658.85,24657.4,25,24658.2,25,150,10988075
NIFTY-I.NFO,20/08/2024,09:36:03,24656,24656,50,24657.4,25,50,10988075
NIFTY-I.NFO,20/08/2024,09:36:04,24659,24656,50,24659,600,325,10988075
NIFTY-I.NFO,20/08/2024,09:36:06,24656,24655.5,450,24657.4,250,200,10988075
NIFTY-I.NFO,20/08/2024,09:36:08,24657.4,24655.75,125,24657.4,175,75,10988075
NIFTY-I.NFO,20/08/2024,09:36:09,24655.5,24655.5,425,24656,25,325,10988075
NIFTY-I.NFO,20/08/2024,09:36:11,24659,24655.9,50,24659,175,925,10988075
NIFTY-I.NFO,20/08/2024,09:36:13,24659,24655.4,75,24659.4,25,3150,10988075
NIFTY-I.NFO,20/08/2024,09:36:13,24659.5,24655.4,75,24659.4,25,0,10988075
NIFTY-I.NFO,20/08/2024,09:36:14,24658.45,24656.25,75,24658.9,25,75,10988075
NIFTY-I.NFO,20/08/2024,09:36:16,24655.95,24656.25,25,24657,100,50,10988075
NIFTY-I.NFO,20/08/2024,09:36:18,24656.1,24656.1,50,24659.65,25,400,10988075
NIFTY-I.NFO,20/08/2024,09:36:18,24659.65,24656.1,50,24659.65,25,0,10988075
NIFTY-I.NFO,20/08/2024,09:36:19,24656.1,24655.45,200,24659.7,125,150,10988075
NIFTY-I.NFO,20/08/2024,09:36:19,24659.7,24655.45,200,24659.7,125,0,10988075
NIFTY-I.NFO,20/08/2024,09:36:21,24659.55,24655.5,50,24659.65,100,500,10988075
NIFTY-I.NFO,20/08/2024,09:36:23,24656.1,24656.1,25,24659,25,100,10988075
NIFTY-I.NFO,20/08/2024,09:36:24,24659.7,24655.1,50,24659.6,25,325,10988075
NIFTY-I.NFO,20/08/2024,09:36:26,24659,24656.1,50,24659.7,25,525,10988075
NIFTY-I.NFO,20/08/2024,09:36:26,24659.95,24656.1,50,24659.7,25,0,10988075
NIFTY-I.NFO,20/08/2024,09:36:28,24658.9,24655.4,25,24659.45,25,650,10988075
NIFTY-I.NFO,20/08/2024,09:36:29,24656.1,24655.4,25,24656.1,50,100,10988075
NIFTY-I.NFO,20/08/2024,09:36:31,24654,24654,200,24654.25,25,275,10988075
NIFTY-I.NFO,20/08/2024,09:36:33,24654,24654,50,24656.1,200,100,10988075
NIFTY-I.NFO,20/08/2024,09:36:34,24655,24654,50,24656.1,200,25,10988075
NIFTY-I.NFO,20/08/2024,09:36:36,24652,24651.3,300,24654,25,275,10988075
NIFTY-I.NFO,20/08/2024,09:36:38,24651.45,24651.5,300,24654,25,25,10988075
NIFTY-I.NFO,20/08/2024,09:36:39,24651.8,24652.2,300,24654,25,50,10988075
NIFTY-I.NFO,20/08/2024,09:36:41,24653.4,24652.95,200,24657.8,50,675,10988075
NIFTY-I.NFO,20/08/2024,09:36:43,24657.4,24653.35,175,24657.45,50,175,10988075
NIFTY-I.NFO,20/08/2024,09:36:44,24655,24654,850,24655,25,175,10988075
NIFTY-I.NFO,20/08/2024,09:36:46,24657.4,24654,725,24656.65,25,250,10988075
NIFTY-I.NFO,20/08/2024,09:36:48,24654,24654,650,24657.05,25,150,10988075
NIFTY-I.NFO,20/08/2024,09:36:49,24657.05,24655,225,24657.15,25,50,10988075
NIFTY-I.NFO,20/08/2024,09:36:51,24655,24655,50,24657.65,25,375,10996275
NIFTY-I.NFO,20/08/2024,09:36:53,24654.3,24654.4,50,24657.95,25,200,10996275
NIFTY-I.NFO,20/08/2024,09:36:54,24654.55,24654.1,50,24658,100,50,10996275
NIFTY-I.NFO,20/08/2024,09:36:56,24658,24654.1,50,24657.65,25,125,10996275
NIFTY-I.NFO,20/08/2024,09:36:58,24659.2,24655,50,24659.25,50,1125,10996275
NIFTY-I.NFO,20/08/2024,09:36:59,24657.15,24654.55,50,24658.85,25,100,10996275
NIFTY-I.NFO,20/08/2024,09:37:01,24659.45,24654.8,150,24659.15,25,100,10996275
NIFTY-I.NFO,20/08/2024,09:37:03,24658,24656.5,275,24660,4625,2350,10996275
NIFTY-I.NFO,20/08/2024,09:37:03,24660,24656.5,275,24660,4625,0,10996275
NIFTY-I.NFO,20/08/2024,09:37:04,24660,24656.5,50,24659.95,100,225,10996275
NIFTY-I.NFO,20/08/2024,09:37:06,24659.95,24657.5,25,24660,4875,50,10996275
NIFTY-I.NFO,20/08/2024,09:37:08,24655.1,24655.1,125,24658.95,25,75,10996275
NIFTY-I.NFO,20/08/2024,09:37:09,24659.9,24658,200,24659.8,25,275,10996275
NIFTY-I.NFO,20/08/2024,09:37:11,24658,24658,150,24659,25,50,10996275
NIFTY-I.NFO,20/08/2024,09:37:13,24655.2,24655.85,300,24659,50,225,10996275
NIFTY-I.NFO,20/08/2024,09:37:14,24655.4,24655.35,125,24658,25,525,10996275
NIFTY-I.NFO,20/08/2024,09:37:16,24656.5,24656.7,125,24660,5100,275,10996275
NIFTY-I.NFO,20/08/2024,09:37:18,24659,24656.65,200,24659,75,50,10996275
NIFTY-I.NFO,20/08/2024,09:37:19,24659,24657.95,125,24659,50,50,10996275
NIFTY-I.NFO,20/08/2024,09:37:21,24660,24657.95,50,24660,4000,1100,10996275
NIFTY-I.NFO,20/08/2024,09:37:23,24659.9,24657.25,50,24659.9,225,525,10996275
NIFTY-I.NFO,20/08/2024,09:37:24,24659.9,24656.7,125,24659.9,175,100,10996275
NIFTY-I.NFO,20/08/2024,09:37:26,24660,24657.45,150,24660,2575,1425,10996275
NIFTY-I.NFO,20/08/2024,09:37:28,24658.7,24657.85,50,24660,2675,25,10996275
NIFTY-I.NFO,20/08/2024,09:37:29,24658,24659,125,24660,2675,150,10996275
NIFTY-I.NFO,20/08/2024,09:37:31,24665,24663.5,25,24666,250,10600,10996275
NIFTY-I.NFO,20/08/2024,09:37:31,24666,24663.5,25,24666,250,0,10996275
NIFTY-I.NFO,20/08/2024,09:37:33,24663.45,24663.45,250,24667.05,25,2800,10996275
NIFTY-I.NFO,20/08/2024,09:37:33,24667.95,24663.45,250,24667.05,25,0,10996275
NIFTY-I.NFO,20/08/2024,09:37:34,24663.45,24663.45,200,24667.1,25,300,10996275
NIFTY-I.NFO,20/08/2024,09:37:36,24663.45,24663.45,150,24666.9,100,650,10996275
NIFTY-I.NFO,20/08/2024,09:37:38,24663.45,24663.5,150,24667,25,225,10996275
NIFTY-I.NFO,20/08/2024,09:37:39,24663.7,24664.1,125,24667,25,100,10996275
NIFTY-I.NFO,20/08/2024,09:37:41,24667.65,24663.65,25,24667.6,100,550,10996275
NIFTY-I.NFO,20/08/2024,09:37:43,24667.85,24663.2,25,24667.75,50,875,10996275
NIFTY-I.NFO,20/08/2024,09:37:44,24663,24663,1700,24665.25,25,150,10996275
NIFTY-I.NFO,20/08/2024,09:37:46,24663.6,24663,1700,24666,25,475,10996275
NIFTY-I.NFO,20/08/2024,09:37:48,24663,24663,1650,24666.3,150,100,10996275
NIFTY-I.NFO,20/08/2024,09:37:49,24666.5,24663.7,50,24667,50,150,10996275
NIFTY-I.NFO,20/08/2024,09:37:51,24663.95,24663.9,125,24667.1,25,275,10996275
NIFTY-I.NFO,20/08/2024,09:37:53,24665,24664.1,225,24666.8,25,100,10996275
NIFTY-I.NFO,20/08/2024,09:37:54,24664.65,24664.7,25,24666.8,25,1025,10996275
NIFTY-I.NFO,20/08/2024,09:37:56,24667.1,24665,25,24668,500,650,10996275
NIFTY-I.NFO,20/08/2024,09:37:56,24668,24665,25,24668,500,0,10996275
NIFTY-I.NFO,20/08/2024,09:37:58,24665,24663.9,25,24665,100,1925,10996275
NIFTY-I.NFO,20/08/2024,09:37:59,24665,24663.8,250,24665.7,25,350,10996275
NIFTY-I.NFO,20/08/2024,09:38:01,24667.15,24666.5,250,24667.85,50,175,10996275
NIFTY-I.NFO,20/08/2024,09:38:03,24669,24665.95,50,24669,150,1450,10996275
NIFTY-I.NFO,20/08/2024,09:38:03,24669,24665.95,50,24669,150,0,10996275
NIFTY-I.NFO,20/08/2024,09:38:04,24666.4,24666.4,50,24668,50,50,10996275
NIFTY-I.NFO,20/08/2024,09:38:06,24668.75,24665.6,75,24668.75,75,650,10996275
NIFTY-I.NFO,20/08/2024,09:38:08,24667,24666.3,250,24668.75,50,100,10996275
NIFTY-I.NFO,20/08/2024,09:38:09,24668.3,24669.8,50,24673.4,100,5175,10996275
NIFTY-I.NFO,20/08/2024,09:38:09,24672.7,24669.8,50,24673.4,100,0,10996275
NIFTY-I.NFO,20/08/2024,09:38:11,24669.8,24669.15,275,24673.45,25,75,10996275
NIFTY-I.NFO,20/08/2024,09:38:13,24669.15,24667,150,24670.8,225,1075,10996275
NIFTY-I.NFO,20/08/2024,09:38:13,24674,24667,150,24670.8,225,0,10996275
NIFTY-I.NFO,20/08/2024,09:38:14,24670.6,24667,150,24670.6,25,350,10996275
NIFTY-I.NFO,20/08/2024,09:38:16,24671.15,24667,125,24669.3,50,100,10996275
NIFTY-I.NFO,20/08/2024,09:38:18,24671,24668,25,24671.05,50,200,10996275
NIFTY-I.NFO,20/08/2024,09:38:19,24669.3,24669.45,25,24673.7,100,550,10996275
NIFTY-I.NFO,20/08/2024,09:38:21,24669.6,24669.3,25,24673.6,25,400,10996275
NIFTY-I.NFO,20/08/2024,09:38:23,24670,24671,100,24674,100,3125,10996275
NIFTY-I.NFO,20/08/2024,09:38:24,24671,24669.3,200,24670,1625,150,10996275
NIFTY-I.NFO,20/08/2024,09:38:26,24669.3,24669.3,75,24670,1575,175,10996275
NIFTY-I.NFO,20/08/2024,09:38:28,24670,24670.8,100,24671,125,1600,10996275
NIFTY-I.NFO,20/08/2024,09:38:29,24672.6,24672.6,25,24674,25,650,10996275
NIFTY-I.NFO,20/08/2024,09:38:31,24671.25,24674,25,24674.65,175,275,10996275
NIFTY-I.NFO,20/08/2024,09:38:31,24674.65,24674,25,24674.65,175,0,10996275
NIFTY-I.NFO,20/08/2024,09:38:33,24670.8,24670.75,200,24674.95,50,100,10996275
NIFTY-I.NFO,20/08/2024,09:38:33,24674.8,24670.75,200,24674.95,50,0,10996275
NIFTY-I.NFO,20/08/2024,09:38:34,24674,24671.9,125,24674,75,1400,10996275
NIFTY-I.NFO,20/08/2024,09:38:34,24675,24671.9,125,24674,75,0,10996275
NIFTY-I.NFO,20/08/2024,09:38:36,24674,24672.05,25,24674,50,75,10996275
NIFTY-I.NFO,20/08/2024,09:38:38,24674,24673.35,25,24674,50,50,10996275
NIFTY-I.NFO,20/08/2024,09:38:39,24672.6,24672.55,25,24675,1800,425,10996275
NIFTY-I.NFO,20/08/2024,09:38:41,24675,24672.05,50,24672.6,25,150,10996275
NIFTY-I.NFO,20/08/2024,09:38:43,24673,24672.75,75,24674,25,150,10996275
NIFTY-I.NFO,20/08/2024,09:38:44,24673,24673,75,24674,50,350,10996275
NIFTY-I.NFO,20/08/2024,09:38:46,24672.5,24672.5,50,24675,1550,150,10996275
NIFTY-I.NFO,20/08/2024,09:38:48,24675,24675,1175,24675.3,25,1650,10996275
NIFTY-I.NFO,20/08/2024,09:38:49,24675,24672,25,24675,50,3700,10996275
NIFTY-I.NFO,20/08/2024,09:38:49,24675.45,24672,25,24675,50,0,10996275
NIFTY-I.NFO,20/08/2024,09:38:51,24675,24672.2,25,24674.95,25,375,10996275
NIFTY-I.NFO,20/08/2024,09:38:53,24673.25,24673.35,50,24675,350,150,10996275
NIFTY-I.NFO,20/08/2024,09:38:54,24672.65,24672.5,75,24675,325,350,10996275
NIFTY-I.NFO,20/08/2024,09:38:56,24675,24673.35,25,24675,75,650,10996275
NIFTY-I.NFO,20/08/2024,09:38:58,24673.35,24673.15,25,24675,25,700,10996275
NIFTY-I.NFO,20/08/2024,09:39:00,24675.45,24673.8,25,24675.45,125,175,10996275
NIFTY-I.NFO,20/08/2024,09:39:01,24675,24675,25,24675.7,25,275,10996275
NIFTY-I.NFO,20/08/2024,09:39:01,24675.65,24675,25,24675.7,25,0,10996275
NIFTY-I.NFO,20/08/2024,09:39:03,24675.65,24674.2,25,24675.7,25,2375,10996275
NIFTY-I.NFO,20/08/2024,09:39:04,24677.4,24675.5,150,24677.45,100,1500,10996275
NIFTY-I.NFO,20/08/2024,09:39:04,24678,24675.5,150,24677.45,100,0,10996275
NIFTY-I.NFO,20/08/2024,09:39:06,24677.15,24675.55,50,24677.5,25,400,10996275
NIFTY-I.NFO,20/08/2024,09:39:08,24675.45,24673.95,25,24674.7,150,300,10996275
NIFTY-I.NFO,20/08/2024,09:39:09,24677.95,24675,1450,24678,300,525,10996275
NIFTY-I.NFO,20/08/2024,09:39:11,24675,24675,1150,24677,25,300,10996275
NIFTY-I.NFO,20/08/2024,09:39:13,24677.55,24675,75,24677,25,1400,10996275
NIFTY-I.NFO,20/08/2024,09:39:14,24677,24675,1200,24677,125,475,10996275
NIFTY-I.NFO,20/08/2024,09:39:16,24675,24675,1175,24676.65,25,350,10996275
NIFTY-I.NFO,20/08/2024,09:39:18,24675,24675,1550,24675.55,100,400,10996275
NIFTY-I.NFO,20/08/2024,09:39:19,24674.85,24673.5,150,24674.85,25,1925,10996275
NIFTY-I.NFO,20/08/2024,09:39:21,24671,24671,950,24673.7,25,975,10996275
NIFTY-I.NFO,20/08/2024,09:39:23,24673.5,24672.4,50,24673.5,75,750,10996275
NIFTY-I.NFO,20/08/2024,09:39:24,24672.4,24672.4,50,24673.5,25,150,10996275
NIFTY-I.NFO,20/08/2024,09:39:26,24671,24671,275,24673.75,25,600,10996275
NIFTY-I.NFO,20/08/2024,09:39:28,24670.9,24670.8,50,24671,225,475,10996275
NIFTY-I.NFO,20/08/2024,09:39:29,24670.6,24670.55,25,24671,200,175,10996275
NIFTY-I.NFO,20/08/2024,09:39:31,24675,24670.35,25,24674.6,125,2425,10996275
NIFTY-I.NFO,20/08/2024,09:39:33,24670,24670,50,24673,25,775,10996275
NIFTY-I.NFO,20/08/2024,09:39:34,24674.05,24670.3,25,24673.85,25,475,10996275
NIFTY-I.NFO,20/08/2024,09:39:36,24674.5,24670.4,50,24674.6,25,325,10996275
NIFTY-I.NFO,20/08/2024,09:39:38,24669.9,24670.45,50,24673.9,50,1200,10996275
NIFTY-I.NFO,20/08/2024,09:39:39,24670.2,24670.3,25,24673.95,25,475,10996275
NIFTY-I.NFO,20/08/2024,09:39:41,24670.9,24671.05,25,24674.7,25,700,10996275
NIFTY-I.NFO,20/08/2024,09:39:43,24674.05,24671.2,125,24674.4,25,225,10996275
NIFTY-I.NFO,20/08/2024,09:39:44,24675.3,24671.3,25,24675.1,100,2875,10996275
NIFTY-I.NFO,20/08/2024,09:39:46,24675,24675.05,250,24675.55,50,225,10996275
NIFTY-I.NFO,20/08/2024,09:39:48,24675.75,24675.2,125,24676.5,50,250,10996275
NIFTY-I.NFO,20/08/2024,09:39:49,24674,24674.4,25,24677,50,300,10996275
NIFTY-I.NFO,20/08/2024,09:39:51,24672.7,24674.2,25,24675,250,725,10996275
NIFTY-I.NFO,20/08/2024,09:39:53,24674.65,24674.4,25,24675,250,100,10987775
NIFTY-I.NFO,20/08/2024,09:39:54,24675,24674.5,25,24675,225,625,10987775
NIFTY-I.NFO,20/08/2024,09:39:56,24674.75,24673.4,25,24675,325,125,10987775
NIFTY-I.NFO,20/08/2024,09:39:58,24672.75,24673.15,25,24675,375,125,10987775
NIFTY-I.NFO,20/08/2024,09:39:59,24675.95,24675.5,25,24675.95,175,725,10987775
NIFTY-I.NFO,20/08/2024,09:40:01,24674.2,24673.7,125,24675.95,100,300,10987775
NIFTY-I.NFO,20/08/2024,09:40:03,24675,24675.05,25,24675.15,100,425,10987775
NIFTY-I.NFO,20/08/2024,09:40:04,24674.35,24673,25,24675,1525,850,10987775
NIFTY-I.NFO,20/08/2024,09:40:06,24674.25,24674,25,24675,750,900,10987775
NIFTY-I.NFO,20/08/2024,09:40:08,24675,24674.3,50,24675,575,275,10987775
NIFTY-I.NFO,20/08/2024,09:40:09,24675,24674.05,25,24675,2550,350,10987775
NIFTY-I.NFO,20/08/2024,09:40:11,24674.05,24673.7,250,24674,75,425,10987775
NIFTY-I.NFO,20/08/2024,09:40:13,24673.55,24673.7,50,24674.1,50,275,10987775
NIFTY-I.NFO,20/08/2024,09:40:14,24674.2,24673.75,25,24675,2525,275,10987775
NIFTY-I.NFO,20/08/2024,09:40:16,24678,24677.45,25,24678,150,3125,10987775
NIFTY-I.NFO,20/08/2024,09:40:18,24680,24678.15,200,24680,5750,2025,10987775
NIFTY-I.NFO,20/08/2024,09:40:18,24680,24678.15,200,24680,5750,0,10987775
NIFTY-I.NFO,20/08/2024,09:40:19,24680,24678.7,250,24680,4725,1275,10987775
NIFTY-I.NFO,20/08/2024,09:40:21,24680,24678.75,100,24680,4525,400,10987775
NIFTY-I.NFO,20/08/2024,09:40:23,24681.1,24680.3,50,24682,1850,5250,10987775
NIFTY-I.NFO,20/08/2024,09:40:23,24682,24680.3,50,24682,1850,0,10987775
NIFTY-I.NFO,20/08/2024,09:40:24,24680,24677.7,125,24681.5,25,175,10987775
NIFTY-I.NFO,20/08/2024,09:40:26,24678.7,24678.35,50,24678.7,25,725,10987775
NIFTY-I.NFO,20/08/2024,09:40:28,24681.85,24680,75,24681.1,125,275,10987775
NIFTY-I.NFO,20/08/2024,09:40:29,24677.55,24677.45,25,24681.3,25,1175,10987775
NIFTY-I.NFO,20/08/2024,09:40:31,24681.1,24681.1,400,24681.65,25,1800,10987775
NIFTY-I.NFO,20/08/2024,09:40:33,24681.65,24680,25,24681.45,75,475,10987775
NIFTY-I.NFO,20/08/2024,09:40:34,24680,24680,175,24681.7,25,1100,10987775
NIFTY-I.NFO,20/08/2024,09:40:36,24681.95,24680.75,125,24682,1325,1200,10987775
NIFTY-I.NFO,20/08/2024,09:40:38,24681.25,24680.75,150,24681.25,175,225,10987775
NIFTY-I.NFO,20/08/2024,09:40:39,24680.75,24680.75,300,24681.25,150,100,10987775
NIFTY-I.NFO,20/08/2024,09:40:41,24682,24680.75,325,24682,1125,525,10987775
NIFTY-I.NFO,20/08/2024,09:40:43,24682,24681.05,100,24682,400,1000,10987775
NIFTY-I.NFO,20/08/2024,09:40:44,24681.05,24681.05,375,24682,75,600,10987775
NIFTY-I.NFO,20/08/2024,09:40:46,24681.05,24681.1,200,24681.95,75,425,10987775
NIFTY-I.NFO,20/08/2024,09:40:48,24681.6,24681.6,25,24681.95,75,175,10987775
NIFTY-I.NFO,20/08/2024,09:40:49,24682.2,24682.4,50,24682.8,150,150,10987775
NIFTY-I.NFO,20/08/2024,09:40:49,24682.2,24682.4,50,24682.8,150,0,10987775
NIFTY-I.NFO,20/08/2024,09:40:51,24684.45,24684.4,25,24684.6,25,850,10987775
NIFTY-I.NFO,20/08/2024,09:40:51,24684.45,24684.4,25,24684.6,25,0,10987775
NIFTY-I.NFO,20/08/2024,09:40:53,24684.6,24684.65,150,24684.9,3075,25,10987775
NIFTY-I.NFO,20/08/2024,09:40:53,24684.6,24684.65,150,24684.9,3075,0,10987775
NIFTY-I.NFO,20/08/2024,09:40:54,24684.9,24684.65,225,24684.9,2950,250,10987775
NIFTY-I.NFO,20/08/2024,09:40:54,24684.9,24684.65,225,24684.9,2950,0,10987775
NIFTY-I.NFO,20/08/2024,09:40:56,24684.9,24684.65,225,24684.9,2550,650,10987775
NIFTY-I.NFO,20/08/2024,09:40:58,24684.65,24684.65,175,24684.9,2225,400,10987775
NIFTY-I.NFO,20/08/2024,09:40:59,24684.9,24684.75,50,24684.9,1875,400,10987775
NIFTY-I.NFO,20/08/2024,09:41:01,24687,24687.15,75,24687.9,25,6775,10987775
NIFTY-I.NFO,20/08/2024,09:41:01,24687,24687.15,75,24687.9,25,0,10987775
NIFTY-I.NFO,20/08/2024,09:41:03,24687.15,24687.15,200,24688,525,250,10987775
NIFTY-I.NFO,20/08/2024,09:41:03,24687.9,24687.15,200,24688,525,0,10987775
NIFTY-I.NFO,20/08/2024,09:41:04,24685.9,24687.15,150,24688,275,1125,10987775
NIFTY-I.NFO,20/08/2024,09:41:04,24688,24687.15,150,24688,275,0,10987775
NIFTY-I.NFO,20/08/2024,09:41:06,24686.3,24686.1,225,24687.15,475,550,10987775
NIFTY-I.NFO,20/08/2024,09:41:08,24687.15,24685,75,24687.15,525,175,10987775
NIFTY-I.NFO,20/08/2024,09:41:09,24684.9,24684.9,25,24685.9,450,625,10987775
NIFTY-I.NFO,20/08/2024,09:41:11,24684,24683.45,125,24685.9,425,225,10987775
NIFTY-I.NFO,20/08/2024,09:41:13,24685.9,24683.7,150,24685.9,300,175,10987775
NIFTY-I.NFO,20/08/2024,09:41:14,24685,24685,50,24685.9,250,125,10987775
NIFTY-I.NFO,20/08/2024,09:41:16,24686.35,24683,475,24686.4,25,1425,10987775
NIFTY-I.NFO,20/08/2024,09:41:18,24682.2,24682.4,25,24683.7,25,1200,10987775
NIFTY-I.NFO,20/08/2024,09:41:19,24683.75,24683.2,25,24683.7,225,250,10987775
NIFTY-I.NFO,20/08/2024,09:41:21,24682.75,24682.75,50,24683.7,25,900,10987775
NIFTY-I.NFO,20/08/2024,09:41:23,24684.75,24684.75,125,24685,1825,725,10987775
NIFTY-I.NFO,20/08/2024,09:41:24,24684.6,24684.4,25,24685.9,100,2550,10987775
NIFTY-I.NFO,20/08/2024,09:41:26,24685,24685,225,24685.9,50,225,10987775
NIFTY-I.NFO,20/08/2024,09:41:28,24685,24685,100,24686.4,50,300,10987775
NIFTY-I.NFO,20/08/2024,09:41:29,24686.65,24685,150,24686.7,25,225,10987775
NIFTY-I.NFO,20/08/2024,09:41:31,24687,24685.9,25,24687,100,250,10987775
NIFTY-I.NFO,20/08/2024,09:41:33,24687,24687,125,24687.75,100,300,10987775
NIFTY-I.NFO,20/08/2024,09:41:34,24687,24686.4,50,24687.8,25,200,10987775
NIFTY-I.NFO,20/08/2024,09:41:36,24687.75,24685,125,24687.8,25,75,10987775
NIFTY-I.NFO,20/08/2024,09:41:38,24685.95,24685.9,75,24687.85,25,125,10987775
NIFTY-I.NFO,20/08/2024,09:41:39,24689.15,24685.4,100,24689.15,1125,2400,10987775
NIFTY-I.NFO,20/08/2024,09:41:39,24689.15,24685.4,100,24689.15,1125,0,10987775
NIFTY-I.NFO,20/08/2024,09:41:41,24687,24686.9,25,24687,75,275,10987775
NIFTY-I.NFO,20/08/2024,09:41:43,24685,24685,50,24688.4,25,300,10987775
NIFTY-I.NFO,20/08/2024,09:41:44,24686,24686,125,24689,25,200,10987775
NIFTY-I.NFO,20/08/2024,09:41:46,24687.75,24687.75,175,24689.15,1025,1125,10987775
NIFTY-I.NFO,20/08/2024,09:41:48,24687.75,24687.75,75,24688,25,125,10987775
NIFTY-I.NFO,20/08/2024,09:41:49,24689.15,24687.75,50,24689.15,1025,250,10987775
NIFTY-I.NFO,20/08/2024,09:41:51,24689.15,24686,100,24689.15,950,150,10987775
NIFTY-I.NFO,20/08/2024,09:41:53,24688,24686,100,24688,675,100,10987775
NIFTY-I.NFO,20/08/2024,09:41:54,24687,24685.1,1100,24688,675,350,10987775
NIFTY-I.NFO,20/08/2024,09:41:56,24688,24685.2,25,24688,600,100,10987775
NIFTY-I.NFO,20/08/2024,09:41:58,24688,24685.1,1100,24687.8,50,150,10987775
NIFTY-I.NFO,20/08/2024,09:41:59,24685.1,24685.1,1000,24688,525,325,10987775
NIFTY-I.NFO,20/08/2024,09:42:01,24685.1,24685.1,850,24688,475,275,10987775
NIFTY-I.NFO,20/08/2024,09:42:03,24685.2,24685.2,750,24687.75,25,375,10987775
NIFTY-I.NFO,20/08/2024,09:42:04,24685.2,24685.2,650,24687.15,125,225,10987775
NIFTY-I.NFO,20/08/2024,09:42:06,24685.2,24685.2,575,24687.95,25,2100,10987775
NIFTY-I.NFO,20/08/2024,09:42:08,24685.3,24685.3,225,24687,1025,300,10987775
NIFTY-I.NFO,20/08/2024,09:42:09,24687,24686,25,24687,350,800,10987775
NIFTY-I.NFO,20/08/2024,09:42:11,24686.35,24686.3,25,24686.35,25,375,10987775
NIFTY-I.NFO,20/08/2024,09:42:13,24687.95,24686.35,25,24688,475,150,10987775
NIFTY-I.NFO,20/08/2024,09:42:14,24685.4,24685.4,500,24686.3,225,225,10987775
NIFTY-I.NFO,20/08/2024,09:42:16,24685.4,24685.4,350,24686.3,225,250,10987775
NIFTY-I.NFO,20/08/2024,09:42:18,24685.4,24685.4,325,24688,475,625,10987775
NIFTY-I.NFO,20/08/2024,09:42:19,24685.4,24685.4,100,24685.9,50,325,10987775
NIFTY-I.NFO,20/08/2024,09:42:21,24685.4,24685.25,25,24685.4,25,150,10987775
NIFTY-I.NFO,20/08/2024,09:42:23,24685.3,24685.2,650,24685.3,25,75,10987775
NIFTY-I.NFO,20/08/2024,09:42:24,24687,24685.6,250,24687,25,2000,10987775
NIFTY-I.NFO,20/08/2024,09:42:26,24686,24685.95,50,24687,25,125,10987775
NIFTY-I.NFO,20/08/2024,09:42:27,24686.1,24686.1,125,24687.45,750,500,10987775
NIFTY-I.NFO,20/08/2024,09:42:29,24687.45,24687,900,24687.45,625,250,10987775
NIFTY-I.NFO,20/08/2024,09:42:31,24687.45,24687,1925,24687.45,75,700,10987775
NIFTY-I.NFO,20/08/2024,09:42:32,24688.95,24687.15,25,24689.8,50,1900,10987775
NIFTY-I.NFO,20/08/2024,09:42:32,24689.75,24687.15,25,24689.8,50,0,10987775
NIFTY-I.NFO,20/08/2024,09:42:34,24687.25,24687.25,200,24687.85,100,150,10987775
NIFTY-I.NFO,20/08/2024,09:42:36,24687.3,24687.35,100,24690,5775,550,10987775
NIFTY-I.NFO,20/08/2024,09:42:36,24690,24687.35,100,24690,5775,0,10987775
NIFTY-I.NFO,20/08/2024,09:42:37,24687.2,24687,2675,24690,5350,850,10987775
NIFTY-I.NFO,20/08/2024,09:42:39,24687,24687,2625,24688,25,275,10987775
NIFTY-I.NFO,20/08/2024,09:42:41,24687,24687,1800,24688,25,1300,10987775
NIFTY-I.NFO,20/08/2024,09:42:42,24688,24687.05,275,24689.95,25,400,10987775
NIFTY-I.NFO,20/08/2024,09:42:44,24687.1,24687.1,75,24687.3,75,250,10987775
NIFTY-I.NFO,20/08/2024,09:42:46,24689.3,24687.3,25,24689.05,175,175,10987775
NIFTY-I.NFO,20/08/2024,09:42:47,24685.1,24685.1,50,24686.65,100,2525,10987775
NIFTY-I.NFO,20/08/2024,09:42:49,24685,24685,2450,24685.15,25,1375,10987775
NIFTY-I.NFO,20/08/2024,09:42:51,24686.95,24685.1,250,24686.95,75,200,10987775
NIFTY-I.NFO,20/08/2024,09:42:52,24685.1,24685.1,125,24686.8,75,500,10985325
NIFTY-I.NFO,20/08/2024,09:42:54,24685.2,24685.2,75,24686.75,25,175,10985325
NIFTY-I.NFO,20/08/2024,09:42:56,24684.3,24683.25,25,24684.35,50,2925,10985325
NIFTY-I.NFO,20/08/2024,09:42:57,24685.6,24685.65,675,24685.95,75,1925,10985325
NIFTY-I.NFO,20/08/2024,09:42:59,24682.65,24682.65,150,24684.7,50,1375,10985325
NIFTY-I.NFO,20/08/2024,09:43:01,24683.2,24683.2,25,24685,25,875,10985325
NIFTY-I.NFO,20/08/2024,09:43:02,24685,24683.3,50,24685.1,75,400,10985325
NIFTY-I.NFO,20/08/2024,09:43:04,24684.25,24684.1,25,24685.4,50,275,10985325
NIFTY-I.NFO,20/08/2024,09:43:06,24685,24686.75,175,24689,400,1950,10985325
NIFTY-I.NFO,20/08/2024,09:43:07,24687.75,24687.95,75,24689,400,125,10985325
NIFTY-I.NFO,20/08/2024,09:43:09,24689,24688.35,25,24689,125,500,10985325
NIFTY-I.NFO,20/08/2024,09:43:11,24689.05,24689.1,250,24690,5450,300,10985325
NIFTY-I.NFO,20/08/2024,09:43:12,24689.25,24689.25,125,24690,5125,600,10985325
NIFTY-I.NFO,20/08/2024,09:43:14,24688,24688.2,25,24689.35,25,525,10985325
NIFTY-I.NFO,20/08/2024,09:43:16,24688.8,24689.25,50,24690,4825,725,10985325
NIFTY-I.NFO,20/08/2024,09:43:17,24691.1,24691.1,250,24692.2,300,8900,10985325
NIFTY-I.NFO,20/08/2024,09:43:17,24692.2,24691.1,250,24692.2,300,0,10985325
NIFTY-I.NFO,20/08/2024,09:43:19,24692.2,24692.2,50,24692.45,125,950,10985325
NIFTY-I.NFO,20/08/2024,09:43:21,24691.3,24691.3,25,24692,50,100,10985325
NIFTY-I.NFO,20/08/2024,09:43:21,24692.4,24691.3,25,24692,50,0,10985325
NIFTY-I.NFO,20/08/2024,09:43:22,24693.2,24690.6,250,24691.1,25,650,10985325
NIFTY-I.NFO,20/08/2024,09:43:22,24693.2,24690.6,250,24691.1,25,0,10985325
NIFTY-I.NFO,20/08/2024,09:43:24,24692,24691.1,25,24692,75,2900,10985325
NIFTY-I.NFO,20/08/2024,09:43:24,24694,24691.1,25,24692,75,0,10985325
NIFTY-I.NFO,20/08/2024,09:43:26,24692,24693.2,25,24693.95,125,75,10985325
NIFTY-I.NFO,20/08/2024,09:43:28,24692.1,24692,2850,24693.15,25,1400,10985325
NIFTY-I.NFO,20/08/2024,09:43:29,24692,24692,2525,24693,25,525,10985325
NIFTY-I.NFO,20/08/2024,09:43:31,24694,24692,2525,24694,2700,250,10985325
NIFTY-I.NFO,20/08/2024,09:43:33,24692.1,24692.15,75,24693.2,175,825,10985325
NIFTY-I.NFO,20/08/2024,09:43:34,24692.95,24692.15,25,24693.95,25,300,10985325
NIFTY-I.NFO,20/08/2024,09:43:36,24692.5,24692.5,25,24694,2675,100,10985325
NIFTY-I.NFO,20/08/2024,09:43:38,24694,24692.95,25,24694,3700,225,10985325
NIFTY-I.NFO,20/08/2024,09:43:39,24692.25,24692,2850,24694,2625,1050,10985325
NIFTY-I.NFO,20/08/2024,09:43:41,24694,24692,2850,24694,2325,325,10985325
NIFTY-I.NFO,20/08/2024,09:43:43,24692,24692,2950,24694,2250,200,10985325
NIFTY-I.NFO,20/08/2024,09:43:44,24692.2,24692.3,25,24694,1975,400,10985325
NIFTY-I.NFO,20/08/2024,09:43:46,24694,24692.5,75,24694,150,1900,10985325
NIFTY-I.NFO,20/08/2024,09:43:48,24692.95,24693.05,50,24694,125,225,10985325
NIFTY-I.NFO,20/08/2024,09:43:49,24693.05,24693.5,25,24694,75,225,10985325
NIFTY-I.NFO,20/08/2024,09:43:51,24694.4,24694.05,200,24694.4,2300,375,10985325
NIFTY-I.NFO,20/08/2024,09:43:51,24694.4,24694.05,200,24694.4,2300,0,10985325
NIFTY-I.NFO,20/08/2024,09:43:53,24694.7,24694.65,75,24694.7,4450,3025,10985325
NIFTY-I.NFO,20/08/2024,09:43:53,24694.7,24694.65,75,24694.7,4450,0,10985325
NIFTY-I.NFO,20/08/2024,09:43:54,24695.1,24695.65,75,24695.95,750,7850,10985325
NIFTY-I.NFO,20/08/2024,09:43:54,24695.8,24695.65,75,24695.95,750,0,10985325
NIFTY-I.NFO,20/08/2024,09:43:56,24695.3,24695.2,50,24695.95,675,550,10985325
NIFTY-I.NFO,20/08/2024,09:43:56,24695.95,24695.2,50,24695.95,675,0,10985325
NIFTY-I.NFO,20/08/2024,09:43:58,24696,24695.35,25,24696.4,50,1025,10985325
NIFTY-I.NFO,20/08/2024,09:43:58,24696,24695.35,25,24696.4,50,0,10985325
NIFTY-I.NFO,20/08/2024,09:43:59,24695.35,24696,50,24696.4,25,150,10985325
NIFTY-I.NFO,20/08/2024,09:43:59,24696.4,24696,50,24696.4,25,0,10985325
NIFTY-I.NFO,20/08/2024,09:44:01,24696.4,24696.4,25,24696.45,25,75,10985325
NIFTY-I.NFO,20/08/2024,09:44:03,24696.3,24696.45,25,24697,450,450,10985325
NIFTY-I.NFO,20/08/2024,09:44:03,24697,24696.45,25,24697,450,0,10985325
NIFTY-I.NFO,20/08/2024,09:44:04,24696,24696,600,24697,450,950,10985325
NIFTY-I.NFO,20/08/2024,09:44:06,24696,24696,650,24697,375,475,10985325
NIFTY-I.NFO,20/08/2024,09:44:08,24697.7,24697,50,24697.75,125,950,10985325
NIFTY-I.NFO,20/08/2024,09:44:08,24697.7,24697,50,24697.75,125,0,10985325
NIFTY-I.NFO,20/08/2024,09:44:09,24697.5,24696,50,24697.05,100,3500,10985325
NIFTY-I.NFO,20/08/2024,09:44:09,24698,24696,50,24697.05,100,0,10985325
NIFTY-I.NFO,20/08/2024,09:44:11,24695.05,24695.05,50,24696.9,25,2150,10985325
NIFTY-I.NFO,20/08/2024,09:44:13,24696,24695,1850,24696,425,150,10985325
NIFTY-I.NFO,20/08/2024,09:44:14,24694,24692.2,25,24694,25,2475,10985325
NIFTY-I.NFO,20/08/2024,09:44:16,24695,24692.85,25,24694.9,25,350,10985325
NIFTY-I.NFO,20/08/2024,09:44:18,24692,24692,600,24693.85,25,75,10985325
NIFTY-I.NFO,20/08/2024,09:44:19,24694.15,24692,450,24694.05,25,475,10985325
NIFTY-I.NFO,20/08/2024,09:44:21,24692,24692,250,24693.35,100,575,10985325
NIFTY-I.NFO,20/08/2024,09:44:23,24692.15,24690.05,100,24692,25,850,10985325
NIFTY-I.NFO,20/08/2024,09:44:24,24692,24690.05,100,24692,200,650,10985325
NIFTY-I.NFO,20/08/2024,09:44:26,24690.05,24690.55,50,24692,175,325,10985325
NIFTY-I.NFO,20/08/2024,09:44:27,24690.05,24690,325,24692,100,225,10985325
NIFTY-I.NFO,20/08/2024,09:44:29,24690.6,24690.55,50,24692,100,675,10985325
NIFTY-I.NFO,20/08/2024,09:44:31,24695,24689.6,50,24692.95,25,925,10985325
NIFTY-I.NFO,20/08/2024,09:44:32,24688.8,24687.65,100,24689.6,50,150,10985325
NIFTY-I.NFO,20/08/2024,09:44:34,24690,24687.85,25,24690,50,150,10985325
NIFTY-I.NFO,20/08/2024,09:44:36,24688.1,24688.1,175,24692,50,200,10985325
NIFTY-I.NFO,20/08/2024,09:44:37,24691.95,24688,50,24689.85,650,125,10985325
NIFTY-I.NFO,20/08/2024,09:44:39,24687.85,24688.8,25,24689.85,650,100,10985325
NIFTY-I.NFO,20/08/2024,09:44:41,24688,24687.85,25,24689.85,625,150,10985325
NIFTY-I.NFO,20/08/2024,09:44:42,24688.15,24688.2,25,24689.85,550,600,10985325
NIFTY-I.NFO,20/08/2024,09:44:44,24688.9,24689.15,50,24689.85,200,450,10985325
NIFTY-I.NFO,20/08/2024,09:44:46,24690.3,24690.25,25,24693,25,1475,10985325
NIFTY-I.NFO,20/08/2024,09:44:47,24690.25,24690.25,125,24694.25,25,2250,10985325
NIFTY-I.NFO,20/08/2024,09:44:49,24690.25,24690.6,25,24694.1,25,325,10985325
NIFTY-I.NFO,20/08/2024,09:44:51,24692.9,24691.1,25,24692.85,25,1350,10985325
NIFTY-I.NFO,20/08/2024,09:44:52,24688.55,24688.55,175,24692.95,50,375,10985325
NIFTY-I.NFO,20/08/2024,09:44:54,24692.55,24688.65,50,24692.6,50,100,10985325
NIFTY-I.NFO,20/08/2024,09:44:56,24692.9,24692.85,150,24692.95,25,225,10985325
NIFTY-I.NFO,20/08/2024,09:44:57,24688.3,24688.3,25,24692.5,25,325,10985325
NIFTY-I.NFO,20/08/2024,09:44:59,24693,24690,25,24693,25,125,10985325
NIFTY-I.NFO,20/08/2024,09:45:01,24692.85,24690.45,175,24694.8,25,100,10985325
NIFTY-I.NFO,20/08/2024,09:45:02,24695.1,24690.9,25,24695,25,1525,10985325
NIFTY-I.NFO,20/08/2024,09:45:04,24695.2,24692.15,100,24695,25,325,10985325
NIFTY-I.NFO,20/08/2024,09:45:06,24695.55,24690.65,25,24695.45,25,450,10985325
NIFTY-I.NFO,20/08/2024,09:45:07,24694.65,24691.3,125,24694.95,100,575,10985325
NIFTY-I.NFO,20/08/2024,09:45:09,24695,24691.1,250,24695,100,850,10985325
NIFTY-I.NFO,20/08/2024,09:45:11,24695.05,24691,150,24693.75,25,175,10985325
NIFTY-I.NFO,20/08/2024,09:45:12,24689.35,24692.5,125,24693.7,25,225,10985325
NIFTY-I.NFO,20/08/2024,09:45:14,24692,24692,50,24693.6,25,275,10985325
NIFTY-I.NFO,20/08/2024,09:45:16,24691,24690,175,24691.95,25,1025,10985325
NIFTY-I.NFO,20/08/2024,09:45:17,24689,24688.6,50,24689.45,25,475,10985325
NIFTY-I.NFO,20/08/2024,09:45:19,24690.35,24688.15,325,24690.25,25,1275,10985325
NIFTY-I.NFO,20/08/2024,09:45:21,24685,24685,25,24685.45,25,1575,10985325
NIFTY-I.NFO,20/08/2024,09:45:22,24688.15,24685,25,24687.7,75,650,10985325
NIFTY-I.NFO,20/08/2024,09:45:24,24685.1,24685.1,100,24686.65,25,175,10985325
NIFTY-I.NFO,20/08/2024,09:45:26,24685.5,24685,150,24685.5,825,300,10985325
NIFTY-I.NFO,20/08/2024,09:45:27,24685.1,24685,100,24688.95,25,1100,10985325
NIFTY-I.NFO,20/08/2024,09:45:29,24685.1,24685.1,50,24689,125,575,10985325
NIFTY-I.NFO,20/08/2024,09:45:31,24685,24685,250,24689.1,100,475,10985325
NIFTY-I.NFO,20/08/2024,09:45:32,24689.5,24685,250,24689.4,25,500,10985325
NIFTY-I.NFO,20/08/2024,09:45:34,24685,24685.25,100,24688.95,100,350,10985325
NIFTY-I.NFO,20/08/2024,09:45:36,24683.1,24683.15,100,24687.35,100,925,10985325
NIFTY-I.NFO,20/08/2024,09:45:37,24685,24683,25,24685.2,100,500,10985325
NIFTY-I.NFO,20/08/2024,09:45:39,24682.65,24682.65,25,24684.95,25,275,10985325
NIFTY-I.NFO,20/08/2024,09:45:41,24682.75,24682.65,50,24684.95,25,100,10985325
NIFTY-I.NFO,20/08/2024,09:45:43,24682.7,24682.7,100,24685,1000,175,10985325
NIFTY-I.NFO,20/08/2024,09:45:44,24685,24683.25,25,24685,875,325,10985325
NIFTY-I.NFO,20/08/2024,09:45:46,24683.65,24683.65,100,24685,675,525,10985325
NIFTY-I.NFO,20/08/2024,09:45:48,24685.1,24685.1,25,24687.55,25,850,10985325
NIFTY-I.NFO,20/08/2024,09:45:49,24685,24685,1450,24688,50,350,10985325
NIFTY-I.NFO,20/08/2024,09:45:51,24685.2,24685.25,100,24688,50,50,10985325
NIFTY-I.NFO,20/08/2024,09:45:53,24685,24685,1250,24687.55,25,350,10978650
NIFTY-I.NFO,20/08/2024,09:45:54,24685.1,24685.1,50,24687.55,25,75,10978650
NIFTY-I.NFO,20/08/2024,09:45:56,24685,24683.6,800,24687,100,750,10978650
NIFTY-I.NFO,20/08/2024,09:45:58,24687.55,24685.65,225,24687.55,25,575,10978650
NIFTY-I.NFO,20/08/2024,09:45:59,24688,24687.65,250,24689,75,400,10978650
NIFTY-I.NFO,20/08/2024,09:46:01,24688.1,24688.1,150,24689,50,225,10978650
NIFTY-I.NFO,20/08/2024,09:46:03,24688.25,24688.25,50,24689,25,175,10978650
NIFTY-I.NFO,20/08/2024,09:46:04,24688.6,24688.3,100,24689.8,50,200,10978650
NIFTY-I.NFO,20/08/2024,09:46:06,24690,24688.7,25,24690,225,300,10978650
NIFTY-I.NFO,20/08/2024,09:46:08,24691,24689.6,325,24691,250,425,10978650
NIFTY-I.NFO,20/08/2024,09:46:09,24688.1,24688.1,225,24690,50,175,10978650
NIFTY-I.NFO,20/08/2024,09:46:11,24690.95,24688.1,100,24690,50,150,10978650
NIFTY-I.NFO,20/08/2024,09:46:13,24690.8,24686.6,200,24690.85,100,400,10978650
NIFTY-I.NFO,20/08/2024,09:46:14,24690.9,24688.6,50,24690.95,100,225,10978650
NIFTY-I.NFO,20/08/2024,09:46:16,24690.95,24690.95,75,24691,275,200,10978650
NIFTY-I.NFO,20/08/2024,09:46:18,24687.65,24688.2,125,24691,25,375,10978650
NIFTY-I.NFO,20/08/2024,09:46:19,24692,24690.1,125,24693.6,100,600,10978650
NIFTY-I.NFO,20/08/2024,09:46:21,24690.4,24690.45,125,24693.9,100,800,10978650
NIFTY-I.NFO,20/08/2024,09:46:23,24690.5,24690.55,250,24694,25,175,10978650
NIFTY-I.NFO,20/08/2024,09:46:24,24694.7,24691.3,125,24694.75,25,250,10978650
NIFTY-I.NFO,20/08/2024,09:46:26,24693,24693,225,24694.5,100,25,10978650
NIFTY-I.NFO,20/08/2024,09:46:27,24693,24693,300,24693.15,100,250,10978650
NIFTY-I.NFO,20/08/2024,09:46:29,24691,24691,25,24692.45,100,450,10978650
NIFTY-I.NFO,20/08/2024,09:46:31,24693.4,24693,75,24693.4,25,125,10978650
NIFTY-I.NFO,20/08/2024,09:46:32,24691,24690.5,125,24690.95,25,150,10978650
NIFTY-I.NFO,20/08/2024,09:46:34,24694,24693,25,24693.8,200,1525,10978650
NIFTY-I.NFO,20/08/2024,09:46:36,24690,24688.6,175,24690,1875,250,10978650
NIFTY-I.NFO,20/08/2024,09:46:37,24691.1,24691.15,50,24692.45,50,2025,10978650
NIFTY-I.NFO,20/08/2024,09:46:39,24694,24691.6,100,24694,925,225,10978650
NIFTY-I.NFO,20/08/2024,09:46:41,24693,24693,300,24694,925,1350,10978650
NIFTY-I.NFO,20/08/2024,09:46:42,24694,24693,575,24694,900,175,10978650
NIFTY-I.NFO,20/08/2024,09:46:44,24694,24693.15,150,24694,625,375,10978650
NIFTY-I.NFO,20/08/2024,09:46:46,24693.6,24693.2,50,24694,700,75,10978650
NIFTY-I.NFO,20/08/2024,09:46:47,24694.75,24694.15,150,24695,1025,1000,10978650
NIFTY-I.NFO,20/08/2024,09:46:49,24696,24695.65,75,24696,125,1275,10978650
NIFTY-I.NFO,20/08/2024,09:46:51,24695.75,24695.65,175,24697,575,1000,10978650
NIFTY-I.NFO,20/08/2024,09:46:52,24697.25,24696.1,225,24697.7,50,700,10978650
NIFTY-I.NFO,20/08/2024,09:46:54,24696.2,24696.3,175,24697.7,25,125,10978650
NIFTY-I.NFO,20/08/2024,09:46:56,24697,24696.55,125,24698.8,150,1375,10978650
NIFTY-I.NFO,20/08/2024,09:46:56,24698.8,24696.55,125,24698.8,150,0,10978650
NIFTY-I.NFO,20/08/2024,09:46:57,24698.8,24696.55,150,24698.8,325,100,10978650
NIFTY-I.NFO,20/08/2024,09:46:59,24696.75,24696.55,150,24698.8,200,525,10978650
NIFTY-I.NFO,20/08/2024,09:47:01,24699,24697.45,50,24699,1975,2150,10978650
NIFTY-I.NFO,20/08/2024,09:47:01,24699,24697.45,50,24699,1975,0,10978650
NIFTY-I.NFO,20/08/2024,09:47:02,24699,24697.5,25,24698.95,200,100,10978650
NIFTY-I.NFO,20/08/2024,09:47:04,24696.7,24696.3,25,24698.6,250,725,10978650
NIFTY-I.NFO,20/08/2024,09:47:06,24696.5,24694.45,50,24696.2,150,25975,10978650
NIFTY-I.NFO,20/08/2024,09:47:07,24699,24699,6150,24699.1,100,1725,10978650
NIFTY-I.NFO,20/08/2024,09:47:09,24699.05,24699.1,6600,24699.15,50,125,10978650
NIFTY-I.NFO,20/08/2024,09:47:09,24699.1,24699.1,6600,24699.15,50,0,10978650
NIFTY-I.NFO,20/08/2024,09:47:11,24699.2,24699.2,6250,24699.3,50,375,10978650
NIFTY-I.NFO,20/08/2024,09:47:11,24699.2,24699.2,6250,24699.3,50,0,10978650
NIFTY-I.NFO,20/08/2024,09:47:12,24699.6,24699.65,6100,24699.7,50,325,10978650
NIFTY-I.NFO,20/08/2024,09:47:12,24699.6,24699.65,6100,24699.7,50,0,10978650
NIFTY-I.NFO,20/08/2024,09:47:14,24700,24699.95,5050,24700,12475,4400,10978650
NIFTY-I.NFO,20/08/2024,09:47:14,24700,24699.95,5050,24700,12475,0,10978650
NIFTY-I.NFO,20/08/2024,09:47:16,24701.7,24701.7,250,24701.9,150,12950,10978650
NIFTY-I.NFO,20/08/2024,09:47:16,24701.7,24701.7,250,24701.9,150,0,10978650
NIFTY-I.NFO,20/08/2024,09:47:17,24701.9,24701.9,325,24702,750,800,10978650
NIFTY-I.NFO,20/08/2024,09:47:17,24702,24701.9,325,24702,750,0,10978650
NIFTY-I.NFO,20/08/2024,09:47:19,24702,24701.95,25,24702,675,125,10978650
NIFTY-I.NFO,20/08/2024,09:47:21,24704.25,24704.25,25,24705,1200,1850,10978650
NIFTY-I.NFO,20/08/2024,09:47:21,24705,24704.25,25,24705,1200,0,10978650
NIFTY-I.NFO,20/08/2024,09:47:22,24705,24704.25,25,24705,225,1500,10978650
NIFTY-I.NFO,20/08/2024,09:47:24,24705,24704.2,50,24705,325,725,10978650
NIFTY-I.NFO,20/08/2024,09:47:24,24705.65,24704.2,50,24705,325,0,10978650
NIFTY-I.NFO,20/08/2024,09:47:26,24702,24702,50,24704.25,125,300,10978650
NIFTY-I.NFO,20/08/2024,09:47:27,24704.8,24701.9,300,24704.75,175,500,10978650
NIFTY-I.NFO,20/08/2024,09:47:29,24702,24701.9,150,24704.2,75,175,10978650
NIFTY-I.NFO,20/08/2024,09:47:31,24702.15,24702.45,75,24704.2,25,300,10978650
NIFTY-I.NFO,20/08/2024,09:47:32,24702.45,24702.45,100,24705,1250,675,10978650
NIFTY-I.NFO,20/08/2024,09:47:34,24705,24703.15,25,24705,1075,200,10978650
NIFTY-I.NFO,20/08/2024,09:47:36,24705,24703.7,75,24705,725,600,10978650
NIFTY-I.NFO,20/08/2024,09:47:37,24704.55,24704.55,50,24705,600,275,10978650
NIFTY-I.NFO,20/08/2024,09:47:39,24705,24705,1275,24705.6,125,675,10978650
NIFTY-I.NFO,20/08/2024,09:47:41,24705.1,24705.05,50,24705.75,150,200,10978650
NIFTY-I.NFO,20/08/2024,09:47:41,24705.75,24705.05,50,24705.75,150,0,10978650
NIFTY-I.NFO,20/08/2024,09:47:42,24704.2,24704.2,50,24705,1175,275,10978650
NIFTY-I.NFO,20/08/2024,09:47:44,24705,24703.25,50,24705,1125,400,10978650
NIFTY-I.NFO,20/08/2024,09:47:45,24705,24703.2,50,24705,875,350,10978650
NIFTY-I.NFO,20/08/2024,09:47:47,24704.95,24704.6,50,24704.95,25,1250,10978650
NIFTY-I.NFO,20/08/2024,09:47:47,24706,24704.6,50,24704.95,25,0,10978650
NIFTY-I.NFO,20/08/2024,09:47:49,24706,24703.8,75,24706,25,300,10978650
NIFTY-I.NFO,20/08/2024,09:47:50,24706,24704.05,50,24706.2,25,125,10978650
NIFTY-I.NFO,20/08/2024,09:47:52,24707.8,24707.3,25,24709,200,725,10978650
NIFTY-I.NFO,20/08/2024,09:47:52,24709,24707.3,25,24709,200,0,10978650
NIFTY-I.NFO,20/08/2024,09:47:54,24703.35,24703.5,75,24707,25,600,10978650
NIFTY-I.NFO,20/08/2024,09:47:54,24709.75,24703.5,75,24707,25,0,10978650
NIFTY-I.NFO,20/08/2024,09:47:55,24706.2,24705.35,75,24708.8,150,625,10978650
NIFTY-I.NFO,20/08/2024,09:47:57,24705.35,24705.35,125,24707.7,25,50,10978650
NIFTY-I.NFO,20/08/2024,09:47:59,24707.7,24707,150,24709.05,350,75,10978650
NIFTY-I.NFO,20/08/2024,09:48:00,24707,24707,100,24708.6,150,275,10978650
NIFTY-I.NFO,20/08/2024,09:48:02,24707,24707,75,24708.6,50,75,10978650
NIFTY-I.NFO,20/08/2024,09:48:04,24709,24708.6,250,24709.7,200,375,10978650
NIFTY-I.NFO,20/08/2024,09:48:05,24708.6,24708.6,100,24709.7,175,275,10978650
NIFTY-I.NFO,20/08/2024,09:48:07,24709.7,24708.6,150,24709.7,150,250,10978650
NIFTY-I.NFO,20/08/2024,09:48:09,24708,24708.6,75,24709.35,225,525,10978650
NIFTY-I.NFO,20/08/2024,09:48:10,24708,24708,225,24709.7,200,775,10978650
NIFTY-I.NFO,20/08/2024,09:48:12,24708,24705.15,75,24708.05,125,1400,10978650
NIFTY-I.NFO,20/08/2024,09:48:14,24708,24705.15,25,24706.65,200,200,10978650
NIFTY-I.NFO,20/08/2024,09:48:15,24703.7,24703.65,125,24705,2425,825,10978650
NIFTY-I.NFO,20/08/2024,09:48:17,24705,24704.2,50,24705,2150,275,10978650
NIFTY-I.NFO,20/08/2024,09:48:18,24704.65,24704.65,50,24705,1775,525,10978650
NIFTY-I.NFO,20/08/2024,09:48:20,24705.25,24704.05,125,24707.95,50,1975,10978650
NIFTY-I.NFO,20/08/2024,09:48:22,24705.1,24705.1,25,24708.85,200,900,10978650
NIFTY-I.NFO,20/08/2024,09:48:23,24705,24705,25,24708,150,25,10978650
NIFTY-I.NFO,20/08/2024,09:48:25,24708,24705,25,24708,125,25,10978650
NIFTY-I.NFO,20/08/2024,09:48:27,24708,24705.25,300,24708.55,100,400,10978650
NIFTY-I.NFO,20/08/2024,09:48:28,24705.25,24705.25,225,24707,25,100,10978650
NIFTY-I.NFO,20/08/2024,09:48:30,24705.25,24705.25,50,24706.8,50,325,10978650
NIFTY-I.NFO,20/08/2024,09:48:32,24704.8,24704.75,50,24706.05,25,500,10978650
NIFTY-I.NFO,20/08/2024,09:48:33,24705.25,24705.25,650,24706,75,575,10978650
NIFTY-I.NFO,20/08/2024,09:48:35,24705.25,24705.25,600,24706,50,200,10978650
NIFTY-I.NFO,20/08/2024,09:48:37,24704,24704,350,24704.9,25,675,10978650
NIFTY-I.NFO,20/08/2024,09:48:38,24704,24704,125,24704.15,100,2050,10978650
NIFTY-I.NFO,20/08/2024,09:48:40,24701.95,24700.9,375,24701.85,175,900,10978650
NIFTY-I.NFO,20/08/2024,09:48:42,24700.9,24700.9,250,24703.75,100,325,10978650
NIFTY-I.NFO,20/08/2024,09:48:43,24702,24700.9,25,24702.25,25,325,10978650
NIFTY-I.NFO,20/08/2024,09:48:45,24700.05,24700.05,100,24703.15,100,575,10978650
NIFTY-I.NFO,20/08/2024,09:48:47,24700,24699.95,4350,24700,1450,1850,10978650
NIFTY-I.NFO,20/08/2024,09:48:48,24702,24700.3,75,24703.15,75,1575,10978650
NIFTY-I.NFO,20/08/2024,09:48:50,24699.95,24699.95,4250,24702,25,75,10978650
NIFTY-I.NFO,20/08/2024,09:48:52,24703.15,24700.6,250,24703.95,75,325,10978650
NIFTY-I.NFO,20/08/2024,09:48:53,24702.3,24701.75,75,24703.95,75,100,11005450
NIFTY-I.NFO,20/08/2024,09:48:55,24705,24704.75,125,24705,125,2225,11005450
NIFTY-I.NFO,20/08/2024,09:48:57,24703.85,24703.8,50,24705.05,25,450,11005450
NIFTY-I.NFO,20/08/2024,09:48:58,24705.05,24704.15,225,24704.95,25,375,11005450
NIFTY-I.NFO,20/08/2024,09:49:00,24706.95,24706,1650,24707,75,500,11005450
NIFTY-I.NFO,20/08/2024,09:49:02,24706,24706,1450,24706.75,100,225,11005450
NIFTY-I.NFO,20/08/2024,09:49:03,24706.05,24706.05,100,24706.65,75,1625,11005450
NIFTY-I.NFO,20/08/2024,09:49:05,24706,24706,150,24708.55,100,2350,11005450
NIFTY-I.NFO,20/08/2024,09:49:07,24707.9,24704.15,250,24706.3,300,450,11005450
NIFTY-I.NFO,20/08/2024,09:49:08,24705.5,24704.15,200,24705.5,25,150,11005450
NIFTY-I.NFO,20/08/2024,09:49:10,24706,24706,950,24706.25,75,125,11005450
NIFTY-I.NFO,20/08/2024,09:49:12,24704.2,24704.35,75,24705.95,50,1025,11005450
NIFTY-I.NFO,20/08/2024,09:49:13,24704.4,24704.45,175,24705.95,50,150,11005450
NIFTY-I.NFO,20/08/2024,09:49:15,24704.55,24704.6,100,24705.95,50,775,11005450
NIFTY-I.NFO,20/08/2024,09:49:17,24706,24705.05,75,24706,1275,225,11005450
NIFTY-I.NFO,20/08/2024,09:49:18,24706,24705.5,250,24706,1275,125,11005450
NIFTY-I.NFO,20/08/2024,09:49:20,24706,24705.45,50,24706,1250,225,11005450
NIFTY-I.NFO,20/08/2024,09:49:22,24706,24705.55,100,24706,1225,275,11005450
NIFTY-I.NFO,20/08/2024,09:49:23,24705.55,24705.55,100,24705.8,25,1850,11005450
NIFTY-I.NFO,20/08/2024,09:49:25,24705.55,24705.4,150,24705.55,25,450,11005450
NIFTY-I.NFO,20/08/2024,09:49:26,24705.4,24705.35,250,24705.4,50,275,11005450
NIFTY-I.NFO,20/08/2024,09:49:28,24706.15,24705.7,50,24707.85,25,325,11005450
NIFTY-I.NFO,20/08/2024,09:49:30,24705.35,24705.35,225,24707.85,25,75,11005450
