Ticker,Date,Time,LTP,BuyPrice,BuyQty,SellPrice,SellQty,LTQ,OpenInterest
NIFTY-III.NFO,25/07/2024,09:15:00,24525,24454.05,100,24475.6,75,125,0
NIFTY-III.NFO,25/07/2024,09:15:00,24525,24454.05,100,24475.6,75,0,0
NIFTY-III.NFO,25/07/2024,09:15:00,24525,24454.05,100,24475.6,75,0,0
NIFTY-III.NFO,25/07/2024,09:15:00,24475.55,24454.05,100,24475.6,75,0,0
NIFTY-III.NFO,25/07/2024,09:15:01,24465,24459.1,50,24476.05,100,625,554700
NIFTY-III.NFO,25/07/2024,09:15:01,24459.2,24459.1,50,24476.05,100,0,554700
NIFTY-III.NFO,25/07/2024,09:15:02,24498.1,24460.05,100,24498.1,25,1350,554700
NIFTY-III.NFO,25/07/2024,09:15:02,24459.1,24460.05,100,24498.1,25,0,554700
NIFTY-III.NFO,25/07/2024,09:15:04,24470.5,24466.95,50,24491.9,100,725,554700
NIFTY-III.NFO,25/07/2024,09:15:05,24487.8,24480,25,24490.25,100,375,554700
NIFTY-III.NFO,25/07/2024,09:15:07,24491,24460.1,100,24490.9,100,1575,554700
NIFTY-III.NFO,25/07/2024,09:15:08,24490.8,24460.2,100,24490.65,50,500,554700
NIFTY-III.NFO,25/07/2024,09:15:10,24483.75,24460.5,100,24483.75,25,250,554700
NIFTY-III.NFO,25/07/2024,09:15:11,24478.6,24462.4,100,24478.6,25,75,554700
NIFTY-III.NFO,25/07/2024,09:15:13,24489.6,24470,100,24490.85,50,325,554700
NIFTY-III.NFO,25/07/2024,09:15:14,24479.8,24479.8,100,24488.95,25,150,554700
NIFTY-III.NFO,25/07/2024,09:15:16,24489.6,24486.55,100,24499.95,75,425,554700
NIFTY-III.NFO,25/07/2024,09:15:17,24498.3,24490.85,100,24499.7,125,100,554700
NIFTY-III.NFO,25/07/2024,09:15:18,24488.4,24488.9,100,24498.45,100,225,554700
NIFTY-III.NFO,25/07/2024,09:15:20,24494.5,24485.05,100,24494.4,25,100,554700
NIFTY-III.NFO,25/07/2024,09:15:21,24485.05,24485.05,50,24488.35,25,350,554700
NIFTY-III.NFO,25/07/2024,09:15:23,24489,24485,25,24488.9,25,125,554700
NIFTY-III.NFO,25/07/2024,09:15:24,24479.8,24479.8,75,24485.65,100,325,554700
NIFTY-III.NFO,25/07/2024,09:15:26,24481.8,24478.6,25,24481.8,50,175,554700
NIFTY-III.NFO,25/07/2024,09:15:27,24482.65,24475,50,24480.85,50,125,554700
NIFTY-III.NFO,25/07/2024,09:15:29,24479.8,24475.05,100,24480,25,175,554700
NIFTY-III.NFO,25/07/2024,09:15:30,24475.25,24475.25,100,24482.95,25,200,554700
NIFTY-III.NFO,25/07/2024,09:15:32,24479.55,24470,25,24479.55,25,275,554700
NIFTY-III.NFO,25/07/2024,09:15:34,24478,24467.3,100,24476.85,100,125,554700
NIFTY-III.NFO,25/07/2024,09:15:35,24470.75,24470.7,50,24477.25,100,100,554700
NIFTY-III.NFO,25/07/2024,09:15:37,24473,24465.05,100,24473,75,275,554700
NIFTY-III.NFO,25/07/2024,09:15:38,24473,24470.75,100,24473,25,75,554700
NIFTY-III.NFO,25/07/2024,09:15:40,24470.75,24470.75,75,24473.15,75,125,554700
NIFTY-III.NFO,25/07/2024,09:15:42,24470,24469.35,25,24471.2,50,200,554700
NIFTY-III.NFO,25/07/2024,09:15:43,24471.2,24469.35,25,24471.2,25,25,554700
NIFTY-III.NFO,25/07/2024,09:15:45,24470.75,24470.5,175,24475,25,25,554700
NIFTY-III.NFO,25/07/2024,09:15:46,24467.5,24467.5,100,24470,225,350,554700
NIFTY-III.NFO,25/07/2024,09:15:48,24470,24467.5,100,24472.8,75,300,554375
NIFTY-III.NFO,25/07/2024,09:15:50,24476.95,24470.15,50,24477.3,25,1000,554375
NIFTY-III.NFO,25/07/2024,09:15:51,24477.95,24471.2,125,24472.8,25,150,554375
NIFTY-III.NFO,25/07/2024,09:15:53,24477.95,24471,25,24476.85,25,300,554375
NIFTY-III.NFO,25/07/2024,09:15:54,24477.75,24471.05,50,24478.25,200,200,554375
NIFTY-III.NFO,25/07/2024,09:15:56,24477.95,24474.6,125,24481,125,25,554375
NIFTY-III.NFO,25/07/2024,09:15:57,24476,24474.6,125,24481,125,25,554375
NIFTY-III.NFO,25/07/2024,09:15:59,24481.6,24474.55,100,24481.15,50,425,554375
NIFTY-III.NFO,25/07/2024,09:16:01,24470,24470,175,24472.65,200,375,554375
NIFTY-III.NFO,25/07/2024,09:16:02,24468.25,24461.65,100,24467.5,125,275,554375
NIFTY-III.NFO,25/07/2024,09:16:04,24461.45,24460.75,100,24467.2,100,100,554375
NIFTY-III.NFO,25/07/2024,09:16:06,24465.35,24460.55,100,24465.35,50,50,554375
NIFTY-III.NFO,25/07/2024,09:16:07,24465.35,24460.55,100,24466,75,50,554375
NIFTY-III.NFO,25/07/2024,09:16:09,24467,24461,25,24466.9,125,175,554375
NIFTY-III.NFO,25/07/2024,09:16:10,24465,24461,25,24464.95,25,100,554375
NIFTY-III.NFO,25/07/2024,09:16:12,24464.75,24460.55,100,24465.05,125,75,554375
NIFTY-III.NFO,25/07/2024,09:16:13,24468.25,24462.45,50,24468.7,125,350,554375
NIFTY-III.NFO,25/07/2024,09:16:15,24460.55,24465,25,24469.95,100,300,554375
NIFTY-III.NFO,25/07/2024,09:16:17,24465,24462,25,24466.5,100,75,554375
NIFTY-III.NFO,25/07/2024,09:16:18,24466.35,24462,25,24466.3,50,400,554375
NIFTY-III.NFO,25/07/2024,09:16:20,24466.35,24462,25,24467.25,100,0,554375
NIFTY-III.NFO,25/07/2024,09:16:21,24461.65,24462,100,24466.35,100,200,554375
NIFTY-III.NFO,25/07/2024,09:16:23,24464.95,24460.3,75,24464.9,100,325,554375
NIFTY-III.NFO,25/07/2024,09:16:25,24466.35,24463.6,25,24466.35,50,350,554375
NIFTY-III.NFO,25/07/2024,09:16:26,24467.6,24465,50,24468.45,50,150,554375
NIFTY-III.NFO,25/07/2024,09:16:28,24466.3,24465,150,24468.05,75,275,554375
NIFTY-III.NFO,25/07/2024,09:16:29,24467.95,24465,150,24468.3,250,100,554375
NIFTY-III.NFO,25/07/2024,09:16:31,24468.8,24466.35,25,24469.15,250,575,554375
NIFTY-III.NFO,25/07/2024,09:16:32,24466.3,24463.7,75,24466.35,100,775,554375
NIFTY-III.NFO,25/07/2024,09:16:34,24466.35,24463.65,25,24466.35,125,50,554375
NIFTY-III.NFO,25/07/2024,09:16:36,24463.65,24461,25,24463.9,75,175,554375
NIFTY-III.NFO,25/07/2024,09:16:37,24469.15,24463.4,125,24469.3,50,125,554375
NIFTY-III.NFO,25/07/2024,09:16:39,24466,24466,100,24470.95,175,950,554375
NIFTY-III.NFO,25/07/2024,09:16:40,24466,24466.35,50,24468.45,175,50,554375
NIFTY-III.NFO,25/07/2024,09:16:42,24468.8,24466.35,50,24467.85,125,50,554375
NIFTY-III.NFO,25/07/2024,09:16:44,24466.35,24465.7,25,24466.85,250,50,554375
NIFTY-III.NFO,25/07/2024,09:16:45,24463,24460.25,25,24463.3,250,350,554375
NIFTY-III.NFO,25/07/2024,09:16:47,24461.75,24460.25,25,24461.25,325,25,554375
NIFTY-III.NFO,25/07/2024,09:16:48,24462.55,24460,150,24462.25,250,100,554375
NIFTY-III.NFO,25/07/2024,09:16:50,24457.8,24454.35,150,24460.35,50,1600,554375
NIFTY-III.NFO,25/07/2024,09:16:50,24454,24454.35,150,24460.35,50,0,554375
NIFTY-III.NFO,25/07/2024,09:16:52,24462.2,24461.25,50,24465.05,50,675,554375
NIFTY-III.NFO,25/07/2024,09:16:53,24466.1,24461.25,50,24466.1,25,100,554375
NIFTY-III.NFO,25/07/2024,09:16:55,24462.15,24460.3,25,24465.05,50,100,554375
NIFTY-III.NFO,25/07/2024,09:16:56,24462,24456.45,25,24462,125,175,554375
NIFTY-III.NFO,25/07/2024,09:16:58,24456.45,24456.45,25,24460.2,125,200,554375
NIFTY-III.NFO,25/07/2024,09:17:00,24458.7,24452.65,175,24458.75,125,275,554375
NIFTY-III.NFO,25/07/2024,09:17:00,24452.75,24452.65,175,24458.75,125,0,554375
NIFTY-III.NFO,25/07/2024,09:17:01,24452,24451.45,100,24458.6,75,250,554375
NIFTY-III.NFO,25/07/2024,09:17:01,24452,24451.45,100,24458.6,75,0,554375
NIFTY-III.NFO,25/07/2024,09:17:03,24458.6,24451.35,100,24458.6,75,50,554375
NIFTY-III.NFO,25/07/2024,09:17:04,24458.6,24452.1,175,24458.1,75,0,554375
NIFTY-III.NFO,25/07/2024,09:17:06,24460,24460,100,24460.65,125,75,554375
NIFTY-III.NFO,25/07/2024,09:17:07,24460,24458.75,50,24459.5,25,50,554375
NIFTY-III.NFO,25/07/2024,09:17:09,24458.6,24453.05,100,24458.8,25,100,554375
NIFTY-III.NFO,25/07/2024,09:17:11,24458.8,24458.6,50,24460,275,25,554375
NIFTY-III.NFO,25/07/2024,09:17:12,24455,24454.3,100,24455,25,125,554375
NIFTY-III.NFO,25/07/2024,09:17:14,24458.6,24458.6,500,24460,250,125,554375
NIFTY-III.NFO,25/07/2024,09:17:15,24460,24458.6,500,24460,200,100,554375
NIFTY-III.NFO,25/07/2024,09:17:17,24458.3,24458.3,350,24459.25,75,900,554375
NIFTY-III.NFO,25/07/2024,09:17:18,24459.25,24458.3,350,24460,150,25,554375
NIFTY-III.NFO,25/07/2024,09:17:20,24460,24459,25,24460,125,50,554375
NIFTY-III.NFO,25/07/2024,09:17:22,24460.55,24458.6,250,24460.55,200,150,554375
NIFTY-III.NFO,25/07/2024,09:17:23,24460.25,24458.6,250,24461.45,125,75,554375
NIFTY-III.NFO,25/07/2024,09:17:25,24461.35,24458.6,225,24461.15,250,425,554375
NIFTY-III.NFO,25/07/2024,09:17:26,24461.35,24461.15,25,24461.85,250,0,554375
NIFTY-III.NFO,25/07/2024,09:17:28,24460,24458.6,225,24462.15,250,50,554375
NIFTY-III.NFO,25/07/2024,09:17:29,24462.05,24460.25,25,24462.25,100,375,554375
NIFTY-III.NFO,25/07/2024,09:17:31,24462.05,24460.25,25,24461.15,25,0,554375
NIFTY-III.NFO,25/07/2024,09:17:33,24462.7,24460.3,100,24462.7,150,100,554375
NIFTY-III.NFO,25/07/2024,09:17:34,24466.3,24463.55,75,24467,150,475,554375
NIFTY-III.NFO,25/07/2024,09:17:36,24463.35,24463.35,50,24465.5,50,100,554375
NIFTY-III.NFO,25/07/2024,09:17:37,24467.4,24465,100,24465.8,25,75,554375
NIFTY-III.NFO,25/07/2024,09:17:39,24467.7,24465.75,75,24467.25,75,350,554375
NIFTY-III.NFO,25/07/2024,09:17:40,24470,24467.4,100,24469.2,100,75,554375
NIFTY-III.NFO,25/07/2024,09:17:42,24468.3,24467.25,100,24469.95,100,50,554375
NIFTY-III.NFO,25/07/2024,09:17:44,24468.3,24467.25,100,24469.7,500,0,554375
NIFTY-III.NFO,25/07/2024,09:17:45,24468.25,24465.65,175,24470,75,150,554375
NIFTY-III.NFO,25/07/2024,09:17:47,24469.5,24468.3,50,24468.9,725,25,554375
NIFTY-III.NFO,25/07/2024,09:17:48,24468,24468,75,24469.55,250,75,554375
NIFTY-III.NFO,25/07/2024,09:17:50,24469.25,24468.25,100,24469.95,200,125,554375
NIFTY-III.NFO,25/07/2024,09:17:51,24470,24468.25,25,24469.95,125,25,554375
NIFTY-III.NFO,25/07/2024,09:17:53,24468.85,24468.25,25,24469.1,150,75,554375
NIFTY-III.NFO,25/07/2024,09:17:54,24468,24465,400,24468.5,325,575,554375
NIFTY-III.NFO,25/07/2024,09:17:56,24468.45,24465,400,24468.3,75,25,554375
NIFTY-III.NFO,25/07/2024,09:17:58,24468.45,24465.55,125,24469.8,225,0,554375
NIFTY-III.NFO,25/07/2024,09:17:59,24469.3,24465.35,125,24469.35,325,50,554375
NIFTY-III.NFO,25/07/2024,09:18:01,24469.3,24468.5,75,24469.75,100,0,554375
NIFTY-III.NFO,25/07/2024,09:18:02,24469.15,24465.05,125,24469.3,25,100,554375
NIFTY-III.NFO,25/07/2024,09:18:04,24470,24470.15,125,24474.15,50,75,554375
NIFTY-III.NFO,25/07/2024,09:18:05,24474.2,24472.25,75,24474.25,25,75,554375
NIFTY-III.NFO,25/07/2024,09:18:07,24474.25,24473.7,100,24474.25,25,25,554375
NIFTY-III.NFO,25/07/2024,09:18:08,24473.35,24470,125,24473.75,75,25,554375
NIFTY-III.NFO,25/07/2024,09:18:10,24473.35,24472.2,75,24474.25,25,0,554375
NIFTY-III.NFO,25/07/2024,09:18:12,24474.55,24474.8,100,24477.95,525,650,554375
NIFTY-III.NFO,25/07/2024,09:18:13,24474.05,24470.05,75,24475.65,100,75,554375
NIFTY-III.NFO,25/07/2024,09:18:15,24476.35,24475,175,24477.65,25,900,554375
NIFTY-III.NFO,25/07/2024,09:18:16,24476.35,24475,175,24477.7,250,0,554375
NIFTY-III.NFO,25/07/2024,09:18:18,24476.35,24476.35,400,24476.8,75,100,554375
NIFTY-III.NFO,25/07/2024,09:18:20,24475,24474.25,50,24475.8,25,525,554375
NIFTY-III.NFO,25/07/2024,09:18:21,24475.85,24474.25,50,24475,125,50,554375
NIFTY-III.NFO,25/07/2024,09:18:23,24475.85,24474.25,50,24475,125,0,554375
NIFTY-III.NFO,25/07/2024,09:18:24,24475,24474.25,50,24475,75,50,554375
NIFTY-III.NFO,25/07/2024,09:18:26,24475,24474.25,50,24474.3,25,0,554375
NIFTY-III.NFO,25/07/2024,09:18:27,24474.25,24474.25,25,24474.3,25,25,554375
NIFTY-III.NFO,25/07/2024,09:18:29,24474.25,24472,100,24474.3,25,175,554375
NIFTY-III.NFO,25/07/2024,09:18:31,24474.25,24472,100,24474.25,175,525,554375
NIFTY-III.NFO,25/07/2024,09:18:32,24474.25,24472,100,24474.25,150,25,554375
NIFTY-III.NFO,25/07/2024,09:18:34,24470,24470,100,24473.85,75,175,554375
NIFTY-III.NFO,25/07/2024,09:18:36,24473.6,24470,75,24472.6,100,225,554375
NIFTY-III.NFO,25/07/2024,09:18:37,24472.85,24470,150,24472.6,25,200,554375
NIFTY-III.NFO,25/07/2024,09:18:39,24473.85,24470.05,125,24474.25,200,25,554375
NIFTY-III.NFO,25/07/2024,09:18:41,24474.25,24471.25,75,24474.25,125,125,554375
NIFTY-III.NFO,25/07/2024,09:18:42,24466.2,24466.45,150,24472.65,175,1550,554375
NIFTY-III.NFO,25/07/2024,09:18:44,24466.2,24468.15,50,24472.75,100,0,554375
NIFTY-III.NFO,25/07/2024,09:18:46,24473.6,24470,50,24474.05,100,225,554375
NIFTY-III.NFO,25/07/2024,09:18:47,24473.6,24472.85,50,24474.15,25,0,554375
NIFTY-III.NFO,25/07/2024,09:18:49,24466.65,24467,50,24473.1,50,250,552400
NIFTY-III.NFO,25/07/2024,09:18:51,24466.65,24466.55,50,24473.1,50,0,552400
NIFTY-III.NFO,25/07/2024,09:18:52,24468.2,24468.15,50,24474.25,75,125,552400
NIFTY-III.NFO,25/07/2024,09:18:54,24473.1,24466.25,50,24473.7,75,75,552400
NIFTY-III.NFO,25/07/2024,09:18:56,24473.2,24470,25,24473.1,100,25,552400
NIFTY-III.NFO,25/07/2024,09:18:57,24466.95,24466.2,425,24472.25,50,125,552400
NIFTY-III.NFO,25/07/2024,09:18:59,24472.35,24466.2,425,24474.25,150,75,552400
NIFTY-III.NFO,25/07/2024,09:19:01,24466.2,24472.35,50,24474.25,75,25,552400
NIFTY-III.NFO,25/07/2024,09:19:02,24466.2,24472.35,50,24474.2,50,0,552400
NIFTY-III.NFO,25/07/2024,09:19:04,24466.2,24472.35,50,24474.25,75,0,552400
NIFTY-III.NFO,25/07/2024,09:19:06,24475,24472.35,50,24475,125,100,552400
NIFTY-III.NFO,25/07/2024,09:19:07,24473.85,24467.5,50,24473.8,100,50,552400
NIFTY-III.NFO,25/07/2024,09:19:09,24471.9,24466.25,75,24469.8,50,25,552400
NIFTY-III.NFO,25/07/2024,09:19:11,24471.8,24466.2,350,24470.55,150,325,552400
NIFTY-III.NFO,25/07/2024,09:19:12,24471.8,24471.8,50,24472.35,50,125,552400
NIFTY-III.NFO,25/07/2024,09:19:14,24472.3,24471.8,50,24471.85,125,25,552400
NIFTY-III.NFO,25/07/2024,09:19:16,24472.35,24470.65,25,24472.35,25,75,552400
NIFTY-III.NFO,25/07/2024,09:19:17,24472.35,24470.65,25,24474.95,50,25,552400
NIFTY-III.NFO,25/07/2024,09:19:19,24472.35,24470.65,25,24474.7,125,0,552400
NIFTY-III.NFO,25/07/2024,09:19:21,24473,24470.7,150,24475,75,50,552400
NIFTY-III.NFO,25/07/2024,09:19:22,24475,24470.7,150,24474.7,50,50,552400
NIFTY-III.NFO,25/07/2024,09:19:24,24474.7,24470.7,100,24474.7,25,25,552400
NIFTY-III.NFO,25/07/2024,09:19:25,24475,24473,50,24475,275,50,552400
NIFTY-III.NFO,25/07/2024,09:19:27,24475,24473,50,24474.95,75,0,552400
NIFTY-III.NFO,25/07/2024,09:19:29,24473,24470.65,25,24472.35,150,125,552400
NIFTY-III.NFO,25/07/2024,09:19:30,24472.35,24470.65,25,24473,300,150,552400
NIFTY-III.NFO,25/07/2024,09:19:32,24470.2,24466.25,25,24470,300,100,552400
NIFTY-III.NFO,25/07/2024,09:19:34,24470,24466.3,50,24470,200,50,552400
NIFTY-III.NFO,25/07/2024,09:19:35,24470.45,24466.25,25,24471.55,75,250,552400
NIFTY-III.NFO,25/07/2024,09:19:37,24470.45,24470,25,24472.05,125,0,552400
NIFTY-III.NFO,25/07/2024,09:19:39,24466.25,24466.2,300,24470.65,50,50,552400
NIFTY-III.NFO,25/07/2024,09:19:40,24466.2,24466.2,275,24468.65,75,100,552400
NIFTY-III.NFO,25/07/2024,09:19:42,24470,24470,125,24470.45,25,100,552400
NIFTY-III.NFO,25/07/2024,09:19:44,24466.2,24466.2,225,24470.05,125,175,552400
NIFTY-III.NFO,25/07/2024,09:19:45,24469.8,24466.2,225,24469.4,325,25,552400
NIFTY-III.NFO,25/07/2024,09:19:47,24468.25,24466.2,200,24468.85,125,50,552400
NIFTY-III.NFO,25/07/2024,09:19:49,24468.1,24465,300,24467.85,325,1075,552400
NIFTY-III.NFO,25/07/2024,09:19:50,24467.8,24465,300,24467.9,175,175,552400
NIFTY-III.NFO,25/07/2024,09:19:52,24467.8,24465,300,24467.6,75,0,552400
NIFTY-III.NFO,25/07/2024,09:19:53,24467.3,24465,325,24467.1,75,25,552400
NIFTY-III.NFO,25/07/2024,09:19:55,24465,24465,75,24467.7,250,1150,552400
NIFTY-III.NFO,25/07/2024,09:19:57,24462.2,24466,25,24467.35,250,400,552400
NIFTY-III.NFO,25/07/2024,09:19:58,24467.45,24467.3,25,24468.1,25,25,552400
NIFTY-III.NFO,25/07/2024,09:20:00,24467.3,24466,25,24467.95,125,25,552400
NIFTY-III.NFO,25/07/2024,09:20:02,24467.3,24466,25,24467,275,0,552400
NIFTY-III.NFO,25/07/2024,09:20:03,24465.4,24460.6,125,24465.35,250,150,552400
NIFTY-III.NFO,25/07/2024,09:20:05,24460.6,24460.55,100,24464.5,250,25,552400
NIFTY-III.NFO,25/07/2024,09:20:07,24460,24455,125,24461.4,50,325,552400
NIFTY-III.NFO,25/07/2024,09:20:08,24457.7,24455,175,24457.75,250,125,552400
NIFTY-III.NFO,25/07/2024,09:20:10,24455,24455,125,24457.75,250,50,552400
NIFTY-III.NFO,25/07/2024,09:20:12,24456.45,24455,75,24456.85,150,100,552400
NIFTY-III.NFO,25/07/2024,09:20:13,24456.45,24455,75,24458.85,50,0,552400
NIFTY-III.NFO,25/07/2024,09:20:15,24455,24455,50,24457.65,150,25,552400
NIFTY-III.NFO,25/07/2024,09:20:17,24455,24455,25,24458.1,150,25,552400
NIFTY-III.NFO,25/07/2024,09:20:18,24458.55,24452.55,150,24458.1,75,200,552400
NIFTY-III.NFO,25/07/2024,09:20:20,24456,24456,150,24459.65,75,25,552400
NIFTY-III.NFO,25/07/2024,09:20:21,24460.3,24459.65,100,24460.95,225,200,552400
NIFTY-III.NFO,25/07/2024,09:20:23,24461.4,24459.65,100,24463.85,75,50,552400
NIFTY-III.NFO,25/07/2024,09:20:25,24459.65,24459.7,50,24464.8,125,50,552400
NIFTY-III.NFO,25/07/2024,09:20:26,24459.65,24457.75,50,24465.35,125,100,552400
NIFTY-III.NFO,25/07/2024,09:20:28,24465.1,24459.65,225,24465.05,50,50,552400
NIFTY-III.NFO,25/07/2024,09:20:30,24464.9,24459.7,50,24466.1,250,25,552400
NIFTY-III.NFO,25/07/2024,09:20:31,24461.3,24461.3,25,24468.9,50,325,552400
NIFTY-III.NFO,25/07/2024,09:20:33,24467.65,24464.75,75,24471,150,400,552400
NIFTY-III.NFO,25/07/2024,09:20:35,24467.65,24461.8,75,24469.35,50,0,552400
NIFTY-III.NFO,25/07/2024,09:20:36,24461.8,24461.8,75,24470.2,125,50,552400
NIFTY-III.NFO,25/07/2024,09:20:38,24461.8,24461.7,75,24469.4,50,300,552400
NIFTY-III.NFO,25/07/2024,09:20:40,24461.7,24461.8,25,24469.4,50,50,552400
NIFTY-III.NFO,25/07/2024,09:20:41,24467.65,24461.8,25,24468.45,50,25,552400
NIFTY-III.NFO,25/07/2024,09:20:43,24467.65,24461.8,25,24467.95,50,0,552400
NIFTY-III.NFO,25/07/2024,09:20:45,24467.65,24461.8,25,24467.55,50,0,552400
NIFTY-III.NFO,25/07/2024,09:20:46,24467.65,24461.8,25,24465.35,125,0,552400
NIFTY-III.NFO,25/07/2024,09:20:49,24467.65,24461.8,25,24463.8,50,0,552400
NIFTY-III.NFO,25/07/2024,09:20:53,24463.85,24459.65,150,24463.8,50,250,552400
NIFTY-III.NFO,25/07/2024,09:20:54,24463.85,24459.65,150,24464.45,125,0,552400
NIFTY-III.NFO,25/07/2024,09:20:56,24463.85,24459.65,150,24463.3,50,0,552400
NIFTY-III.NFO,25/07/2024,09:20:57,24463.85,24459.65,275,24463.85,25,0,552400
NIFTY-III.NFO,25/07/2024,09:20:59,24461,24458.15,75,24465.05,50,250,552400
NIFTY-III.NFO,25/07/2024,09:21:01,24461,24457.45,75,24463.8,50,0,552400
NIFTY-III.NFO,25/07/2024,09:21:02,24461,24456,450,24462.7,50,0,552400
NIFTY-III.NFO,25/07/2024,09:21:04,24461,24460,25,24463.6,50,0,552400
NIFTY-III.NFO,25/07/2024,09:21:06,24460,24458.8,125,24464.7,200,25,552400
NIFTY-III.NFO,25/07/2024,09:21:07,24460,24456,450,24464.35,125,0,552400
NIFTY-III.NFO,25/07/2024,09:21:09,24460,24456,500,24462.25,50,0,552400
NIFTY-III.NFO,25/07/2024,09:21:11,24460,24456,500,24463.4,125,0,552400
NIFTY-III.NFO,25/07/2024,09:21:12,24463.4,24456,450,24463.7,50,25,552400
NIFTY-III.NFO,25/07/2024,09:21:14,24463.4,24456.05,50,24462.6,75,0,552400
NIFTY-III.NFO,25/07/2024,09:21:15,24463.7,24460,25,24463.25,125,25,552400
NIFTY-III.NFO,25/07/2024,09:21:17,24460,24456,375,24459.95,50,75,552400
NIFTY-III.NFO,25/07/2024,09:21:19,24462.05,24460,25,24462.05,25,25,552400
NIFTY-III.NFO,25/07/2024,09:21:20,24460,24460,50,24462,125,25,552400
NIFTY-III.NFO,25/07/2024,09:21:22,24460,24460,50,24461.65,250,0,552400
NIFTY-III.NFO,25/07/2024,09:21:23,24461.85,24456.05,50,24461.85,250,625,552400
NIFTY-III.NFO,25/07/2024,09:21:25,24461.85,24460,25,24462,25,0,552400
NIFTY-III.NFO,25/07/2024,09:21:27,24461.85,24460,25,24461.85,125,0,552400
NIFTY-III.NFO,25/07/2024,09:21:28,24461.85,24460,75,24461.05,25,0,552400
NIFTY-III.NFO,25/07/2024,09:21:30,24461.85,24460,75,24461.85,150,0,552400
NIFTY-III.NFO,25/07/2024,09:21:33,24457.6,24456.15,125,24461.85,225,125,552400
NIFTY-III.NFO,25/07/2024,09:21:35,24457.6,24456.15,125,24461.85,225,0,552400
NIFTY-III.NFO,25/07/2024,09:21:37,24461.8,24456.1,75,24460,125,25,552400
NIFTY-III.NFO,25/07/2024,09:21:38,24461.05,24456.1,75,24460.2,75,1050,552400
NIFTY-III.NFO,25/07/2024,09:21:40,24456,24456,75,24457.2,75,375,552400
NIFTY-III.NFO,25/07/2024,09:21:42,24454.5,24452.55,25,24455.4,50,425,552400
NIFTY-III.NFO,25/07/2024,09:21:43,24455.55,24452.55,25,24455.75,50,300,552400
NIFTY-III.NFO,25/07/2024,09:21:45,24455.55,24452.55,25,24456.65,125,0,552400
NIFTY-III.NFO,25/07/2024,09:21:47,24454.6,24452,25,24454.1,50,75,552400
NIFTY-III.NFO,25/07/2024,09:21:48,24452,24451.35,100,24454.9,50,25,551800
NIFTY-III.NFO,25/07/2024,09:21:50,24452,24451.35,100,24453.8,125,0,551800
NIFTY-III.NFO,25/07/2024,09:21:52,24452,24451.35,100,24453.55,50,0,551800
NIFTY-III.NFO,25/07/2024,09:21:53,24452,24451.35,100,24452.75,50,0,551800
NIFTY-III.NFO,25/07/2024,09:21:55,24453.35,24451.35,100,24453.05,250,50,551800
NIFTY-III.NFO,25/07/2024,09:21:57,24453.35,24451.35,100,24453.55,125,0,551800
NIFTY-III.NFO,25/07/2024,09:21:58,24451.85,24451.8,50,24454.6,25,100,551800
NIFTY-III.NFO,25/07/2024,09:21:58,24451.85,24451.8,50,24454.6,25,0,551800
NIFTY-III.NFO,25/07/2024,09:22:00,24453,24451.7,75,24454.6,25,125,551800
NIFTY-III.NFO,25/07/2024,09:22:00,24451.4,24451.7,75,24454.6,25,0,551800
NIFTY-III.NFO,25/07/2024,09:22:02,24453,24451.85,175,24454.6,25,0,551800
NIFTY-III.NFO,25/07/2024,09:22:03,24451.9,24451.9,125,24454.6,25,25,551800
NIFTY-III.NFO,25/07/2024,09:22:05,24451.9,24451.95,125,24454.6,25,75,551800
NIFTY-III.NFO,25/07/2024,09:22:07,24454.6,24453.1,150,24457.4,50,25,551800
NIFTY-III.NFO,25/07/2024,09:22:08,24454.6,24453.1,75,24457.4,50,0,551800
NIFTY-III.NFO,25/07/2024,09:22:10,24453.1,24453.15,75,24457.4,50,50,551800
NIFTY-III.NFO,25/07/2024,09:22:12,24453.1,24453.05,25,24457.4,50,0,551800
NIFTY-III.NFO,25/07/2024,09:22:13,24453.1,24453.05,25,24454,50,0,551800
NIFTY-III.NFO,25/07/2024,09:22:15,24453,24453,50,24454,25,275,551800
NIFTY-III.NFO,25/07/2024,09:22:17,24453,24453,75,24454,25,0,551800
NIFTY-III.NFO,25/07/2024,09:22:18,24453,24453.35,50,24454,25,0,551800
NIFTY-III.NFO,25/07/2024,09:22:20,24454,24454,25,24456.6,50,25,551800
NIFTY-III.NFO,25/07/2024,09:22:22,24456.25,24455.05,25,24456.85,50,1825,551800
NIFTY-III.NFO,25/07/2024,09:22:22,24450,24455.05,25,24456.85,50,0,551800
NIFTY-III.NFO,25/07/2024,09:22:23,24455.05,24452.35,100,24456.85,50,25,551800
NIFTY-III.NFO,25/07/2024,09:22:25,24455.05,24452.4,50,24457.45,100,0,551800
NIFTY-III.NFO,25/07/2024,09:22:27,24453,24452.4,75,24457.45,100,175,551800
NIFTY-III.NFO,25/07/2024,09:22:28,24456.9,24452.35,25,24456.6,50,50,551800
NIFTY-III.NFO,25/07/2024,09:22:30,24455,24452.4,50,24455,50,50,551800
NIFTY-III.NFO,25/07/2024,09:22:32,24455,24452.45,125,24455,75,25,551800
NIFTY-III.NFO,25/07/2024,09:22:33,24455,24452.45,125,24457.45,100,75,551800
NIFTY-III.NFO,25/07/2024,09:22:35,24457.4,24452.4,125,24457.45,100,75,551800
NIFTY-III.NFO,25/07/2024,09:22:37,24457.45,24455,325,24458.2,50,50,551800
NIFTY-III.NFO,25/07/2024,09:22:38,24457.45,24455,325,24458.5,50,0,551800
NIFTY-III.NFO,25/07/2024,09:22:40,24458.75,24455,325,24458.65,125,50,551800
NIFTY-III.NFO,25/07/2024,09:22:42,24458.75,24455,325,24458.75,50,0,551800
NIFTY-III.NFO,25/07/2024,09:22:43,24458.8,24455,575,24458.8,25,125,551800
NIFTY-III.NFO,25/07/2024,09:22:45,24458.8,24455,500,24458.15,125,0,551800
NIFTY-III.NFO,25/07/2024,09:22:47,24458.55,24456,50,24458.8,25,50,551800
NIFTY-III.NFO,25/07/2024,09:22:48,24459.15,24456,50,24459.2,50,50,551800
NIFTY-III.NFO,25/07/2024,09:22:50,24459.15,24456,50,24459.1,50,0,551800
NIFTY-III.NFO,25/07/2024,09:22:52,24456,24456,25,24459.25,25,25,551800
NIFTY-III.NFO,25/07/2024,09:22:53,24455,24455,250,24459.4,50,550,551800
NIFTY-III.NFO,25/07/2024,09:22:55,24455,24455,250,24459.5,50,0,551800
NIFTY-III.NFO,25/07/2024,09:22:58,24455,24455,250,24459.6,25,0,551800
NIFTY-III.NFO,25/07/2024,09:23:00,24455,24455,275,24460,50,0,551800
NIFTY-III.NFO,25/07/2024,09:23:02,24460,24455,275,24460.2,50,50,551800
NIFTY-III.NFO,25/07/2024,09:23:03,24460,24460,150,24460.25,25,0,551800
NIFTY-III.NFO,25/07/2024,09:23:05,24461.35,24460,175,24460.7,25,50,551800
NIFTY-III.NFO,25/07/2024,09:23:07,24461.35,24460,1075,24462.2,25,0,551800
NIFTY-III.NFO,25/07/2024,09:23:08,24460,24460,950,24463,125,125,551800
NIFTY-III.NFO,25/07/2024,09:23:10,24460,24460.05,50,24465,50,0,551800
NIFTY-III.NFO,25/07/2024,09:23:12,24461.15,24461.15,50,24465,25,50,551800
NIFTY-III.NFO,25/07/2024,09:23:13,24463.35,24462.85,75,24467,25,50,551800
NIFTY-III.NFO,25/07/2024,09:23:15,24463.35,24462.1,125,24467,25,0,551800
NIFTY-III.NFO,25/07/2024,09:23:17,24463.35,24461.15,25,24466.05,50,0,551800
NIFTY-III.NFO,25/07/2024,09:23:18,24465,24461.2,50,24467,25,50,551800
NIFTY-III.NFO,25/07/2024,09:23:20,24467.15,24464.25,25,24468.85,125,75,551800
NIFTY-III.NFO,25/07/2024,09:23:22,24467,24463.35,200,24466.6,125,75,551800
NIFTY-III.NFO,25/07/2024,09:23:23,24467,24463.4,125,24468.5,25,0,551800
NIFTY-III.NFO,25/07/2024,09:23:25,24467,24463.45,50,24468.45,75,0,551800
NIFTY-III.NFO,25/07/2024,09:23:27,24468.2,24466,25,24468.05,25,25,551800
NIFTY-III.NFO,25/07/2024,09:23:28,24467.7,24466,25,24467.65,25,25,551800
NIFTY-III.NFO,25/07/2024,09:23:30,24469,24466,25,24469.55,150,25,551800
NIFTY-III.NFO,25/07/2024,09:23:32,24469,24466,25,24469.4,250,0,551800
NIFTY-III.NFO,25/07/2024,09:23:33,24469.4,24466,25,24467.55,25,125,551800
NIFTY-III.NFO,25/07/2024,09:23:35,24468,24466,25,24467.85,50,250,551800
NIFTY-III.NFO,25/07/2024,09:23:37,24467.25,24466,25,24467.45,25,25,551800
NIFTY-III.NFO,25/07/2024,09:23:38,24466,24465,25,24466,25,225,551800
NIFTY-III.NFO,25/07/2024,09:23:40,24466,24465,25,24466.5,125,25,551800
NIFTY-III.NFO,25/07/2024,09:23:41,24463.35,24463,50,24466,25,250,551800
NIFTY-III.NFO,25/07/2024,09:23:43,24463.05,24463,125,24468.9,125,75,551800
NIFTY-III.NFO,25/07/2024,09:23:45,24468.7,24463.05,200,24466.2,125,25,551800
NIFTY-III.NFO,25/07/2024,09:23:46,24463.1,24463.1,125,24468,25,25,551800
NIFTY-III.NFO,25/07/2024,09:23:48,24468,24464.65,50,24470,125,25,551800
NIFTY-III.NFO,25/07/2024,09:23:50,24471.3,24465.65,50,24470.75,125,25,551800
NIFTY-III.NFO,25/07/2024,09:23:51,24471.45,24470.95,75,24475,525,25,551800
NIFTY-III.NFO,25/07/2024,09:23:53,24471.45,24470.15,75,24474.95,50,0,551800
NIFTY-III.NFO,25/07/2024,09:23:55,24473.55,24473.1,50,24475,125,425,551800
NIFTY-III.NFO,25/07/2024,09:23:56,24475,24471.9,75,24476,25,225,551800
NIFTY-III.NFO,25/07/2024,09:23:58,24476,24473,50,24477.95,500,25,551800
NIFTY-III.NFO,25/07/2024,09:24:00,24479,24478.45,75,24487.55,50,525,551800
NIFTY-III.NFO,25/07/2024,09:24:01,24489.25,24482.45,450,24487.8,75,225,551800
NIFTY-III.NFO,25/07/2024,09:24:03,24489.3,24480.9,75,24488.25,50,250,551800
NIFTY-III.NFO,25/07/2024,09:24:05,24480,24480,1725,24483.7,125,275,551800
NIFTY-III.NFO,25/07/2024,09:24:06,24480,24480,1700,24481.6,125,50,551800
NIFTY-III.NFO,25/07/2024,09:24:08,24482.3,24480,1400,24482.3,75,475,551800
NIFTY-III.NFO,25/07/2024,09:24:10,24480,24480,1200,24482.85,50,425,551800
NIFTY-III.NFO,25/07/2024,09:24:11,24480,24480,1075,24482.25,200,125,551800
NIFTY-III.NFO,25/07/2024,09:24:13,24480,24480,1025,24482.25,375,50,551800
NIFTY-III.NFO,25/07/2024,09:24:14,24483.25,24480,1000,24482.85,125,1125,551800
NIFTY-III.NFO,25/07/2024,09:24:16,24480,24480,1000,24481.1,325,75,551800
NIFTY-III.NFO,25/07/2024,09:24:18,24475,24475,725,24475.85,75,1475,551800
NIFTY-III.NFO,25/07/2024,09:24:19,24475,24473.55,25,24477.9,50,725,551800
NIFTY-III.NFO,25/07/2024,09:24:21,24475,24473.55,25,24478.05,125,0,551800
NIFTY-III.NFO,25/07/2024,09:24:23,24475,24473.55,25,24475.75,50,0,551800
NIFTY-III.NFO,25/07/2024,09:24:24,24475,24473.55,25,24475.65,50,0,551800
NIFTY-III.NFO,25/07/2024,09:24:26,24475,24473.55,25,24476,50,0,551800
NIFTY-III.NFO,25/07/2024,09:24:27,24475,24473.55,25,24474.45,150,0,551800
NIFTY-III.NFO,25/07/2024,09:24:29,24474.5,24470,25,24473.7,125,100,551800
NIFTY-III.NFO,25/07/2024,09:24:31,24473.65,24470,100,24473.7,25,125,551800
NIFTY-III.NFO,25/07/2024,09:24:32,24473.7,24470,100,24474.8,50,25,551800
NIFTY-III.NFO,25/07/2024,09:24:34,24473.7,24470,100,24473.65,25,0,551800
NIFTY-III.NFO,25/07/2024,09:24:36,24474.55,24473.7,200,24474.8,175,175,551800
NIFTY-III.NFO,25/07/2024,09:24:37,24474.55,24473.7,200,24474.8,75,0,551800
NIFTY-III.NFO,25/07/2024,09:24:39,24473.7,24470,100,24475.3,300,200,551800
NIFTY-III.NFO,25/07/2024,09:24:41,24473.7,24470.75,75,24476.7,200,0,551800
NIFTY-III.NFO,25/07/2024,09:24:42,24468.5,24468.5,50,24475.1,375,525,551800
NIFTY-III.NFO,25/07/2024,09:24:44,24468.5,24469,50,24476.4,75,0,551800
NIFTY-III.NFO,25/07/2024,09:24:46,24475,24468.65,75,24475,125,50,551800
NIFTY-III.NFO,25/07/2024,09:24:47,24475,24466.4,75,24473.5,125,25,551800
NIFTY-III.NFO,25/07/2024,09:24:49,24474.2,24467.45,75,24473.85,125,125,551800
NIFTY-III.NFO,25/07/2024,09:24:51,24473.15,24470,25,24472.75,175,25,554250
NIFTY-III.NFO,25/07/2024,09:24:53,24473.15,24470,25,24472.5,200,0,554250
NIFTY-III.NFO,25/07/2024,09:24:54,24472.35,24470,25,24472.3,250,25,554250
NIFTY-III.NFO,25/07/2024,09:24:56,24472.35,24470,25,24471.6,100,0,554250
NIFTY-III.NFO,25/07/2024,09:24:58,24471.45,24470,25,24471.95,175,25,554250
NIFTY-III.NFO,25/07/2024,09:24:59,24471.45,24470.05,75,24473.4,125,0,554250
NIFTY-III.NFO,25/07/2024,09:25:01,24470,24470,50,24471.55,125,25,554250
NIFTY-III.NFO,25/07/2024,09:25:03,24470,24470,50,24473.15,125,0,554250
NIFTY-III.NFO,25/07/2024,09:25:04,24472,24470,50,24473.4,50,50,554250
NIFTY-III.NFO,25/07/2024,09:25:06,24472.35,24470,75,24472.45,100,25,554250
NIFTY-III.NFO,25/07/2024,09:25:08,24472.35,24470,75,24471.45,50,0,554250
NIFTY-III.NFO,25/07/2024,09:25:09,24472.4,24470,75,24472.8,25,75,554250
NIFTY-III.NFO,25/07/2024,09:25:11,24472.35,24470,75,24472.25,150,425,554250
NIFTY-III.NFO,25/07/2024,09:25:13,24470,24470,50,24472.25,250,25,554250
NIFTY-III.NFO,25/07/2024,09:25:14,24470,24472,300,24473.6,250,0,554250
NIFTY-III.NFO,25/07/2024,09:25:16,24472,24472,200,24472.85,150,100,554250
NIFTY-III.NFO,25/07/2024,09:25:18,24472,24472,200,24472.6,250,0,554250
NIFTY-III.NFO,25/07/2024,09:25:19,24472,24470,75,24471.4,125,200,554250
NIFTY-III.NFO,25/07/2024,09:25:21,24472,24470,75,24471.8,250,0,554250
NIFTY-III.NFO,25/07/2024,09:25:23,24466.85,24465.05,225,24471.2,200,100,554250
NIFTY-III.NFO,25/07/2024,09:25:24,24469.95,24465.05,150,24470,75,75,554250
NIFTY-III.NFO,25/07/2024,09:25:26,24469.95,24465.4,75,24469.95,225,0,554250
NIFTY-III.NFO,25/07/2024,09:25:28,24465.4,24465.35,25,24469.75,225,25,554250
NIFTY-III.NFO,25/07/2024,09:25:29,24465.4,24466.65,50,24472.6,75,0,554250
NIFTY-III.NFO,25/07/2024,09:25:31,24469.7,24469.6,175,24473.7,1800,50,554250
NIFTY-III.NFO,25/07/2024,09:25:33,24469.7,24465.15,250,24471.65,325,0,554250
NIFTY-III.NFO,25/07/2024,09:25:34,24469.7,24465.45,175,24470.8,200,0,554250
NIFTY-III.NFO,25/07/2024,09:25:36,24467.1,24466.9,175,24471.05,50,25,554250
NIFTY-III.NFO,25/07/2024,09:25:37,24469.75,24469.75,75,24471.85,50,75,554250
NIFTY-III.NFO,25/07/2024,09:25:39,24469.75,24469.75,75,24471.85,50,0,554250
NIFTY-III.NFO,25/07/2024,09:25:42,24469.75,24469.75,75,24471.2,50,0,554250
NIFTY-III.NFO,25/07/2024,09:25:44,24469.75,24469.75,75,24472.5,50,0,554250
NIFTY-III.NFO,25/07/2024,09:25:46,24472.5,24469.8,75,24472.05,250,25,554250
NIFTY-III.NFO,25/07/2024,09:25:47,24469.75,24469.7,25,24472.8,250,100,554250
NIFTY-III.NFO,25/07/2024,09:25:49,24472.9,24469.75,75,24473.1,25,25,554250
NIFTY-III.NFO,25/07/2024,09:25:51,24473.7,24470.05,75,24473.7,1775,25,554250
NIFTY-III.NFO,25/07/2024,09:25:52,24473.7,24470,150,24473.7,1775,0,554250
NIFTY-III.NFO,25/07/2024,09:25:54,24473.7,24470,75,24473.2,225,0,554250
NIFTY-III.NFO,25/07/2024,09:25:55,24473.7,24470.05,125,24473.7,1775,0,554250
NIFTY-III.NFO,25/07/2024,09:25:57,24473.7,24470,325,24473.7,1750,25,554250
NIFTY-III.NFO,25/07/2024,09:25:59,24473.7,24471.55,125,24473.7,1750,0,554250
NIFTY-III.NFO,25/07/2024,09:26:00,24473.7,24471.45,50,24473.7,1550,200,554250
NIFTY-III.NFO,25/07/2024,09:26:02,24473.7,24471.15,125,24473.7,1550,0,554250
NIFTY-III.NFO,25/07/2024,09:26:04,24473.7,24470.05,300,24473.7,1550,0,554250
NIFTY-III.NFO,25/07/2024,09:26:05,24473.7,24471.4,50,24473.7,1525,25,554250
NIFTY-III.NFO,25/07/2024,09:26:07,24475,24475.8,50,24481.15,150,1550,554250
NIFTY-III.NFO,25/07/2024,09:26:09,24475,24479.6,50,24484.95,150,0,554250
NIFTY-III.NFO,25/07/2024,09:26:10,24484.95,24480.85,50,24485,50,25,554250
NIFTY-III.NFO,25/07/2024,09:26:12,24480.15,24480.15,150,24485,25,50,554250
NIFTY-III.NFO,25/07/2024,09:26:14,24480.15,24479.7,50,24485,100,0,554250
NIFTY-III.NFO,25/07/2024,09:26:15,24480.15,24478.6,125,24484.95,75,0,554250
NIFTY-III.NFO,25/07/2024,09:26:17,24478.5,24477.8,125,24483.9,75,50,554250
NIFTY-III.NFO,25/07/2024,09:26:19,24478.5,24480.05,50,24483.8,225,0,554250
NIFTY-III.NFO,25/07/2024,09:26:20,24484.3,24480.15,50,24485,25,100,554250
NIFTY-III.NFO,25/07/2024,09:26:22,24485.75,24480.95,50,24486.35,175,125,554250
NIFTY-III.NFO,25/07/2024,09:26:24,24484.3,24480.25,50,24484.75,100,75,554250
NIFTY-III.NFO,25/07/2024,09:26:25,24484.3,24480.45,50,24484.85,100,0,554250
NIFTY-III.NFO,25/07/2024,09:26:27,24484.3,24480.3,25,24482.45,100,0,554250
NIFTY-III.NFO,25/07/2024,09:26:28,24484.3,24480.3,25,24483.2,100,0,554250
NIFTY-III.NFO,25/07/2024,09:26:30,24480.3,24480,75,24482.1,100,25,554250
NIFTY-III.NFO,25/07/2024,09:26:32,24480,24473.75,75,24478.95,225,100,554250
NIFTY-III.NFO,25/07/2024,09:26:33,24474.65,24475.05,125,24481.3,200,500,554250
NIFTY-III.NFO,25/07/2024,09:26:35,24474.65,24475,50,24479.4,175,0,554250
NIFTY-III.NFO,25/07/2024,09:26:37,24474.65,24475,50,24479.4,225,0,554250
NIFTY-III.NFO,25/07/2024,09:26:38,24475,24475,25,24478.75,150,25,554250
NIFTY-III.NFO,25/07/2024,09:26:40,24475,24475,25,24478.7,175,0,554250
NIFTY-III.NFO,25/07/2024,09:26:42,24475.3,24475,25,24478.65,225,25,554250
NIFTY-III.NFO,25/07/2024,09:26:43,24475.3,24475,25,24477.9,225,0,554250
NIFTY-III.NFO,25/07/2024,09:26:45,24475.3,24475,50,24477.85,225,0,554250
NIFTY-III.NFO,25/07/2024,09:26:46,24478.2,24475,75,24477.85,175,50,554250
NIFTY-III.NFO,25/07/2024,09:26:48,24476.6,24475,25,24476.55,150,325,554250
NIFTY-III.NFO,25/07/2024,09:26:50,24475,24473.7,700,24475.5,225,25,554250
NIFTY-III.NFO,25/07/2024,09:26:51,24475,24473.7,700,24476.9,100,0,554250
NIFTY-III.NFO,25/07/2024,09:26:53,24476.9,24474.85,125,24479.1,75,25,554250
NIFTY-III.NFO,25/07/2024,09:26:55,24478.3,24473.7,700,24478.3,125,75,554250
NIFTY-III.NFO,25/07/2024,09:26:56,24473.7,24473.7,675,24477.6,250,25,554250
NIFTY-III.NFO,25/07/2024,09:26:58,24473.7,24473.7,675,24477.4,250,0,554250
NIFTY-III.NFO,25/07/2024,09:27:00,24474.45,24473.8,100,24478.4,250,25,554250
NIFTY-III.NFO,25/07/2024,09:27:01,24474.45,24475,25,24477.85,50,0,554250
NIFTY-III.NFO,25/07/2024,09:27:03,24474.45,24475,25,24476.75,50,0,554250
NIFTY-III.NFO,25/07/2024,09:27:05,24474.45,24475,25,24478.15,25,0,554250
NIFTY-III.NFO,25/07/2024,09:27:08,24478.15,24475,25,24478.45,50,25,554250
NIFTY-III.NFO,25/07/2024,09:27:10,24473.7,24473.7,650,24478.25,125,125,554250
NIFTY-III.NFO,25/07/2024,09:27:11,24473.7,24473.95,100,24479.1,50,0,554250
NIFTY-III.NFO,25/07/2024,09:27:13,24473.7,24473.75,100,24475,25,0,554250
NIFTY-III.NFO,25/07/2024,09:27:15,24473.7,24473.7,675,24474,100,0,554250
NIFTY-III.NFO,25/07/2024,09:27:16,24475,24474.05,100,24478.8,125,125,554250
NIFTY-III.NFO,25/07/2024,09:27:18,24478.35,24473.7,675,24478.35,100,25,554250
NIFTY-III.NFO,25/07/2024,09:27:20,24478.35,24473.7,675,24477.5,250,0,554250
NIFTY-III.NFO,25/07/2024,09:27:23,24478.35,24473.7,675,24477.45,125,0,554250
NIFTY-III.NFO,25/07/2024,09:27:25,24478.35,24473.7,675,24476.85,125,0,554250
NIFTY-III.NFO,25/07/2024,09:27:26,24478.35,24473.7,675,24476.2,250,0,554250
NIFTY-III.NFO,25/07/2024,09:27:28,24476.3,24473.7,675,24476.75,175,75,554250
NIFTY-III.NFO,25/07/2024,09:27:29,24475,24473.7,675,24473.95,125,25,554250
NIFTY-III.NFO,25/07/2024,09:27:31,24473.7,24471,150,24472.4,125,700,554250
NIFTY-III.NFO,25/07/2024,09:27:33,24469.7,24465,25,24467.8,100,500,554250
NIFTY-III.NFO,25/07/2024,09:27:34,24472,24466.4,75,24472.4,250,250,554250
NIFTY-III.NFO,25/07/2024,09:27:36,24472.7,24470,25,24473.15,200,50,554250
NIFTY-III.NFO,25/07/2024,09:27:38,24472,24470,50,24472.05,150,50,554250
NIFTY-III.NFO,25/07/2024,09:27:39,24471.3,24470,25,24473.05,125,75,554250
NIFTY-III.NFO,25/07/2024,09:27:41,24473.05,24470,25,24473.25,150,50,554250
NIFTY-III.NFO,25/07/2024,09:27:43,24473.15,24470,100,24473.45,250,25,554250
NIFTY-III.NFO,25/07/2024,09:27:44,24473.85,24470,25,24473.85,300,75,554250
NIFTY-III.NFO,25/07/2024,09:27:46,24473.85,24470,25,24473.5,125,25,554250
NIFTY-III.NFO,25/07/2024,09:27:48,24474.05,24470,25,24473.45,125,75,554250
NIFTY-III.NFO,25/07/2024,09:27:49,24471.55,24470,25,24471.75,125,75,556200
NIFTY-III.NFO,25/07/2024,09:27:51,24472.15,24470,50,24472.5,250,250,556200
NIFTY-III.NFO,25/07/2024,09:27:53,24475,24470.05,125,24475,75,125,556200
NIFTY-III.NFO,25/07/2024,09:27:54,24474.35,24470,125,24473.45,125,125,556200
NIFTY-III.NFO,25/07/2024,09:27:56,24473.5,24471,50,24473.5,225,50,556200
NIFTY-III.NFO,25/07/2024,09:27:58,24473.5,24471,125,24474.95,250,0,556200
NIFTY-III.NFO,25/07/2024,09:27:59,24476.35,24471.05,175,24475.95,150,200,556200
NIFTY-III.NFO,25/07/2024,09:28:01,24476.35,24471,50,24475.2,125,75,556200
NIFTY-III.NFO,25/07/2024,09:28:02,24475.75,24471.6,150,24475.75,75,125,556200
NIFTY-III.NFO,25/07/2024,09:28:04,24477.85,24474.2,125,24477.85,75,100,556200
NIFTY-III.NFO,25/07/2024,09:28:06,24477.75,24473.7,175,24477.6,125,75,556200
NIFTY-III.NFO,25/07/2024,09:28:07,24477.75,24473.5,150,24477.75,25,150,556200
NIFTY-III.NFO,25/07/2024,09:28:09,24477.4,24472.55,175,24477.7,175,100,556200
NIFTY-III.NFO,25/07/2024,09:28:11,24478.4,24474.95,175,24480,425,175,556200
NIFTY-III.NFO,25/07/2024,09:28:12,24479.3,24476.7,150,24480,400,50,556200
NIFTY-III.NFO,25/07/2024,09:28:14,24480,24478.3,175,24480,225,175,556200
NIFTY-III.NFO,25/07/2024,09:28:16,24480.3,24477.8,175,24480.3,25,450,556200
NIFTY-III.NFO,25/07/2024,09:28:17,24478.75,24480.25,175,24485,50,50,556200
NIFTY-III.NFO,25/07/2024,09:28:19,24485,24484.6,75,24487.95,25,150,556200
NIFTY-III.NFO,25/07/2024,09:28:21,24484.55,24480.8,75,24487.75,75,100,556200
NIFTY-III.NFO,25/07/2024,09:28:22,24480.8,24480.05,50,24487.4,175,50,556200
NIFTY-III.NFO,25/07/2024,09:28:24,24480.8,24480,125,24483.9,25,0,556200
NIFTY-III.NFO,25/07/2024,09:28:25,24485,24480.8,25,24485.95,125,50,556200
NIFTY-III.NFO,25/07/2024,09:28:27,24485,24480.8,25,24484.8,25,0,556200
NIFTY-III.NFO,25/07/2024,09:28:29,24485,24480.8,100,24486.1,25,0,556200
NIFTY-III.NFO,25/07/2024,09:28:30,24485,24481.7,25,24485,25,75,556200
NIFTY-III.NFO,25/07/2024,09:28:32,24485,24483.3,125,24490,175,50,556200
NIFTY-III.NFO,25/07/2024,09:28:34,24488.55,24485,25,24488.55,25,50,556200
NIFTY-III.NFO,25/07/2024,09:28:35,24488.55,24483.4,50,24488.55,25,50,556200
NIFTY-III.NFO,25/07/2024,09:28:37,24488.5,24482.55,150,24488.5,125,75,556200
NIFTY-III.NFO,25/07/2024,09:28:39,24490,24484.85,50,24490,125,75,556200
NIFTY-III.NFO,25/07/2024,09:28:40,24484.8,24484.8,125,24490,125,25,556200
NIFTY-III.NFO,25/07/2024,09:28:42,24490,24485.55,150,24490,125,25,556200
NIFTY-III.NFO,25/07/2024,09:28:44,24489.95,24483.55,75,24489.95,125,75,556200
NIFTY-III.NFO,25/07/2024,09:28:45,24489.95,24483.15,125,24489.6,125,25,556200
NIFTY-III.NFO,25/07/2024,09:28:47,24490,24483.85,50,24489.75,50,50,556200
NIFTY-III.NFO,25/07/2024,09:28:49,24489.95,24483.85,50,24489.95,50,50,556200
NIFTY-III.NFO,25/07/2024,09:28:50,24490,24489.95,25,24490,25,25,556200
NIFTY-III.NFO,25/07/2024,09:28:52,24489.35,24483.5,175,24489.3,150,100,556200
NIFTY-III.NFO,25/07/2024,09:28:54,24489.7,24483.9,175,24489.7,75,75,556200
NIFTY-III.NFO,25/07/2024,09:28:55,24488.35,24480.9,100,24488,150,50,556200
NIFTY-III.NFO,25/07/2024,09:28:57,24486.55,24480.8,25,24486,100,50,556200
NIFTY-III.NFO,25/07/2024,09:28:59,24484.95,24480.8,25,24484.95,100,50,556200
NIFTY-III.NFO,25/07/2024,09:29:00,24483.65,24480.8,25,24482.65,225,25,556200
NIFTY-III.NFO,25/07/2024,09:29:02,24483.4,24480.8,25,24483.9,250,50,556200
NIFTY-III.NFO,25/07/2024,09:29:03,24483.4,24480.8,25,24484.45,275,0,556200
NIFTY-III.NFO,25/07/2024,09:29:05,24480.8,24480,550,24482.8,500,75,556200
NIFTY-III.NFO,25/07/2024,09:29:07,24481.6,24480,550,24481.9,225,300,556200
NIFTY-III.NFO,25/07/2024,09:29:08,24481.9,24480,550,24481.2,200,25,556200
NIFTY-III.NFO,25/07/2024,09:29:10,24481.9,24480,550,24480.7,200,0,556200
NIFTY-III.NFO,25/07/2024,09:29:12,24480,24477.75,25,24480.05,250,550,556200
NIFTY-III.NFO,25/07/2024,09:29:13,24478.65,24477.75,25,24479.15,50,25,556200
NIFTY-III.NFO,25/07/2024,09:29:15,24477.35,24476,25,24476.25,100,100,556200
NIFTY-III.NFO,25/07/2024,09:29:17,24476.65,24475,275,24476.7,250,75,556200
NIFTY-III.NFO,25/07/2024,09:29:18,24477.3,24475,275,24476.05,25,25,556200
NIFTY-III.NFO,25/07/2024,09:29:20,24477.25,24475,275,24477.45,125,150,556200
NIFTY-III.NFO,25/07/2024,09:29:22,24479.15,24475,225,24478.65,50,100,556200
NIFTY-III.NFO,25/07/2024,09:29:24,24479.65,24475.05,100,24480,25,50,556200
NIFTY-III.NFO,25/07/2024,09:29:25,24480,24475,200,24479.7,100,25,556200
NIFTY-III.NFO,25/07/2024,09:29:27,24480,24475,200,24478.95,350,0,556200
NIFTY-III.NFO,25/07/2024,09:29:29,24479.8,24476.05,25,24480.7,50,250,556200
NIFTY-III.NFO,25/07/2024,09:29:30,24482.25,24477.6,25,24482.25,25,50,556200
NIFTY-III.NFO,25/07/2024,09:29:32,24485,24481.25,25,24485,75,25,556200
NIFTY-III.NFO,25/07/2024,09:29:34,24484.55,24477.15,25,24483.9,475,50,556200
NIFTY-III.NFO,25/07/2024,09:29:35,24482.15,24476.5,125,24482.7,175,350,556200
NIFTY-III.NFO,25/07/2024,09:29:37,24482.55,24475.45,125,24481.6,375,25,556200
NIFTY-III.NFO,25/07/2024,09:29:39,24481.8,24476.55,75,24482.45,225,50,556200
NIFTY-III.NFO,25/07/2024,09:29:40,24482.35,24476.3,50,24482.55,325,50,556200
NIFTY-III.NFO,25/07/2024,09:29:42,24482.55,24475.85,150,24482.35,225,25,556200
NIFTY-III.NFO,25/07/2024,09:29:43,24482.3,24476.9,75,24482.35,300,100,556200
NIFTY-III.NFO,25/07/2024,09:29:45,24481.45,24475.4,150,24481.05,375,75,556200
NIFTY-III.NFO,25/07/2024,09:29:47,24480.6,24475.35,100,24480.85,150,25,556200
NIFTY-III.NFO,25/07/2024,09:29:48,24480.65,24475.35,100,24480.65,125,100,556200
NIFTY-III.NFO,25/07/2024,09:29:50,24480.3,24475.35,100,24480.45,175,50,556200
NIFTY-III.NFO,25/07/2024,09:29:52,24477.9,24475.35,25,24479.7,100,25,556200
NIFTY-III.NFO,25/07/2024,09:29:53,24479.8,24475.35,25,24479.15,75,50,556200
NIFTY-III.NFO,25/07/2024,09:29:55,24480.1,24475.05,25,24480.1,125,200,556200
NIFTY-III.NFO,25/07/2024,09:29:57,24481.15,24478.6,175,24482.35,25,50,556200
NIFTY-III.NFO,25/07/2024,09:29:58,24482.45,24477,125,24482.4,175,50,556200
NIFTY-III.NFO,25/07/2024,09:30:00,24482.45,24476.85,150,24480.45,25,50,556200
NIFTY-III.NFO,25/07/2024,09:30:02,24484.35,24478.7,175,24482.75,275,25,556200
NIFTY-III.NFO,25/07/2024,09:30:03,24481.7,24475.85,100,24481,250,50,556200
NIFTY-III.NFO,25/07/2024,09:30:05,24480.45,24475.9,175,24480.6,225,100,556200
NIFTY-III.NFO,25/07/2024,09:30:07,24480,24475.15,175,24480,200,25,556200
NIFTY-III.NFO,25/07/2024,09:30:08,24480.45,24475.05,175,24480.6,175,350,556200
NIFTY-III.NFO,25/07/2024,09:30:10,24481.3,24476.15,225,24480.75,225,50,556200
NIFTY-III.NFO,25/07/2024,09:30:12,24483.35,24478.2,175,24483.35,225,50,556200
NIFTY-III.NFO,25/07/2024,09:30:13,24483.55,24479.3,225,24483.9,100,150,556200
NIFTY-III.NFO,25/07/2024,09:30:15,24481.55,24480.55,175,24484.4,225,75,556200
NIFTY-III.NFO,25/07/2024,09:30:16,24484.2,24480.35,75,24484.2,425,75,556200
NIFTY-III.NFO,25/07/2024,09:30:18,24484.2,24480.8,100,24484.4,150,25,556200
NIFTY-III.NFO,25/07/2024,09:30:20,24485,24484.05,100,24485.1,25,125,556200
NIFTY-III.NFO,25/07/2024,09:30:21,24488.05,24481.9,75,24488.05,150,125,556200
NIFTY-III.NFO,25/07/2024,09:30:23,24487.6,24482.1,75,24487.4,250,50,556200
NIFTY-III.NFO,25/07/2024,09:30:25,24488.75,24481.55,75,24488.7,225,250,556200
NIFTY-III.NFO,25/07/2024,09:30:26,24488.15,24481.95,75,24487.95,100,50,556200
NIFTY-III.NFO,25/07/2024,09:30:28,24487,24480.7,50,24486.1,100,50,556200
NIFTY-III.NFO,25/07/2024,09:30:30,24484.6,24480.05,75,24484.75,125,50,556200
NIFTY-III.NFO,25/07/2024,09:30:31,24485.6,24481.25,25,24485.8,100,25,556200
NIFTY-III.NFO,25/07/2024,09:30:33,24485,24481.6,50,24485.55,250,50,556200
NIFTY-III.NFO,25/07/2024,09:30:34,24486.6,24481.5,150,24486.6,50,125,556200
NIFTY-III.NFO,25/07/2024,09:30:36,24486.35,24482.7,100,24487,50,50,556200
NIFTY-III.NFO,25/07/2024,09:30:38,24487,24483.3,75,24487.6,75,125,556200
NIFTY-III.NFO,25/07/2024,09:30:39,24488.1,24484.15,50,24488.15,25,50,556200
NIFTY-III.NFO,25/07/2024,09:30:41,24489.9,24487.65,25,24490,50,75,556200
NIFTY-III.NFO,25/07/2024,09:30:43,24490,24492.85,50,24495,25,50,556200
NIFTY-III.NFO,25/07/2024,09:30:44,24493.8,24490.9,25,24496.2,50,75,556200
NIFTY-III.NFO,25/07/2024,09:30:46,24498,24493.55,25,24498,50,100,556200
NIFTY-III.NFO,25/07/2024,09:30:48,24490.2,24490.3,125,24496.05,50,100,556200
NIFTY-III.NFO,25/07/2024,09:30:49,24492.85,24488.45,75,24494.5,300,50,556200
NIFTY-III.NFO,25/07/2024,09:30:51,24492.85,24487.25,25,24492,275,0,556200
NIFTY-III.NFO,25/07/2024,09:30:53,24485.1,24484.55,300,24490.9,250,75,560050
NIFTY-III.NFO,25/07/2024,09:30:54,24490.9,24482.9,175,24489.6,150,225,560050
NIFTY-III.NFO,25/07/2024,09:30:56,24488.45,24482.7,175,24488.3,125,225,560050
NIFTY-III.NFO,25/07/2024,09:30:57,24482.8,24482.75,50,24488.45,150,125,560050
NIFTY-III.NFO,25/07/2024,09:30:59,24486.65,24482,25,24486.6,150,100,560050
NIFTY-III.NFO,25/07/2024,09:31:01,24486.4,24480.05,75,24485.95,150,75,560050
NIFTY-III.NFO,25/07/2024,09:31:02,24486.35,24481.3,75,24486.25,175,125,560050
NIFTY-III.NFO,25/07/2024,09:31:04,24481.5,24481.85,50,24486.3,125,75,560050
NIFTY-III.NFO,25/07/2024,09:31:06,24481.6,24481.6,75,24486.65,100,125,560050
NIFTY-III.NFO,25/07/2024,09:31:07,24486.65,24481.25,100,24486.65,100,75,560050
NIFTY-III.NFO,25/07/2024,09:31:09,24487.75,24482.45,250,24487.8,150,150,560050
NIFTY-III.NFO,25/07/2024,09:31:10,24487.75,24482.9,25,24488.55,150,50,560050
NIFTY-III.NFO,25/07/2024,09:31:12,24488.55,24482.55,175,24488.55,125,150,560050
NIFTY-III.NFO,25/07/2024,09:31:14,24488.45,24484.6,25,24488.95,25,125,560050
NIFTY-III.NFO,25/07/2024,09:31:15,24482.75,24482.75,100,24488.5,100,100,560050
NIFTY-III.NFO,25/07/2024,09:31:17,24487.55,24481.8,125,24487.55,50,75,560050
NIFTY-III.NFO,25/07/2024,09:31:19,24482.25,24482.25,75,24487.65,100,75,560050
NIFTY-III.NFO,25/07/2024,09:31:20,24486.9,24480.5,25,24486.85,150,100,560050
NIFTY-III.NFO,25/07/2024,09:31:22,24479.95,24479.1,100,24486.35,225,400,560050
NIFTY-III.NFO,25/07/2024,09:31:24,24483.15,24482.15,50,24488,175,125,560050
NIFTY-III.NFO,25/07/2024,09:31:25,24485.05,24480,500,24485.3,75,75,560050
NIFTY-III.NFO,25/07/2024,09:31:27,24485.7,24480.55,25,24485.95,100,25,560050
NIFTY-III.NFO,25/07/2024,09:31:28,24486,24482.95,125,24488.55,25,50,560050
NIFTY-III.NFO,25/07/2024,09:31:30,24488.55,24485.8,175,24491.2,175,75,560050
NIFTY-III.NFO,25/07/2024,09:31:32,24483.15,24482.85,75,24489.75,150,75,560050
NIFTY-III.NFO,25/07/2024,09:31:33,24489,24481.4,175,24488.35,125,50,560050
NIFTY-III.NFO,25/07/2024,09:31:35,24488.3,24482.4,50,24488.25,225,450,560050
NIFTY-III.NFO,25/07/2024,09:31:37,24483,24482.15,100,24488.75,200,125,560050
NIFTY-III.NFO,25/07/2024,09:31:38,24488.7,24482.55,100,24489.2,225,125,560050
NIFTY-III.NFO,25/07/2024,09:31:40,24489,24482.15,100,24489,200,125,560050
NIFTY-III.NFO,25/07/2024,09:31:42,24482.35,24482.35,100,24489.1,100,75,560050
NIFTY-III.NFO,25/07/2024,09:31:44,24489.9,24483.85,100,24489.85,100,100,560050
NIFTY-III.NFO,25/07/2024,09:31:45,24489.8,24483.8,75,24489.8,175,225,560050
NIFTY-III.NFO,25/07/2024,09:31:47,24483.05,24482.55,100,24489,150,75,560050
NIFTY-III.NFO,25/07/2024,09:31:49,24482.35,24483.25,25,24489.85,175,125,560050
NIFTY-III.NFO,25/07/2024,09:31:50,24489.9,24483.8,25,24489.9,100,175,560050
NIFTY-III.NFO,25/07/2024,09:31:52,24482.75,24482.75,50,24489.7,100,125,560050
NIFTY-III.NFO,25/07/2024,09:31:54,24489.95,24485.1,100,24490,50,100,560050
NIFTY-III.NFO,25/07/2024,09:31:55,24489,24485.75,125,24489,225,100,560050
NIFTY-III.NFO,25/07/2024,09:31:57,24486.4,24486.4,75,24489,200,100,560050
NIFTY-III.NFO,25/07/2024,09:31:59,24489,24485.95,125,24489,150,75,560050
NIFTY-III.NFO,25/07/2024,09:32:00,24485.95,24485.15,175,24486,500,100,560050
NIFTY-III.NFO,25/07/2024,09:32:02,24486,24484.4,150,24486,475,50,560050
NIFTY-III.NFO,25/07/2024,09:32:04,24486,24485.55,25,24486,400,75,560050
NIFTY-III.NFO,25/07/2024,09:32:05,24489,24487.6,125,24489,125,450,560050
NIFTY-III.NFO,25/07/2024,09:32:07,24489,24488.25,150,24489,100,25,560050
NIFTY-III.NFO,25/07/2024,09:32:09,24489,24488.2,200,24489,50,50,560050
NIFTY-III.NFO,25/07/2024,09:32:10,24489,24488.3,150,24490,25,50,560050
NIFTY-III.NFO,25/07/2024,09:32:12,24490,24488.4,100,24493.4,125,25,560050
NIFTY-III.NFO,25/07/2024,09:32:14,24493.55,24490,50,24493.45,100,50,560050
NIFTY-III.NFO,25/07/2024,09:32:15,24490.05,24490.05,25,24493.3,100,50,560050
NIFTY-III.NFO,25/07/2024,09:32:17,24490.15,24490.15,25,24493.6,25,100,560050
NIFTY-III.NFO,25/07/2024,09:32:19,24494,24490.05,100,24495.25,100,50,560050
NIFTY-III.NFO,25/07/2024,09:32:20,24490.1,24490.05,25,24494.1,100,25,560050
NIFTY-III.NFO,25/07/2024,09:32:22,24493.7,24490,75,24493.65,100,125,560050
NIFTY-III.NFO,25/07/2024,09:32:24,24493.85,24490,125,24495,75,75,560050
NIFTY-III.NFO,25/07/2024,09:32:25,24494.5,24490.05,75,24494.35,50,50,560050
NIFTY-III.NFO,25/07/2024,09:32:27,24494.35,24490,25,24494.4,25,100,560050
NIFTY-III.NFO,25/07/2024,09:32:28,24490,24494,200,24495.95,125,50,560050
NIFTY-III.NFO,25/07/2024,09:32:30,24490,24494,200,24497,25,0,560050
NIFTY-III.NFO,25/07/2024,09:32:32,24495.65,24494,200,24496.3,125,50,560050
NIFTY-III.NFO,25/07/2024,09:32:33,24494,24494.05,50,24496.4,25,25,560050
NIFTY-III.NFO,25/07/2024,09:32:35,24494.25,24494,175,24498,75,75,560050
NIFTY-III.NFO,25/07/2024,09:32:37,24495,24494,175,24495,175,125,560050
NIFTY-III.NFO,25/07/2024,09:32:38,24495,24494.05,100,24495,50,125,560050
NIFTY-III.NFO,25/07/2024,09:32:40,24495,24494,175,24497.8,50,50,560050
NIFTY-III.NFO,25/07/2024,09:32:42,24497.45,24494,175,24497.45,125,50,560050
NIFTY-III.NFO,25/07/2024,09:32:43,24496.85,24494,175,24496.2,50,25,560050
NIFTY-III.NFO,25/07/2024,09:32:45,24494.05,24494,175,24496.05,125,50,560050
NIFTY-III.NFO,25/07/2024,09:32:47,24495,24495,25,24496.3,125,50,560050
NIFTY-III.NFO,25/07/2024,09:32:48,24496.35,24495,25,24496.35,450,75,560050
NIFTY-III.NFO,25/07/2024,09:32:50,24497.2,24495,25,24497.2,125,50,560050
NIFTY-III.NFO,25/07/2024,09:32:52,24496.7,24495,25,24496.1,100,50,560050
NIFTY-III.NFO,25/07/2024,09:32:53,24496.45,24495,25,24497.25,100,25,560050
NIFTY-III.NFO,25/07/2024,09:32:55,24496.6,24494,175,24496.6,25,75,560050
NIFTY-III.NFO,25/07/2024,09:32:57,24496,24495,175,24496.5,75,50,560050
NIFTY-III.NFO,25/07/2024,09:32:58,24497.2,24495,175,24497.25,25,50,560050
NIFTY-III.NFO,25/07/2024,09:33:00,24495,24494.55,100,24495,100,425,560050
NIFTY-III.NFO,25/07/2024,09:33:02,24495,24494,175,24495,75,50,560050
NIFTY-III.NFO,25/07/2024,09:33:03,24495,24494,175,24495,25,50,560050
NIFTY-III.NFO,25/07/2024,09:33:05,24496.5,24495,25,24496.5,25,50,560050
NIFTY-III.NFO,25/07/2024,09:33:07,24497.2,24495,25,24497.65,125,50,560050
NIFTY-III.NFO,25/07/2024,09:33:08,24497.85,24495,25,24497.3,50,50,560050
NIFTY-III.NFO,25/07/2024,09:33:10,24496.95,24495,25,24497.65,125,50,560050
NIFTY-III.NFO,25/07/2024,09:33:12,24496.95,24494.5,175,24496.5,375,75,560050
NIFTY-III.NFO,25/07/2024,09:33:13,24496.75,24494.5,175,24497.5,75,125,560050
NIFTY-III.NFO,25/07/2024,09:33:15,24496.65,24494.5,75,24496.65,100,150,560050
NIFTY-III.NFO,25/07/2024,09:33:17,24494,24490,250,24495.85,325,150,560050
NIFTY-III.NFO,25/07/2024,09:33:18,24495.45,24490,250,24495.45,100,75,560050
NIFTY-III.NFO,25/07/2024,09:33:20,24495.45,24490.5,25,24495.35,200,25,560050
NIFTY-III.NFO,25/07/2024,09:33:21,24494,24490.5,25,24494.9,150,75,560050
NIFTY-III.NFO,25/07/2024,09:33:23,24494.7,24490.5,25,24494.7,100,50,560050
NIFTY-III.NFO,25/07/2024,09:33:25,24494.45,24490,250,24494.8,125,50,560050
NIFTY-III.NFO,25/07/2024,09:33:26,24495,24490,250,24495,100,100,560050
NIFTY-III.NFO,25/07/2024,09:33:28,24495.85,24490.25,100,24495.95,200,75,560050
NIFTY-III.NFO,25/07/2024,09:33:30,24496,24494.9,25,24496.2,75,25,560050
NIFTY-III.NFO,25/07/2024,09:33:31,24491.9,24490.05,175,24495,1750,150,560050
NIFTY-III.NFO,25/07/2024,09:33:33,24495,24490.05,175,24495,1700,50,560050
NIFTY-III.NFO,25/07/2024,09:33:34,24495,24490.05,100,24494.9,375,25,560050
NIFTY-III.NFO,25/07/2024,09:33:36,24495,24490.35,175,24495,1675,50,560050
NIFTY-III.NFO,25/07/2024,09:33:38,24495,24492.25,175,24495,1500,200,560050
NIFTY-III.NFO,25/07/2024,09:33:39,24495,24492.35,100,24495,1500,50,560050
NIFTY-III.NFO,25/07/2024,09:33:41,24495,24491,175,24495,1400,100,560050
NIFTY-III.NFO,25/07/2024,09:33:43,24495,24491.15,175,24495,1625,25,560050
NIFTY-III.NFO,25/07/2024,09:33:44,24495,24492.05,175,24495,1575,75,560050
NIFTY-III.NFO,25/07/2024,09:33:46,24492,24491.05,100,24494.95,75,100,560050
NIFTY-III.NFO,25/07/2024,09:33:48,24494.95,24491.05,175,24494.95,75,25,560050
NIFTY-III.NFO,25/07/2024,09:33:49,24495,24491.75,150,24495,1525,50,560050
NIFTY-III.NFO,25/07/2024,09:33:51,24495,24494.05,75,24495,1300,250,563675
NIFTY-III.NFO,25/07/2024,09:33:53,24491,24491.75,75,24495,1200,375,563675
NIFTY-III.NFO,25/07/2024,09:33:54,24495,24492.25,50,24495,1100,125,563675
NIFTY-III.NFO,25/07/2024,09:33:56,24495,24492.75,75,24495,1075,25,563675
NIFTY-III.NFO,25/07/2024,09:33:58,24495,24491,225,24495,1025,50,563675
NIFTY-III.NFO,25/07/2024,09:33:59,24495,24491,225,24495,1000,25,563675
NIFTY-III.NFO,25/07/2024,09:34:01,24495,24491,225,24495,950,50,563675
NIFTY-III.NFO,25/07/2024,09:34:03,24495,24491.15,125,24494,50,50,563675
NIFTY-III.NFO,25/07/2024,09:34:04,24494,24491,150,24494,25,25,563675
NIFTY-III.NFO,25/07/2024,09:34:06,24495,24491,225,24495,850,50,563675
NIFTY-III.NFO,25/07/2024,09:34:07,24495,24491,150,24495,800,50,563675
NIFTY-III.NFO,25/07/2024,09:34:09,24494.95,24491,150,24494.95,200,25,563675
NIFTY-III.NFO,25/07/2024,09:34:11,24495,24491,150,24494.95,125,50,563675
NIFTY-III.NFO,25/07/2024,09:34:12,24495,24491.7,125,24495,725,100,563675
NIFTY-III.NFO,25/07/2024,09:34:14,24491.7,24492.95,75,24495,725,275,563675
NIFTY-III.NFO,25/07/2024,09:34:16,24495,24492,50,24495,675,50,563675
NIFTY-III.NFO,25/07/2024,09:34:17,24492.45,24493.3,100,24495,650,150,563675
NIFTY-III.NFO,25/07/2024,09:34:19,24495,24493.1,50,24495,600,50,563675
NIFTY-III.NFO,25/07/2024,09:34:21,24495.25,24494.2,50,24497,25,625,563675
NIFTY-III.NFO,25/07/2024,09:34:22,24495,24492.8,50,24495,25,25,563675
NIFTY-III.NFO,25/07/2024,09:34:24,24497,24494.2,50,24498.95,75,50,563675
NIFTY-III.NFO,25/07/2024,09:34:25,24495,24493.5,50,24498.95,75,50,563675
NIFTY-III.NFO,25/07/2024,09:34:27,24499,24493,50,24498.75,175,50,563675
NIFTY-III.NFO,25/07/2024,09:34:29,24497.5,24491.4,50,24497.05,175,300,563675
NIFTY-III.NFO,25/07/2024,09:34:30,24497.65,24491.05,75,24496.8,100,25,563675
NIFTY-III.NFO,25/07/2024,09:34:32,24496.85,24491,100,24494.9,75,50,563675
NIFTY-III.NFO,25/07/2024,09:34:34,24497,24491.3,50,24497,25,50,563675
NIFTY-III.NFO,25/07/2024,09:34:35,24491.45,24492.4,100,24497.6,50,75,563675
NIFTY-III.NFO,25/07/2024,09:34:37,24499.1,24494.9,25,24499.4,150,50,563675
NIFTY-III.NFO,25/07/2024,09:34:39,24496.85,24491.1,75,24496.85,75,75,563675
NIFTY-III.NFO,25/07/2024,09:34:40,24497,24492.6,50,24498.75,200,25,563675
NIFTY-III.NFO,25/07/2024,09:34:42,24497.45,24495.25,50,24497.1,200,50,563675
NIFTY-III.NFO,25/07/2024,09:34:44,24499,24497,25,24499,50,50,563675
NIFTY-III.NFO,25/07/2024,09:34:45,24497.75,24495.25,50,24498.45,100,50,563675
NIFTY-III.NFO,25/07/2024,09:34:47,24498.65,24495.25,50,24498.55,50,50,563675
NIFTY-III.NFO,25/07/2024,09:34:48,24498.55,24495.25,50,24499.8,100,25,563675
NIFTY-III.NFO,25/07/2024,09:34:50,24499.65,24495.25,50,24499.65,225,50,563675
NIFTY-III.NFO,25/07/2024,09:34:52,24499.05,24495.25,25,24499.15,200,350,563675
NIFTY-III.NFO,25/07/2024,09:34:53,24499.1,24495.25,25,24499.15,150,25,563675
NIFTY-III.NFO,25/07/2024,09:34:55,24495.25,24495,50,24498.65,250,75,563675
NIFTY-III.NFO,25/07/2024,09:34:56,24498.05,24495,50,24498.4,200,25,563675
NIFTY-III.NFO,25/07/2024,09:34:58,24497.6,24495,50,24497.6,75,50,563675
NIFTY-III.NFO,25/07/2024,09:35:00,24496.45,24495,50,24496.45,125,75,563675
NIFTY-III.NFO,25/07/2024,09:35:01,24495,24491.05,75,24496.3,300,75,563675
NIFTY-III.NFO,25/07/2024,09:35:03,24496.25,24491,175,24496.55,250,50,563675
NIFTY-III.NFO,25/07/2024,09:35:05,24496.55,24491.05,125,24496.55,225,25,563675
NIFTY-III.NFO,25/07/2024,09:35:06,24496.5,24491,100,24496.35,175,50,563675
NIFTY-III.NFO,25/07/2024,09:35:08,24495.95,24491,175,24495.95,200,50,563675
NIFTY-III.NFO,25/07/2024,09:35:10,24496.55,24493.6,125,24497.6,25,125,563675
NIFTY-III.NFO,25/07/2024,09:35:11,24499.25,24494.65,175,24499.8,25,50,563675
NIFTY-III.NFO,25/07/2024,09:35:13,24499.85,24493.35,100,24499.7,125,325,563675
NIFTY-III.NFO,25/07/2024,09:35:15,24499.3,24491.4,75,24498.45,350,25,563675
NIFTY-III.NFO,25/07/2024,09:35:16,24497.8,24492.75,150,24498.65,550,50,563675
NIFTY-III.NFO,25/07/2024,09:35:18,24498.55,24491.75,150,24497.95,550,75,563675
NIFTY-III.NFO,25/07/2024,09:35:20,24497.65,24491.55,75,24497.75,375,25,563675
NIFTY-III.NFO,25/07/2024,09:35:21,24497.7,24491.05,175,24497.55,200,50,563675
NIFTY-III.NFO,25/07/2024,09:35:23,24496.5,24491.05,175,24496.5,125,50,563675
NIFTY-III.NFO,25/07/2024,09:35:25,24496.15,24491,100,24496.15,500,50,563675
NIFTY-III.NFO,25/07/2024,09:35:26,24495.45,24491,100,24495.35,275,50,563675
NIFTY-III.NFO,25/07/2024,09:35:28,24495.35,24491,100,24495.3,225,75,563675
NIFTY-III.NFO,25/07/2024,09:35:30,24495.3,24491,100,24494.7,125,25,563675
NIFTY-III.NFO,25/07/2024,09:35:31,24494.3,24491,100,24494.3,75,75,563675
NIFTY-III.NFO,25/07/2024,09:35:33,24492.75,24490,600,24492.75,125,150,563675
NIFTY-III.NFO,25/07/2024,09:35:35,24490,24490,575,24490.45,175,225,563675
NIFTY-III.NFO,25/07/2024,09:35:36,24490,24488,25,24490,125,650,563675
NIFTY-III.NFO,25/07/2024,09:35:38,24483.95,24482.25,100,24489.25,225,125,563675
NIFTY-III.NFO,25/07/2024,09:35:40,24483.95,24482.2,25,24485.85,175,0,563675
NIFTY-III.NFO,25/07/2024,09:35:41,24483.95,24482.2,25,24486.5,425,0,563675
NIFTY-III.NFO,25/07/2024,09:35:43,24486.5,24482.2,25,24485.4,200,25,563675
NIFTY-III.NFO,25/07/2024,09:35:45,24485.15,24482.2,25,24484.6,50,75,563675
NIFTY-III.NFO,25/07/2024,09:35:46,24481.8,24480,450,24481.7,250,75,563675
NIFTY-III.NFO,25/07/2024,09:35:48,24477,24476.55,25,24478.1,375,500,563675
NIFTY-III.NFO,25/07/2024,09:35:50,24478.55,24476.55,25,24479.5,75,50,563675
NIFTY-III.NFO,25/07/2024,09:35:51,24480,24476.55,25,24480,50,50,563675
NIFTY-III.NFO,25/07/2024,09:35:53,24480,24477.15,100,24480,25,25,563675
NIFTY-III.NFO,25/07/2024,09:35:55,24482.2,24478.05,100,24482.45,50,50,563675
NIFTY-III.NFO,25/07/2024,09:35:56,24485,24479.25,175,24486.3,325,75,563675
NIFTY-III.NFO,25/07/2024,09:35:58,24480.8,24480.8,100,24486.35,100,50,563675
NIFTY-III.NFO,25/07/2024,09:36:00,24486.4,24480.05,100,24486.4,125,50,563675
NIFTY-III.NFO,25/07/2024,09:36:01,24486.4,24482.25,175,24486.4,25,150,563675
NIFTY-III.NFO,25/07/2024,09:36:03,24486.4,24480.15,100,24485.3,225,25,563675
NIFTY-III.NFO,25/07/2024,09:36:04,24485.6,24480.15,175,24485.3,75,150,563675
NIFTY-III.NFO,25/07/2024,09:36:06,24484.75,24480.35,225,24484.9,250,25,563675
NIFTY-III.NFO,25/07/2024,09:36:08,24485,24481.85,150,24486.4,25,50,563675
NIFTY-III.NFO,25/07/2024,09:36:10,24486.5,24483.9,100,24489.1,250,50,563675
NIFTY-III.NFO,25/07/2024,09:36:11,24486.45,24483.15,50,24488.65,325,125,563675
NIFTY-III.NFO,25/07/2024,09:36:13,24486.4,24482.8,125,24488.85,75,50,563675
NIFTY-III.NFO,25/07/2024,09:36:14,24489.9,24484.6,75,24489.9,75,50,563675
NIFTY-III.NFO,25/07/2024,09:36:16,24488,24486.2,50,24488.6,25,50,563675
NIFTY-III.NFO,25/07/2024,09:36:18,24490,24487.05,50,24490,100,100,563675
NIFTY-III.NFO,25/07/2024,09:36:19,24490,24485.4,125,24490,100,0,563675
NIFTY-III.NFO,25/07/2024,09:36:21,24488.55,24482.25,25,24487.45,300,50,563675
NIFTY-III.NFO,25/07/2024,09:36:23,24485.65,24481.6,25,24485.45,325,50,563675
NIFTY-III.NFO,25/07/2024,09:36:24,24481.55,24481.5,50,24484.85,250,75,563675
NIFTY-III.NFO,25/07/2024,09:36:26,24481.55,24480.75,50,24484.8,75,0,563675
NIFTY-III.NFO,25/07/2024,09:36:28,24480.75,24481.65,50,24487.15,25,125,563675
NIFTY-III.NFO,25/07/2024,09:36:29,24480.75,24480.4,75,24487.15,150,0,563675
NIFTY-III.NFO,25/07/2024,09:36:31,24480.75,24480.05,75,24486.7,125,0,563675
NIFTY-III.NFO,25/07/2024,09:36:33,24480.75,24480.95,50,24486.9,200,0,563675
NIFTY-III.NFO,25/07/2024,09:36:34,24482.5,24482.95,50,24487.15,25,175,563675
NIFTY-III.NFO,25/07/2024,09:36:36,24482.5,24483.65,50,24487.15,25,0,563675
NIFTY-III.NFO,25/07/2024,09:36:38,24483.65,24484.65,25,24489.45,125,50,563675
NIFTY-III.NFO,25/07/2024,09:36:39,24483.65,24487.9,25,24489.95,150,0,563675
NIFTY-III.NFO,25/07/2024,09:36:41,24487.9,24482.9,125,24489.55,225,25,563675
NIFTY-III.NFO,25/07/2024,09:36:43,24482.5,24483.45,75,24489.7,125,175,563675
NIFTY-III.NFO,25/07/2024,09:36:44,24489.8,24482.9,75,24489.5,125,25,563675
NIFTY-III.NFO,25/07/2024,09:36:46,24489.75,24484.25,75,24490,125,25,563675
NIFTY-III.NFO,25/07/2024,09:36:48,24484.85,24482.35,75,24489.7,125,275,563675
NIFTY-III.NFO,25/07/2024,09:36:49,24484.85,24485.3,50,24490,125,0,563675
NIFTY-III.NFO,25/07/2024,09:36:51,24489.85,24485.1,125,24490,75,75,568450
NIFTY-III.NFO,25/07/2024,09:36:53,24490,24485.9,250,24490,25,50,568450
NIFTY-III.NFO,25/07/2024,09:36:54,24489.95,24485.2,250,24490,25,25,568450
NIFTY-III.NFO,25/07/2024,09:36:56,24491.15,24485.6,250,24490.7,125,50,568450
NIFTY-III.NFO,25/07/2024,09:36:58,24490.35,24484.65,50,24490.4,125,50,568450
NIFTY-III.NFO,25/07/2024,09:36:59,24491.35,24483.3,250,24488.8,125,25,568450
NIFTY-III.NFO,25/07/2024,09:37:01,24489.45,24483.5,75,24490,150,50,568450
NIFTY-III.NFO,25/07/2024,09:37:03,24485.8,24482.05,75,24485.8,375,50,568450
NIFTY-III.NFO,25/07/2024,09:37:04,24485.8,24482.5,250,24485.8,350,25,568450
NIFTY-III.NFO,25/07/2024,09:37:06,24485.8,24481.6,25,24485.8,300,50,568450
NIFTY-III.NFO,25/07/2024,09:37:08,24485.75,24481.6,25,24485.7,150,50,568450
NIFTY-III.NFO,25/07/2024,09:37:09,24485.4,24482.25,50,24485.8,275,175,568450
NIFTY-III.NFO,25/07/2024,09:37:11,24485.8,24482.2,125,24485.8,250,50,568450
NIFTY-III.NFO,25/07/2024,09:37:13,24485.8,24483.6,50,24485.8,250,0,568450
NIFTY-III.NFO,25/07/2024,09:37:14,24485.8,24484.35,50,24489.95,175,250,568450
NIFTY-III.NFO,25/07/2024,09:37:16,24485.8,24483.2,250,24488.9,175,0,568450
NIFTY-III.NFO,25/07/2024,09:37:18,24485.8,24485.8,25,24487.05,100,0,568450
NIFTY-III.NFO,25/07/2024,09:37:19,24485.8,24481.95,75,24488.9,100,25,568450
NIFTY-III.NFO,25/07/2024,09:37:21,24485.8,24484.4,250,24489.6,100,0,568450
NIFTY-III.NFO,25/07/2024,09:37:23,24485.8,24482.65,75,24487.85,125,0,568450
NIFTY-III.NFO,25/07/2024,09:37:24,24489.15,24483.8,50,24489.25,100,50,568450
NIFTY-III.NFO,25/07/2024,09:37:26,24489.15,24484.1,50,24485.8,25,0,568450
NIFTY-III.NFO,25/07/2024,09:37:28,24485.8,24483.4,50,24488.65,150,25,568450
NIFTY-III.NFO,25/07/2024,09:37:29,24485.8,24484.1,50,24489.25,75,0,568450
NIFTY-III.NFO,25/07/2024,09:37:31,24485.8,24485.7,50,24489.6,150,0,568450
NIFTY-III.NFO,25/07/2024,09:37:32,24488.65,24486.2,50,24488.65,125,25,568450
NIFTY-III.NFO,25/07/2024,09:37:34,24488.65,24485.85,50,24489.8,100,125,568450
NIFTY-III.NFO,25/07/2024,09:37:36,24488.65,24487.95,50,24489.8,100,0,568450
NIFTY-III.NFO,25/07/2024,09:37:37,24491.95,24490.7,25,24492.75,25,175,568450
NIFTY-III.NFO,25/07/2024,09:37:39,24491.7,24490.55,250,24492.75,25,50,568450
NIFTY-III.NFO,25/07/2024,09:37:41,24490.7,24491.75,75,24494,25,50,568450
NIFTY-III.NFO,25/07/2024,09:37:42,24491.35,24490.4,250,24493.95,50,25,568450
NIFTY-III.NFO,25/07/2024,09:37:44,24491.35,24488.45,250,24493.55,175,0,568450
NIFTY-III.NFO,25/07/2024,09:37:46,24491.35,24486.15,75,24490.5,125,0,568450
NIFTY-III.NFO,25/07/2024,09:37:47,24490.2,24485.2,25,24489.3,125,25,568450
NIFTY-III.NFO,25/07/2024,09:37:49,24490.2,24486.35,250,24490.4,125,0,568450
NIFTY-III.NFO,25/07/2024,09:37:50,24490.2,24486.15,50,24491.8,100,0,568450
NIFTY-III.NFO,25/07/2024,09:37:52,24490.2,24487,250,24491.15,225,0,568450
NIFTY-III.NFO,25/07/2024,09:37:54,24488.95,24483.3,250,24488.8,150,200,568450
NIFTY-III.NFO,25/07/2024,09:37:55,24488.95,24482.2,100,24488.6,150,0,568450
NIFTY-III.NFO,25/07/2024,09:37:57,24481.85,24481.85,75,24486.65,625,25,568450
NIFTY-III.NFO,25/07/2024,09:37:59,24481.85,24482.45,250,24488.1,225,0,568450
NIFTY-III.NFO,25/07/2024,09:38:00,24481.85,24485,75,24488.85,225,0,568450
NIFTY-III.NFO,25/07/2024,09:38:02,24481.85,24485.7,75,24491.3,175,0,568450
NIFTY-III.NFO,25/07/2024,09:38:04,24486.5,24488,50,24493.6,175,25,568450
NIFTY-III.NFO,25/07/2024,09:38:05,24486.5,24486.9,50,24492.65,150,0,568450
NIFTY-III.NFO,25/07/2024,09:38:07,24486.5,24488.1,50,24493.95,175,0,568450
NIFTY-III.NFO,25/07/2024,09:38:08,24489,24488,50,24492.5,475,25,568450
NIFTY-III.NFO,25/07/2024,09:38:10,24488,24490.05,250,24493.5,500,25,568450
NIFTY-III.NFO,25/07/2024,09:38:12,24488,24491.15,25,24494,25,0,568450
NIFTY-III.NFO,25/07/2024,09:38:13,24490.8,24490.75,250,24494,25,25,568450
NIFTY-III.NFO,25/07/2024,09:38:15,24490.8,24491.45,250,24493,25,0,568450
NIFTY-III.NFO,25/07/2024,09:38:16,24493,24490.95,75,24494,25,25,568450
NIFTY-III.NFO,25/07/2024,09:38:18,24493,24490.7,250,24493,75,0,568450
NIFTY-III.NFO,25/07/2024,09:38:20,24493,24490,75,24493,75,0,568450
NIFTY-III.NFO,25/07/2024,09:38:21,24493,24490.3,250,24491.7,500,0,568450
NIFTY-III.NFO,25/07/2024,09:38:23,24490,24490.15,25,24493,75,500,568450
NIFTY-III.NFO,25/07/2024,09:38:25,24489.55,24488.9,75,24493,25,50,568450
NIFTY-III.NFO,25/07/2024,09:38:26,24500,24498.55,50,24500,600,400,568450
NIFTY-III.NFO,25/07/2024,09:38:28,24500,24495.3,75,24500,575,25,568450
NIFTY-III.NFO,25/07/2024,09:38:30,24494.35,24495.5,175,24500,575,125,568450
NIFTY-III.NFO,25/07/2024,09:38:31,24500,24497.85,250,24500,400,175,568450
NIFTY-III.NFO,25/07/2024,09:38:33,24496.65,24496.85,250,24500,375,175,568450
NIFTY-III.NFO,25/07/2024,09:38:35,24500,24496.25,125,24499.95,50,25,568450
NIFTY-III.NFO,25/07/2024,09:38:36,24500,24499.9,25,24500,300,50,568450
NIFTY-III.NFO,25/07/2024,09:38:38,24500,24499.9,25,24500,300,0,568450
NIFTY-III.NFO,25/07/2024,09:38:40,24497.6,24499.9,25,24500,300,550,568450
NIFTY-III.NFO,25/07/2024,09:38:41,24497.6,24499.9,25,24500,575,0,568450
NIFTY-III.NFO,25/07/2024,09:38:45,24503.9,24504.35,250,24509.3,250,700,568450
NIFTY-III.NFO,25/07/2024,09:38:46,24510,24510.05,50,24516.8,175,25,568450
NIFTY-III.NFO,25/07/2024,09:38:48,24510.05,24505.3,50,24511.25,250,25,568450
NIFTY-III.NFO,25/07/2024,09:38:50,24505.65,24505.15,300,24511.1,50,150,568450
NIFTY-III.NFO,25/07/2024,09:38:51,24505.65,24510,50,24515.05,150,0,568450
NIFTY-III.NFO,25/07/2024,09:38:53,24505.65,24508.5,250,24510,25,0,568450
NIFTY-III.NFO,25/07/2024,09:38:55,24508.9,24505.55,125,24510,25,50,568450
NIFTY-III.NFO,25/07/2024,09:38:56,24510,24509.45,50,24510,50,25,568450
NIFTY-III.NFO,25/07/2024,09:38:58,24510,24504.9,250,24510.15,125,50,568450
NIFTY-III.NFO,25/07/2024,09:39:00,24509.95,24506.5,50,24512.1,125,50,568450
NIFTY-III.NFO,25/07/2024,09:39:01,24510,24505.25,250,24510.75,175,75,568450
NIFTY-III.NFO,25/07/2024,09:39:03,24505.75,24506.3,225,24510,100,75,568450
NIFTY-III.NFO,25/07/2024,09:39:05,24505.75,24506.85,100,24510,100,0,568450
NIFTY-III.NFO,25/07/2024,09:39:06,24510,24507.9,125,24510,25,100,568450
NIFTY-III.NFO,25/07/2024,09:39:08,24510.45,24510.25,250,24515.05,25,75,568450
NIFTY-III.NFO,25/07/2024,09:39:10,24510.45,24508.85,250,24513.15,150,0,568450
NIFTY-III.NFO,25/07/2024,09:39:11,24514.3,24508.6,50,24513.75,75,75,568450
NIFTY-III.NFO,25/07/2024,09:39:13,24514.3,24509.55,50,24514.2,100,0,568450
NIFTY-III.NFO,25/07/2024,09:39:15,24513.4,24509.6,250,24514.4,150,25,568450
NIFTY-III.NFO,25/07/2024,09:39:16,24509.6,24509.05,250,24514.1,175,25,568450
NIFTY-III.NFO,25/07/2024,09:39:18,24509.6,24509,25,24513.15,150,0,568450
NIFTY-III.NFO,25/07/2024,09:39:20,24509.6,24509,25,24513.6,175,0,568450
NIFTY-III.NFO,25/07/2024,09:39:21,24509.6,24509.6,25,24513.35,150,0,568450
NIFTY-III.NFO,25/07/2024,09:39:23,24509.6,24510,500,24512.15,175,0,568450
NIFTY-III.NFO,25/07/2024,09:39:25,24509.6,24510,500,24511,100,0,568450
NIFTY-III.NFO,25/07/2024,09:39:26,24509.6,24510,500,24510.75,100,0,568450
NIFTY-III.NFO,25/07/2024,09:39:28,24509.6,24509,225,24510.75,200,525,568450
NIFTY-III.NFO,25/07/2024,09:39:30,24508.85,24504.35,75,24508.65,175,250,568450
NIFTY-III.NFO,25/07/2024,09:39:31,24509.5,24505.3,200,24509.5,150,25,568450
NIFTY-III.NFO,25/07/2024,09:39:33,24505.3,24505.5,100,24509.55,150,25,568450
NIFTY-III.NFO,25/07/2024,09:39:35,24505.3,24506.55,275,24509,25,0,568450
NIFTY-III.NFO,25/07/2024,09:39:36,24505.3,24507.75,325,24509,25,0,568450
NIFTY-III.NFO,25/07/2024,09:39:38,24508.35,24508.75,200,24509,25,25,568450
NIFTY-III.NFO,25/07/2024,09:39:40,24513,24509.05,275,24513,250,100,568450
NIFTY-III.NFO,25/07/2024,09:39:41,24513,24509.7,25,24513.4,175,25,568450
NIFTY-III.NFO,25/07/2024,09:39:43,24513,24509.95,525,24514,25,0,568450
NIFTY-III.NFO,25/07/2024,09:39:45,24513,24512.2,200,24514,50,0,568450
NIFTY-III.NFO,25/07/2024,09:39:46,24514,24513.7,200,24515.05,25,50,568450
NIFTY-III.NFO,25/07/2024,09:39:48,24515.7,24514.9,200,24519.45,50,50,568450
NIFTY-III.NFO,25/07/2024,09:39:50,24519.65,24514.75,25,24518.55,200,50,568450
NIFTY-III.NFO,25/07/2024,09:39:51,24516.8,24516.8,175,24520,175,25,568450
NIFTY-III.NFO,25/07/2024,09:39:53,24516.8,24517,500,24519.65,25,0,568450
NIFTY-III.NFO,25/07/2024,09:39:54,24516.8,24519.1,250,24519.65,25,0,568450
NIFTY-III.NFO,25/07/2024,09:39:56,24516.8,24518.55,25,24519.65,25,0,568450
NIFTY-III.NFO,25/07/2024,09:39:58,24518.55,24518.4,25,24519.65,25,25,568350
NIFTY-III.NFO,25/07/2024,09:39:59,24520,24520.65,225,24521.55,25,200,568350
NIFTY-III.NFO,25/07/2024,09:40:01,24520,24518.4,50,24521.3,200,25,568350
NIFTY-III.NFO,25/07/2024,09:40:03,24519.95,24516,25,24519.25,175,75,568350
NIFTY-III.NFO,25/07/2024,09:40:04,24519.95,24517.3,200,24520,25,0,568350
NIFTY-III.NFO,25/07/2024,09:40:06,24519.95,24516.85,125,24518.4,25,0,568350
NIFTY-III.NFO,25/07/2024,09:40:08,24518.4,24518.85,125,24520,75,25,568350
NIFTY-III.NFO,25/07/2024,09:40:09,24517.2,24517.7,200,24520,75,25,568350
NIFTY-III.NFO,25/07/2024,09:40:11,24517.2,24519.8,25,24520,75,0,568350
NIFTY-III.NFO,25/07/2024,09:40:13,24519.8,24519.8,25,24520,75,25,568350
NIFTY-III.NFO,25/07/2024,09:40:14,24519.8,24519.8,25,24520,75,0,568350
NIFTY-III.NFO,25/07/2024,09:40:16,24519.8,24519.8,150,24520,75,0,568350
NIFTY-III.NFO,25/07/2024,09:40:18,24519.8,24517,25,24519.15,100,150,568350
NIFTY-III.NFO,25/07/2024,09:40:19,24519.8,24517,25,24519.25,175,0,568350
NIFTY-III.NFO,25/07/2024,09:40:21,24517,24515,25,24518.2,175,25,568350
NIFTY-III.NFO,25/07/2024,09:40:23,24517,24515,25,24517.2,175,0,568350
NIFTY-III.NFO,25/07/2024,09:40:24,24512.3,24512.25,225,24516.35,150,50,568350
NIFTY-III.NFO,25/07/2024,09:40:26,24512.3,24513.3,200,24518.1,75,0,568350
NIFTY-III.NFO,25/07/2024,09:40:28,24518.5,24513.3,200,24518.3,125,50,568350
NIFTY-III.NFO,25/07/2024,09:40:29,24518.5,24513.75,225,24515,50,0,568350
NIFTY-III.NFO,25/07/2024,09:40:31,24515,24516.85,450,24519,25,50,568350
NIFTY-III.NFO,25/07/2024,09:40:33,24515,24516.85,450,24518.3,50,0,568350
NIFTY-III.NFO,25/07/2024,09:40:36,24515,24516.85,450,24518,25,0,568350
NIFTY-III.NFO,25/07/2024,09:40:38,24515,24516.85,450,24518,75,0,568350
NIFTY-III.NFO,25/07/2024,09:40:40,24518,24516.85,450,24518,50,250,568350
NIFTY-III.NFO,25/07/2024,09:40:41,24518,24516.85,450,24518,50,0,568350
NIFTY-III.NFO,25/07/2024,09:40:45,24516.85,24515,25,24518,175,450,568350
NIFTY-III.NFO,25/07/2024,09:40:46,24513.8,24513.6,200,24518,25,150,568350
NIFTY-III.NFO,25/07/2024,09:40:48,24513.8,24513.45,275,24516.85,75,0,568350
NIFTY-III.NFO,25/07/2024,09:40:49,24513.8,24514.15,200,24515,50,0,568350
NIFTY-III.NFO,25/07/2024,09:40:51,24514.15,24514.15,200,24516.85,75,50,568350
NIFTY-III.NFO,25/07/2024,09:40:53,24514.15,24514.6,200,24516.85,75,0,568350
NIFTY-III.NFO,25/07/2024,09:40:54,24514.15,24515.75,200,24516.85,75,0,568350
NIFTY-III.NFO,25/07/2024,09:40:56,24518.3,24517.55,200,24518.5,50,150,568350
NIFTY-III.NFO,25/07/2024,09:40:58,24520,24520.5,275,24521,25,400,568350
NIFTY-III.NFO,25/07/2024,09:40:59,24523,24521.9,275,24525,250,75,568350
NIFTY-III.NFO,25/07/2024,09:41:01,24523,24518.25,200,24525,300,0,568350
NIFTY-III.NFO,25/07/2024,09:41:03,24523,24518.9,200,24524.95,125,0,568350
NIFTY-III.NFO,25/07/2024,09:41:04,24523,24519.75,275,24525,300,0,568350
NIFTY-III.NFO,25/07/2024,09:41:06,24523,24519.1,200,24524.25,375,0,568350
NIFTY-III.NFO,25/07/2024,09:41:08,24523,24517.3,200,24522.5,225,0,568350
NIFTY-III.NFO,25/07/2024,09:41:09,24523,24516.55,275,24521.85,300,0,568350
NIFTY-III.NFO,25/07/2024,09:41:11,24521,24518.2,200,24521,75,25,568350
NIFTY-III.NFO,25/07/2024,09:41:13,24519.65,24520.6,150,24521,25,125,568350
NIFTY-III.NFO,25/07/2024,09:41:14,24521,24518.9,150,24523,325,25,568350
NIFTY-III.NFO,25/07/2024,09:41:16,24523,24519.75,150,24523,125,100,568350
NIFTY-III.NFO,25/07/2024,09:41:17,24523,24519.65,150,24523,75,50,568350
NIFTY-III.NFO,25/07/2024,09:41:19,24523,24518.75,150,24523.7,275,75,568350
NIFTY-III.NFO,25/07/2024,09:41:21,24522.7,24517.7,150,24522.3,375,50,568350
NIFTY-III.NFO,25/07/2024,09:41:22,24522.7,24518.3,150,24522.75,375,0,568350
NIFTY-III.NFO,25/07/2024,09:41:24,24522.7,24519.65,150,24521,25,0,568350
NIFTY-III.NFO,25/07/2024,09:41:26,24519.95,24519.1,125,24521,25,25,568350
NIFTY-III.NFO,25/07/2024,09:41:27,24522.75,24518.4,125,24522.8,300,250,568350
NIFTY-III.NFO,25/07/2024,09:41:29,24521.85,24516.95,25,24521.4,275,125,568350
NIFTY-III.NFO,25/07/2024,09:41:31,24521.85,24516.85,25,24521.35,325,0,568350
NIFTY-III.NFO,25/07/2024,09:41:32,24520.95,24515.05,50,24520.4,250,25,568350
NIFTY-III.NFO,25/07/2024,09:41:34,24519.9,24515.65,100,24520.15,325,25,568350
NIFTY-III.NFO,25/07/2024,09:41:36,24519.9,24515,25,24519.45,325,0,568350
NIFTY-III.NFO,25/07/2024,09:41:37,24519.9,24515,25,24519.1,325,0,568350
NIFTY-III.NFO,25/07/2024,09:41:39,24519.9,24515,25,24518.35,325,0,568350
NIFTY-III.NFO,25/07/2024,09:41:41,24517.5,24515,25,24517.5,200,25,568350
NIFTY-III.NFO,25/07/2024,09:41:42,24514.95,24510,25,24514.35,325,225,568350
NIFTY-III.NFO,25/07/2024,09:41:44,24516,24510.05,75,24515.5,250,75,568350
NIFTY-III.NFO,25/07/2024,09:41:46,24516,24514.35,25,24514.65,200,0,568350
NIFTY-III.NFO,25/07/2024,09:41:47,24515.1,24514.35,25,24515.1,50,175,568350
NIFTY-III.NFO,25/07/2024,09:41:49,24515.1,24514.35,25,24516.05,50,0,568350
NIFTY-III.NFO,25/07/2024,09:41:51,24512.7,24512.7,475,24516.3,50,50,568350
NIFTY-III.NFO,25/07/2024,09:41:52,24515,24512.75,50,24515,50,25,568350
NIFTY-III.NFO,25/07/2024,09:41:54,24517.2,24512.7,475,24517.15,25,75,568350
NIFTY-III.NFO,25/07/2024,09:41:56,24517.2,24512.7,475,24516.6,75,0,568350
NIFTY-III.NFO,25/07/2024,09:41:57,24512.7,24513.05,125,24517.15,25,25,568350
NIFTY-III.NFO,25/07/2024,09:41:59,24512.7,24512.7,450,24516.3,25,0,568350
NIFTY-III.NFO,25/07/2024,09:42:00,24516.2,24512.7,450,24515.2,325,25,568350
NIFTY-III.NFO,25/07/2024,09:42:02,24516.2,24512.7,450,24514.6,200,0,568350
NIFTY-III.NFO,25/07/2024,09:42:04,24512.7,24510,25,24513.05,275,450,568350
NIFTY-III.NFO,25/07/2024,09:42:05,24511.35,24510,25,24512.7,50,100,568350
NIFTY-III.NFO,25/07/2024,09:42:07,24511.35,24510,25,24511.45,350,0,568350
NIFTY-III.NFO,25/07/2024,09:42:09,24511.35,24510,25,24511.2,300,0,568350
NIFTY-III.NFO,25/07/2024,09:42:10,24510,24503.15,150,24508.8,175,25,568350
NIFTY-III.NFO,25/07/2024,09:42:12,24510,24501,25,24503.95,50,0,568350
NIFTY-III.NFO,25/07/2024,09:42:14,24500,24500,500,24501.65,175,250,568350
NIFTY-III.NFO,25/07/2024,09:42:15,24500,24500,225,24501.5,150,275,568350
NIFTY-III.NFO,25/07/2024,09:42:17,24500.65,24500,225,24502.8,50,100,568350
NIFTY-III.NFO,25/07/2024,09:42:19,24500.65,24500,225,24501.55,50,0,568350
NIFTY-III.NFO,25/07/2024,09:42:20,24500,24498.75,200,24503.45,50,250,568350
NIFTY-III.NFO,25/07/2024,09:42:22,24500,24497.85,275,24500,300,0,568350
NIFTY-III.NFO,25/07/2024,09:42:23,24500,24497.55,100,24498.65,25,100,568350
NIFTY-III.NFO,25/07/2024,09:42:25,24498.65,24498.65,75,24500,200,25,568350
NIFTY-III.NFO,25/07/2024,09:42:27,24498.65,24497.9,200,24500,200,0,568350
NIFTY-III.NFO,25/07/2024,09:42:28,24500,24497.25,200,24500,300,50,568350
NIFTY-III.NFO,25/07/2024,09:42:30,24500,24499.2,75,24500,325,0,568350
NIFTY-III.NFO,25/07/2024,09:42:32,24500,24498.7,200,24500,350,0,568350
NIFTY-III.NFO,25/07/2024,09:42:33,24500,24499.75,200,24500,350,0,568350
NIFTY-III.NFO,25/07/2024,09:42:35,24500,24499.1,200,24500,175,175,568350
NIFTY-III.NFO,25/07/2024,09:42:37,24500,24499.25,200,24500,175,0,568350
NIFTY-III.NFO,25/07/2024,09:42:38,24500,24498.7,275,24505.1,225,175,568350
NIFTY-III.NFO,25/07/2024,09:42:40,24500,24499.05,325,24504.05,50,0,568350
NIFTY-III.NFO,25/07/2024,09:42:42,24499.75,24499.1,275,24504.05,50,75,568350
NIFTY-III.NFO,25/07/2024,09:42:43,24498.7,24499.2,275,24504.05,50,25,568350
NIFTY-III.NFO,25/07/2024,09:42:45,24498.7,24498.7,275,24503.9,75,0,568350
NIFTY-III.NFO,25/07/2024,09:42:47,24498.7,24499.25,200,24504.6,200,0,568350
NIFTY-III.NFO,25/07/2024,09:42:48,24498.7,24498.65,150,24504.55,225,0,568350
NIFTY-III.NFO,25/07/2024,09:42:50,24498.7,24498.65,75,24502.75,225,0,568350
NIFTY-III.NFO,25/07/2024,09:42:52,24498.7,24498.65,75,24502.5,225,0,568350
NIFTY-III.NFO,25/07/2024,09:42:53,24498.65,24498.65,50,24502.35,175,25,569225
NIFTY-III.NFO,25/07/2024,09:42:55,24498.65,24498.65,50,24501.85,100,0,569225
NIFTY-III.NFO,25/07/2024,09:42:57,24498.65,24498.7,25,24501.75,150,0,569225
NIFTY-III.NFO,25/07/2024,09:42:58,24498.65,24498.75,200,24502.8,50,0,569225
NIFTY-III.NFO,25/07/2024,09:43:02,24498.65,24501.95,200,24505,50,0,569225
NIFTY-III.NFO,25/07/2024,09:43:03,24504,24504.6,200,24505,50,25,569225
NIFTY-III.NFO,25/07/2024,09:43:05,24511.85,24506.3,200,24510.15,150,100,569225
NIFTY-III.NFO,25/07/2024,09:43:07,24506.4,24506.85,275,24512.5,200,25,569225
NIFTY-III.NFO,25/07/2024,09:43:08,24506.4,24506.8,275,24511.9,225,0,569225
NIFTY-III.NFO,25/07/2024,09:43:10,24506.4,24505.9,275,24511.2,100,0,569225
NIFTY-III.NFO,25/07/2024,09:43:12,24506.4,24507.95,200,24512.6,125,0,569225
NIFTY-III.NFO,25/07/2024,09:43:13,24506.4,24508.85,200,24512.7,50,0,569225
NIFTY-III.NFO,25/07/2024,09:43:15,24506.4,24509.05,250,24512.7,50,0,569225
NIFTY-III.NFO,25/07/2024,09:43:17,24509.05,24510.05,150,24515,25,50,569225
NIFTY-III.NFO,25/07/2024,09:43:18,24509.05,24510.55,150,24514.2,25,0,569225
NIFTY-III.NFO,25/07/2024,09:43:20,24509.05,24511.2,150,24515,25,0,569225
NIFTY-III.NFO,25/07/2024,09:43:22,24509.05,24512,150,24515,25,0,569225
NIFTY-III.NFO,25/07/2024,09:43:23,24509.05,24508.45,225,24514.5,125,0,569225
NIFTY-III.NFO,25/07/2024,09:43:25,24509.05,24509.6,150,24514.15,150,0,569225
NIFTY-III.NFO,25/07/2024,09:43:27,24509.05,24508,150,24512.5,225,0,569225
NIFTY-III.NFO,25/07/2024,09:43:28,24509.05,24507.6,150,24511.55,25,0,569225
NIFTY-III.NFO,25/07/2024,09:43:30,24509.05,24508.7,225,24513.4,225,0,569225
NIFTY-III.NFO,25/07/2024,09:43:32,24510.05,24508.7,50,24513.85,25,375,569225
NIFTY-III.NFO,25/07/2024,09:43:33,24510.05,24509.8,50,24514.7,100,0,569225
NIFTY-III.NFO,25/07/2024,09:43:35,24510.05,24508.3,50,24513.7,175,0,569225
NIFTY-III.NFO,25/07/2024,09:43:37,24510.05,24508.2,125,24513.65,200,0,569225
NIFTY-III.NFO,25/07/2024,09:43:38,24510.05,24508.7,50,24514.5,100,0,569225
NIFTY-III.NFO,25/07/2024,09:43:40,24510.05,24508.9,50,24514.5,25,0,569225
NIFTY-III.NFO,25/07/2024,09:43:42,24508.9,24508.9,50,24515.55,200,25,569225
NIFTY-III.NFO,25/07/2024,09:43:43,24508.9,24509.45,125,24515.5,200,0,569225
NIFTY-III.NFO,25/07/2024,09:43:45,24508.9,24509.5,125,24515.4,175,0,569225
NIFTY-III.NFO,25/07/2024,09:43:47,24508.9,24509.05,125,24514.7,75,0,569225
NIFTY-III.NFO,25/07/2024,09:43:48,24508.9,24509,75,24511,25,0,569225
NIFTY-III.NFO,25/07/2024,09:43:50,24508.9,24509.05,50,24511,25,0,569225
NIFTY-III.NFO,25/07/2024,09:43:51,24514,24509.8,125,24515.95,275,100,569225
NIFTY-III.NFO,25/07/2024,09:43:53,24514,24509.8,125,24515.95,75,0,569225
NIFTY-III.NFO,25/07/2024,09:43:55,24514,24509.75,75,24514.6,200,0,569225
NIFTY-III.NFO,25/07/2024,09:43:56,24514,24509.15,125,24511,25,0,569225
NIFTY-III.NFO,25/07/2024,09:43:58,24511,24510,300,24515.9,175,25,569225
NIFTY-III.NFO,25/07/2024,09:44:00,24509,24508.8,50,24515.05,325,75,569225
NIFTY-III.NFO,25/07/2024,09:44:01,24509,24507.5,50,24514,275,0,569225
NIFTY-III.NFO,25/07/2024,09:44:03,24509,24507.9,50,24513.9,275,0,569225
NIFTY-III.NFO,25/07/2024,09:44:05,24509,24507.25,625,24512.65,325,0,569225
NIFTY-III.NFO,25/07/2024,09:44:06,24509,24510,50,24511.45,250,0,569225
NIFTY-III.NFO,25/07/2024,09:44:08,24509,24510,50,24511.15,200,0,569225
NIFTY-III.NFO,25/07/2024,09:44:09,24509,24510,50,24510.5,200,0,569225
NIFTY-III.NFO,25/07/2024,09:44:11,24509,24510,50,24511.65,200,0,569225
NIFTY-III.NFO,25/07/2024,09:44:13,24509,24510,50,24513.45,200,0,569225
NIFTY-III.NFO,25/07/2024,09:44:14,24509,24510,50,24513.2,200,0,569225
NIFTY-III.NFO,25/07/2024,09:44:16,24509,24510,50,24513.1,275,0,569225
NIFTY-III.NFO,25/07/2024,09:44:18,24509,24510,50,24510.35,50,0,569225
NIFTY-III.NFO,25/07/2024,09:44:19,24510,24509,25,24509.75,200,50,569225
NIFTY-III.NFO,25/07/2024,09:44:21,24509,24507.25,550,24509.95,200,25,569225
NIFTY-III.NFO,25/07/2024,09:44:23,24509,24507.25,550,24510,25,0,569225
NIFTY-III.NFO,25/07/2024,09:44:24,24509,24507.25,550,24509.1,50,0,569225
NIFTY-III.NFO,25/07/2024,09:44:26,24509.65,24507.25,550,24509.65,200,25,569225
NIFTY-III.NFO,25/07/2024,09:44:28,24509.65,24509,75,24509.65,200,0,569225
NIFTY-III.NFO,25/07/2024,09:44:29,24509.65,24509,75,24509.7,175,0,569225
NIFTY-III.NFO,25/07/2024,09:44:31,24509.65,24509,75,24510.6,25,0,569225
NIFTY-III.NFO,25/07/2024,09:44:33,24509.65,24509,75,24509.55,100,0,569225
NIFTY-III.NFO,25/07/2024,09:44:34,24509,24507.25,550,24508.05,25,75,569225
NIFTY-III.NFO,25/07/2024,09:44:36,24509,24507.25,550,24508.05,25,0,569225
NIFTY-III.NFO,25/07/2024,09:44:38,24509,24507.25,550,24508,200,25,569225
NIFTY-III.NFO,25/07/2024,09:44:39,24508.1,24502.25,250,24507.85,250,550,569225
NIFTY-III.NFO,25/07/2024,09:44:41,24507.45,24501.45,200,24507.45,200,100,569225
NIFTY-III.NFO,25/07/2024,09:44:43,24508.1,24503.15,200,24508.65,150,25,569225
NIFTY-III.NFO,25/07/2024,09:44:44,24507.45,24502.9,200,24507.45,50,50,569225
NIFTY-III.NFO,25/07/2024,09:44:46,24507.45,24503.55,325,24508.8,75,0,569225
NIFTY-III.NFO,25/07/2024,09:44:48,24507.45,24503.9,325,24508.85,50,0,569225
NIFTY-III.NFO,25/07/2024,09:44:49,24507.45,24506.2,200,24509,50,0,569225
NIFTY-III.NFO,25/07/2024,09:44:51,24507.2,24507.2,200,24509,50,25,569225
NIFTY-III.NFO,25/07/2024,09:44:53,24507.2,24507.15,200,24509,50,0,569225
NIFTY-III.NFO,25/07/2024,09:44:54,24507.2,24507.35,200,24509,50,0,569225
NIFTY-III.NFO,25/07/2024,09:44:56,24507.2,24505,250,24509,50,0,569225
NIFTY-III.NFO,25/07/2024,09:44:58,24511.7,24505.55,275,24511.6,175,375,569225
NIFTY-III.NFO,25/07/2024,09:44:59,24506.6,24505.55,200,24508,50,25,569225
NIFTY-III.NFO,25/07/2024,09:45:01,24506.6,24505.6,200,24508,50,0,569225
NIFTY-III.NFO,25/07/2024,09:45:03,24506.6,24505.8,200,24506.6,25,0,569225
NIFTY-III.NFO,25/07/2024,09:45:04,24508,24505.6,200,24508,25,50,569225
NIFTY-III.NFO,25/07/2024,09:45:06,24508,24505.6,200,24507.2,25,0,569225
NIFTY-III.NFO,25/07/2024,09:45:09,24508,24505.8,200,24507.2,25,0,569225
NIFTY-III.NFO,25/07/2024,09:45:11,24506.1,24505.6,200,24507.2,25,25,569225
NIFTY-III.NFO,25/07/2024,09:45:12,24506.1,24505.6,200,24507.2,25,0,569225
NIFTY-III.NFO,25/07/2024,09:45:14,24506.1,24505.55,25,24507.2,25,0,569225
NIFTY-III.NFO,25/07/2024,09:45:16,24506.1,24505.55,25,24506.1,25,0,569225
NIFTY-III.NFO,25/07/2024,09:45:21,24505.55,24500.1,200,24505.75,275,25,569225
NIFTY-III.NFO,25/07/2024,09:45:22,24505.55,24501.2,325,24506.05,150,0,569225
NIFTY-III.NFO,25/07/2024,09:45:24,24505.55,24500,25,24504.95,275,0,569225
NIFTY-III.NFO,25/07/2024,09:45:25,24505.55,24500,25,24505.4,200,0,569225
NIFTY-III.NFO,25/07/2024,09:45:27,24503.75,24500,25,24503.2,175,25,569225
NIFTY-III.NFO,25/07/2024,09:45:29,24498.7,24498.65,25,24502.3,125,50,569225
NIFTY-III.NFO,25/07/2024,09:45:30,24498.7,24498.65,25,24501.4,250,0,569225
NIFTY-III.NFO,25/07/2024,09:45:32,24496.55,24496.35,50,24502.4,200,100,569225
NIFTY-III.NFO,25/07/2024,09:45:34,24496.55,24496.75,75,24503.05,175,0,569225
NIFTY-III.NFO,25/07/2024,09:45:35,24498.7,24498.75,50,24505.15,250,50,569225
NIFTY-III.NFO,25/07/2024,09:45:37,24498.7,24499.05,50,24505.15,200,0,569225
NIFTY-III.NFO,25/07/2024,09:45:39,24498.7,24496,75,24502.6,250,0,569225
NIFTY-III.NFO,25/07/2024,09:45:40,24497.25,24496,150,24502.5,250,50,569225
NIFTY-III.NFO,25/07/2024,09:45:42,24497.25,24496.3,150,24502,250,0,569225
NIFTY-III.NFO,25/07/2024,09:45:43,24497.25,24497.65,50,24504.15,125,0,569225
NIFTY-III.NFO,25/07/2024,09:45:45,24497.25,24496.55,75,24503.2,175,0,569225
NIFTY-III.NFO,25/07/2024,09:45:47,24496.3,24496.2,75,24502.6,175,25,569225
NIFTY-III.NFO,25/07/2024,09:45:48,24496.3,24497.5,75,24503.4,200,0,569225
NIFTY-III.NFO,25/07/2024,09:45:50,24497.95,24497.4,275,24501.65,25,175,569225
NIFTY-III.NFO,25/07/2024,09:45:51,24497.95,24498.55,275,24501.65,25,0,569225
NIFTY-III.NFO,25/07/2024,09:45:53,24497.95,24496.2,275,24500.9,50,25,569675
NIFTY-III.NFO,25/07/2024,09:45:55,24497.95,24495.95,100,24497.95,25,0,569675
NIFTY-III.NFO,25/07/2024,09:45:56,24497.95,24496,275,24497.95,25,0,569675
NIFTY-III.NFO,25/07/2024,09:45:58,24497.95,24497.2,275,24500,25,25,569675
NIFTY-III.NFO,25/07/2024,09:46:00,24497.95,24496.1,200,24500,25,25,569675
NIFTY-III.NFO,25/07/2024,09:46:01,24497.95,24497.45,200,24500,25,0,569675
NIFTY-III.NFO,25/07/2024,09:46:03,24497.95,24496.2,275,24500,225,0,569675
NIFTY-III.NFO,25/07/2024,09:46:05,24497.95,24496,275,24500,225,0,569675
NIFTY-III.NFO,25/07/2024,09:46:06,24497.4,24496,125,24499.75,50,75,569675
NIFTY-III.NFO,25/07/2024,09:46:08,24497.4,24496,125,24500,225,0,569675
NIFTY-III.NFO,25/07/2024,09:46:11,24497.4,24495.95,100,24499.45,50,25,569675
NIFTY-III.NFO,25/07/2024,09:46:13,24497.4,24495.95,100,24499.65,125,0,569675
NIFTY-III.NFO,25/07/2024,09:46:14,24493.6,24493.15,75,24498.35,125,400,569675
NIFTY-III.NFO,25/07/2024,09:46:16,24493.6,24493.8,175,24497,25,0,569675
NIFTY-III.NFO,25/07/2024,09:46:18,24493.6,24491.3,150,24496.75,50,0,569675
NIFTY-III.NFO,25/07/2024,09:46:19,24493.6,24492.5,250,24497,25,0,569675
NIFTY-III.NFO,25/07/2024,09:46:21,24496.95,24491.75,50,24497,25,25,569675
NIFTY-III.NFO,25/07/2024,09:46:22,24496.95,24490,50,24492.25,200,0,569675
NIFTY-III.NFO,25/07/2024,09:46:24,24490,24482.7,50,24486.8,50,50,569675
NIFTY-III.NFO,25/07/2024,09:46:26,24482.3,24481,25,24485.55,200,400,569675
NIFTY-III.NFO,25/07/2024,09:46:27,24483.1,24483.3,50,24488.75,200,100,569675
NIFTY-III.NFO,25/07/2024,09:46:29,24485,24481,25,24482.8,200,100,569675
NIFTY-III.NFO,25/07/2024,09:46:31,24480,24478,50,24480.15,200,175,569675
NIFTY-III.NFO,25/07/2024,09:46:32,24475.2,24471.4,50,24473.6,175,450,569675
NIFTY-III.NFO,25/07/2024,09:46:34,24470.25,24470.55,50,24475.75,175,150,569675
NIFTY-III.NFO,25/07/2024,09:46:36,24470.55,24470.3,50,24477.1,225,50,569675
NIFTY-III.NFO,25/07/2024,09:46:37,24478.1,24470.45,50,24477.6,200,25,569675
NIFTY-III.NFO,25/07/2024,09:46:39,24470.1,24470.05,100,24474.8,150,50,569675
NIFTY-III.NFO,25/07/2024,09:46:41,24470.1,24472.45,50,24477.95,150,0,569675
NIFTY-III.NFO,25/07/2024,09:46:42,24477.15,24471,50,24477.15,100,75,569675
NIFTY-III.NFO,25/07/2024,09:46:44,24477.95,24472.9,75,24477.95,75,25,569675
NIFTY-III.NFO,25/07/2024,09:46:45,24477.95,24475.2,250,24477.95,75,0,569675
NIFTY-III.NFO,25/07/2024,09:46:47,24477.95,24472,125,24477.55,125,0,569675
NIFTY-III.NFO,25/07/2024,09:46:49,24477.95,24472.2,125,24477.1,75,0,569675
NIFTY-III.NFO,25/07/2024,09:46:50,24471.05,24470.1,25,24473.5,75,25,569675
NIFTY-III.NFO,25/07/2024,09:46:52,24473.45,24472.3,50,24477.1,50,25,569675
NIFTY-III.NFO,25/07/2024,09:46:54,24473.45,24473.25,325,24477.1,50,0,569675
NIFTY-III.NFO,25/07/2024,09:46:55,24473.45,24473.85,250,24477.15,200,0,569675
NIFTY-III.NFO,25/07/2024,09:46:57,24473.45,24472.35,50,24476.8,125,0,569675
NIFTY-III.NFO,25/07/2024,09:46:59,24472.4,24472.85,200,24477.15,200,25,569675
NIFTY-III.NFO,25/07/2024,09:47:00,24477.15,24471.75,200,24476.8,75,50,569675
NIFTY-III.NFO,25/07/2024,09:47:02,24477.15,24476.2,200,24477.15,25,150,569675
NIFTY-III.NFO,25/07/2024,09:47:04,24476.3,24476.7,200,24478,25,50,569675
NIFTY-III.NFO,25/07/2024,09:47:05,24482.3,24477.05,275,24482.3,175,75,569675
NIFTY-III.NFO,25/07/2024,09:47:07,24482.3,24478.05,200,24482.3,50,0,569675
NIFTY-III.NFO,25/07/2024,09:47:09,24482.3,24479.35,200,24482.3,50,0,569675
NIFTY-III.NFO,25/07/2024,09:47:10,24482.3,24482.7,150,24487.1,175,125,569675
NIFTY-III.NFO,25/07/2024,09:47:12,24483.3,24481.05,175,24488.05,50,50,569675
NIFTY-III.NFO,25/07/2024,09:47:14,24481.15,24482.8,150,24487.65,50,25,569675
NIFTY-III.NFO,25/07/2024,09:47:15,24481.15,24483.4,150,24488,75,0,569675
NIFTY-III.NFO,25/07/2024,09:47:17,24481.15,24483.45,225,24488.45,125,0,569675
NIFTY-III.NFO,25/07/2024,09:47:19,24481.15,24483.55,150,24487.45,75,0,569675
NIFTY-III.NFO,25/07/2024,09:47:20,24481.15,24479.5,375,24485.1,200,0,569675
NIFTY-III.NFO,25/07/2024,09:47:22,24481.15,24481.05,150,24485.85,125,0,569675
NIFTY-III.NFO,25/07/2024,09:47:24,24485.75,24482.4,150,24486.85,50,50,569675
NIFTY-III.NFO,25/07/2024,09:47:25,24485.75,24483.6,225,24489.25,275,0,569675
NIFTY-III.NFO,25/07/2024,09:47:27,24487.2,24482.5,200,24488.1,125,400,569675
NIFTY-III.NFO,25/07/2024,09:47:29,24487.2,24485.75,25,24487.05,50,0,569675
NIFTY-III.NFO,25/07/2024,09:47:30,24486.95,24483.05,75,24488.05,125,75,569675
NIFTY-III.NFO,25/07/2024,09:47:32,24486.95,24482.15,225,24488.85,125,0,569675
NIFTY-III.NFO,25/07/2024,09:47:34,24486.95,24481.15,100,24488.1,200,0,569675
NIFTY-III.NFO,25/07/2024,09:47:35,24486.95,24481.2,275,24487.7,125,0,569675
NIFTY-III.NFO,25/07/2024,09:47:37,24486.95,24481.2,275,24487.4,125,0,569675
NIFTY-III.NFO,25/07/2024,09:47:39,24486.95,24482.7,75,24488.3,200,75,569675
NIFTY-III.NFO,25/07/2024,09:47:40,24486.95,24484.3,50,24489.65,125,0,569675
NIFTY-III.NFO,25/07/2024,09:47:42,24484.35,24484.3,50,24489.1,100,225,569675
NIFTY-III.NFO,25/07/2024,09:47:44,24484.35,24483.45,325,24489.6,75,0,569675
NIFTY-III.NFO,25/07/2024,09:47:45,24484.35,24483.6,275,24489.6,75,0,569675
NIFTY-III.NFO,25/07/2024,09:47:47,24484.35,24484,200,24484.35,25,0,569675
NIFTY-III.NFO,25/07/2024,09:47:48,24484.35,24485.65,275,24490,25,50,569675
NIFTY-III.NFO,25/07/2024,09:47:50,24484.35,24487.65,200,24490,25,0,569675
NIFTY-III.NFO,25/07/2024,09:47:52,24490.55,24487.9,200,24492.95,175,50,569675
NIFTY-III.NFO,25/07/2024,09:47:53,24490.55,24485.05,200,24492.25,100,0,569675
NIFTY-III.NFO,25/07/2024,09:47:55,24490.55,24486.95,425,24492.95,175,0,569675
NIFTY-III.NFO,25/07/2024,09:47:56,24490.55,24485.9,200,24492.95,175,0,569675
NIFTY-III.NFO,25/07/2024,09:47:58,24490.55,24486.95,275,24492.4,175,0,569675
NIFTY-III.NFO,25/07/2024,09:48:00,24490.55,24485.05,275,24491.6,100,25,569675
NIFTY-III.NFO,25/07/2024,09:48:01,24490.55,24487.6,275,24493,25,0,569675
NIFTY-III.NFO,25/07/2024,09:48:03,24487.1,24489,200,24493,25,100,569675
NIFTY-III.NFO,25/07/2024,09:48:05,24487.25,24487.25,25,24493,150,175,569675
NIFTY-III.NFO,25/07/2024,09:48:06,24492.9,24487.95,100,24493,75,25,569675
NIFTY-III.NFO,25/07/2024,09:48:08,24492.9,24487.3,25,24493,75,0,569675
NIFTY-III.NFO,25/07/2024,09:48:09,24492.9,24489.7,100,24493,25,25,569675
NIFTY-III.NFO,25/07/2024,09:48:11,24492.9,24485.6,25,24492.8,250,0,569675
NIFTY-III.NFO,25/07/2024,09:48:13,24492.9,24484.05,100,24490.2,175,0,569675
NIFTY-III.NFO,25/07/2024,09:48:14,24492.9,24485.9,25,24491.15,250,0,569675
NIFTY-III.NFO,25/07/2024,09:48:16,24492.9,24484.05,100,24490.85,250,0,569675
NIFTY-III.NFO,25/07/2024,09:48:18,24492.9,24485.25,100,24490.45,125,0,569675
NIFTY-III.NFO,25/07/2024,09:48:19,24492.9,24485.85,25,24492.15,175,0,569675
NIFTY-III.NFO,25/07/2024,09:48:21,24492.9,24486.55,100,24492.65,250,0,569675
NIFTY-III.NFO,25/07/2024,09:48:22,24492.9,24487,25,24491.95,175,0,569675
NIFTY-III.NFO,25/07/2024,09:48:24,24492.9,24487.05,25,24491.95,175,0,569675
NIFTY-III.NFO,25/07/2024,09:48:26,24492.9,24487,25,24488.95,50,0,569675
NIFTY-III.NFO,25/07/2024,09:48:27,24487.35,24486.45,125,24489.65,50,100,569675
NIFTY-III.NFO,25/07/2024,09:48:29,24490.5,24489.2,100,24491.25,50,50,569675
NIFTY-III.NFO,25/07/2024,09:48:31,24490.5,24487.65,225,24491.95,50,0,569675
NIFTY-III.NFO,25/07/2024,09:48:32,24490.5,24489.7,100,24491.95,50,0,569675
NIFTY-III.NFO,25/07/2024,09:48:34,24490.5,24488.4,225,24491.95,50,0,569675
NIFTY-III.NFO,25/07/2024,09:48:36,24490.5,24487.4,175,24491.95,50,0,569675
NIFTY-III.NFO,25/07/2024,09:48:37,24490.5,24490.5,25,24491.4,50,25,569675
NIFTY-III.NFO,25/07/2024,09:48:39,24490.5,24487.85,100,24490,50,25,569675
NIFTY-III.NFO,25/07/2024,09:48:41,24490,24488.2,100,24490,25,25,569675
NIFTY-III.NFO,25/07/2024,09:48:42,24490,24487.35,400,24490,25,0,569675
NIFTY-III.NFO,25/07/2024,09:48:44,24488.35,24489.45,75,24490,25,75,569675
NIFTY-III.NFO,25/07/2024,09:48:45,24492,24491.9,100,24492,225,50,569675
NIFTY-III.NFO,25/07/2024,09:48:47,24491.05,24491.55,50,24494.95,25,350,569675
NIFTY-III.NFO,25/07/2024,09:48:49,24491.05,24491.55,225,24495,100,0,569675
NIFTY-III.NFO,25/07/2024,09:48:50,24491.05,24490.3,225,24494.95,150,0,569675
NIFTY-III.NFO,25/07/2024,09:48:52,24491.05,24489.45,225,24494.25,50,0,569675
NIFTY-III.NFO,25/07/2024,09:48:54,24489.45,24488.95,250,24494.5,175,50,569675
NIFTY-III.NFO,25/07/2024,09:48:55,24489.45,24489.15,175,24494.25,75,0,569675
NIFTY-III.NFO,25/07/2024,09:48:57,24489.45,24489.15,175,24493.15,125,0,569675
NIFTY-III.NFO,25/07/2024,09:48:58,24489.15,24488.85,150,24492.95,25,25,570025
NIFTY-III.NFO,25/07/2024,09:49:00,24488.85,24489.5,25,24493.5,50,125,570025
NIFTY-III.NFO,25/07/2024,09:49:02,24488.85,24486.5,100,24492.2,50,0,570025
NIFTY-III.NFO,25/07/2024,09:49:03,24490.95,24485.65,25,24490.95,125,25,570025
NIFTY-III.NFO,25/07/2024,09:49:05,24490.95,24484,25,24488.65,75,0,570025
NIFTY-III.NFO,25/07/2024,09:49:06,24484.05,24485.7,25,24490.4,125,100,570025
NIFTY-III.NFO,25/07/2024,09:49:08,24485.7,24484.05,50,24490.5,175,25,570025
NIFTY-III.NFO,25/07/2024,09:49:10,24484.05,24484.05,25,24490.75,75,25,570025
NIFTY-III.NFO,25/07/2024,09:49:11,24484.05,24484.05,50,24490.35,50,0,570025
NIFTY-III.NFO,25/07/2024,09:49:13,24484.05,24485.6,125,24488.65,25,0,570025
NIFTY-III.NFO,25/07/2024,09:49:15,24488.65,24485.2,50,24491.95,150,25,570025
NIFTY-III.NFO,25/07/2024,09:49:16,24485.55,24484.85,75,24490.9,50,100,570025
NIFTY-III.NFO,25/07/2024,09:49:18,24485.55,24484,100,24490,50,0,570025
NIFTY-III.NFO,25/07/2024,09:49:20,24485.55,24484,100,24489.3,125,0,570025
NIFTY-III.NFO,25/07/2024,09:49:21,24485.55,24484,100,24489.5,50,0,570025
NIFTY-III.NFO,25/07/2024,09:49:23,24485.55,24484.05,50,24490.2,50,0,570025
NIFTY-III.NFO,25/07/2024,09:49:25,24485.55,24484.05,125,24489.7,125,0,570025
NIFTY-III.NFO,25/07/2024,09:49:26,24485.55,24484,25,24488.7,75,0,570025
NIFTY-III.NFO,25/07/2024,09:49:28,24485.55,24484.05,50,24489.8,200,25,570025
NIFTY-III.NFO,25/07/2024,09:49:30,24485.55,24484,100,24489.4,250,0,570025
NIFTY-III.NFO,25/07/2024,09:49:31,24490.95,24484.9,50,24490.9,150,25,570025
NIFTY-III.NFO,25/07/2024,09:49:33,24490.95,24484.9,150,24490.4,75,0,570025
NIFTY-III.NFO,25/07/2024,09:49:35,24484.95,24485.2,50,24490.95,75,25,570025
NIFTY-III.NFO,25/07/2024,09:49:36,24490.95,24485.2,125,24490.9,75,50,570025
NIFTY-III.NFO,25/07/2024,09:49:38,24490.95,24485.8,125,24490.9,150,0,570025
NIFTY-III.NFO,25/07/2024,09:49:40,24490.95,24486.15,50,24490.95,25,0,570025
NIFTY-III.NFO,25/07/2024,09:49:43,24490.95,24485.5,200,24490.95,100,0,570025
NIFTY-III.NFO,25/07/2024,09:49:45,24490.95,24485,100,24490.45,50,0,570025
NIFTY-III.NFO,25/07/2024,09:49:46,24490.95,24485,25,24489.65,250,0,570025
NIFTY-III.NFO,25/07/2024,09:49:48,24490.95,24485,25,24486.15,50,0,570025
NIFTY-III.NFO,25/07/2024,09:49:51,24486.15,24485,25,24486.15,25,25,570025
NIFTY-III.NFO,25/07/2024,09:49:53,24486.15,24485,25,24486.15,25,0,570025
NIFTY-III.NFO,25/07/2024,09:49:59,24486.15,24485,25,24488.1,50,25,570025
NIFTY-III.NFO,25/07/2024,09:50:01,24486.15,24485,25,24488.15,125,0,570025
NIFTY-III.NFO,25/07/2024,09:50:02,24485,24484,25,24488.3,125,25,570025
NIFTY-III.NFO,25/07/2024,09:50:04,24485,24484,25,24487.4,250,0,570025
NIFTY-III.NFO,25/07/2024,09:50:05,24485,24484,25,24487.4,200,0,570025
NIFTY-III.NFO,25/07/2024,09:50:07,24485,24484,25,24487.95,200,0,570025
NIFTY-III.NFO,25/07/2024,09:50:09,24484,24480.5,25,24485.3,200,25,570025
NIFTY-III.NFO,25/07/2024,09:50:10,24484,24480.55,125,24486.55,125,0,570025
NIFTY-III.NFO,25/07/2024,09:50:12,24484,24482.4,50,24488,200,75,570025
NIFTY-III.NFO,25/07/2024,09:50:14,24484,24481.25,50,24487.6,125,0,570025
NIFTY-III.NFO,25/07/2024,09:50:15,24484,24480.5,100,24486.05,200,0,570025
NIFTY-III.NFO,25/07/2024,09:50:17,24484,24480.5,25,24484.35,125,175,570025
NIFTY-III.NFO,25/07/2024,09:50:19,24484,24480.5,25,24485.1,200,0,570025
NIFTY-III.NFO,25/07/2024,09:50:20,24484,24480.7,125,24486,200,0,570025
NIFTY-III.NFO,25/07/2024,09:50:22,24480.5,24480.4,25,24483.2,125,100,570025
NIFTY-III.NFO,25/07/2024,09:50:24,24480.5,24480.4,25,24483.2,125,0,570025
NIFTY-III.NFO,25/07/2024,09:50:25,24480.4,24480,150,24482.25,25,25,570025
NIFTY-III.NFO,25/07/2024,09:50:27,24480.4,24480,150,24482.25,25,0,570025
NIFTY-III.NFO,25/07/2024,09:50:28,24480,24480,100,24482.25,25,50,570025
NIFTY-III.NFO,25/07/2024,09:50:30,24480,24480,100,24482.25,25,0,570025
NIFTY-III.NFO,25/07/2024,09:50:35,24477.2,24478,50,24485,125,125,570025
NIFTY-III.NFO,25/07/2024,09:50:36,24477.2,24478.65,25,24484.1,125,0,570025
NIFTY-III.NFO,25/07/2024,09:50:38,24477.2,24479.45,50,24485.85,200,0,570025
NIFTY-III.NFO,25/07/2024,09:50:40,24477.2,24480.9,50,24488.15,75,0,570025
NIFTY-III.NFO,25/07/2024,09:50:41,24488.25,24482.55,125,24488.3,125,50,570025
NIFTY-III.NFO,25/07/2024,09:50:43,24481.35,24482.25,125,24488.25,200,500,570025
NIFTY-III.NFO,25/07/2024,09:50:45,24481.35,24482.45,175,24489.35,150,0,570025
NIFTY-III.NFO,25/07/2024,09:50:46,24481.35,24484.05,250,24490,50,0,570025
NIFTY-III.NFO,25/07/2024,09:50:48,24481.35,24483.5,125,24489.85,125,0,570025
NIFTY-III.NFO,25/07/2024,09:50:50,24481.35,24484.15,125,24490,125,0,570025
NIFTY-III.NFO,25/07/2024,09:50:51,24481.35,24484.3,125,24490,125,0,570025
NIFTY-III.NFO,25/07/2024,09:50:53,24490.95,24486.75,175,24491.6,50,75,570025
NIFTY-III.NFO,25/07/2024,09:50:55,24487.9,24488.25,200,24491.6,50,275,570025
NIFTY-III.NFO,25/07/2024,09:50:56,24487.9,24488.6,75,24494.85,150,0,570025
NIFTY-III.NFO,25/07/2024,09:50:58,24487.9,24489.5,75,24495,100,0,570025
NIFTY-III.NFO,25/07/2024,09:51:00,24487.9,24488.6,75,24494.9,125,0,570025
NIFTY-III.NFO,25/07/2024,09:51:01,24489.2,24488.2,75,24492.85,50,25,570025
NIFTY-III.NFO,25/07/2024,09:51:03,24489.2,24488.65,200,24492.9,50,0,570025
NIFTY-III.NFO,25/07/2024,09:51:04,24487.65,24487.2,50,24491.55,50,25,570025
NIFTY-III.NFO,25/07/2024,09:51:06,24487.65,24487.15,75,24491.95,125,0,570025
NIFTY-III.NFO,25/07/2024,09:51:08,24487.65,24489.2,50,24490.25,50,0,570025
NIFTY-III.NFO,25/07/2024,09:51:09,24485.5,24486.3,75,24492.35,200,550,570025
NIFTY-III.NFO,25/07/2024,09:51:11,24485.5,24486.45,75,24492.7,125,0,570025
NIFTY-III.NFO,25/07/2024,09:51:13,24485.5,24483.25,75,24488.6,125,0,570025
NIFTY-III.NFO,25/07/2024,09:51:14,24485.5,24483.9,75,24489.05,125,0,570025
NIFTY-III.NFO,25/07/2024,09:51:16,24485.5,24483,75,24488.25,125,0,570025
NIFTY-III.NFO,25/07/2024,09:51:18,24485.5,24483.65,75,24489.05,125,0,570025
NIFTY-III.NFO,25/07/2024,09:51:19,24484.7,24485.35,50,24491.1,200,25,570025
NIFTY-III.NFO,25/07/2024,09:51:21,24484.7,24486.35,50,24489.5,25,0,570025
NIFTY-III.NFO,25/07/2024,09:51:23,24485.9,24484.25,25,24488.75,75,25,570025
NIFTY-III.NFO,25/07/2024,09:51:24,24485.9,24482.95,25,24485.6,25,0,570025
NIFTY-III.NFO,25/07/2024,09:51:26,24485.9,24485,25,24485.6,25,0,570025
NIFTY-III.NFO,25/07/2024,09:51:28,24483.6,24483.05,250,24485.6,25,75,570025
NIFTY-III.NFO,25/07/2024,09:51:29,24488.3,24484.4,250,24489.8,75,100,570025
NIFTY-III.NFO,25/07/2024,09:51:31,24488.3,24483.8,250,24488.95,50,0,570025
NIFTY-III.NFO,25/07/2024,09:51:33,24488.3,24484.05,250,24489.15,125,0,570025
NIFTY-III.NFO,25/07/2024,09:51:34,24488.3,24483.7,25,24488.5,125,0,570025
NIFTY-III.NFO,25/07/2024,09:51:36,24488.3,24484.25,250,24488.75,125,0,570025
NIFTY-III.NFO,25/07/2024,09:51:38,24488.3,24484.3,25,24489.6,75,0,570025
NIFTY-III.NFO,25/07/2024,09:51:40,24488.3,24484.9,250,24489.55,125,0,570025
NIFTY-III.NFO,25/07/2024,09:51:41,24488.3,24484.35,25,24489.35,125,0,570025
NIFTY-III.NFO,25/07/2024,09:51:43,24488.3,24485.1,250,24489.7,125,0,570025
NIFTY-III.NFO,25/07/2024,09:51:44,24488.3,24486.3,500,24489.25,50,0,570025
NIFTY-III.NFO,25/07/2024,09:51:46,24486.3,24486.3,475,24489.05,125,25,570025
NIFTY-III.NFO,25/07/2024,09:51:48,24486.3,24486.3,475,24489.95,125,0,570025
