Ticker,Date,Time,LTP,BuyPrice,BuyQty,SellPrice,SellQty,LTQ,OpenInterest
NIFTY-III.NFO,25/04/2025,09:15:15,24487.6,24635,150,24705.6,150,225,0
NIFTY-III.NFO,25/04/2025,09:15:15,24690.8,24635,150,24705.6,150,0,0
NIFTY-III.NFO,25/04/2025,09:15:15,24690.8,24635,150,24705.6,150,0,0
NIFTY-III.NFO,25/04/2025,09:15:15,24487.6,24635,150,24705.6,150,0,0
NIFTY-III.NFO,25/04/2025,09:15:26,24690.8,24666.9,150,24690.8,75,0,0
NIFTY-III.NFO,25/04/2025,09:15:37,24690.7,24677,150,24690.7,75,150,225
NIFTY-III.NFO,25/04/2025,09:15:47,24677.2,24680.1,225,24690.7,75,75,225
NIFTY-III.NFO,25/04/2025,09:16:00,24680.1,24681.1,150,24690.8,150,75,225
NIFTY-III.NFO,25/04/2025,09:16:13,24690,24685.1,225,24690.8,75,75,225
NIFTY-III.NFO,25/04/2025,09:16:26,24686,24685.2,150,24694.9,75,375,225
NIFTY-III.NFO,25/04/2025,09:16:26,24694.9,24685.2,150,24694.9,75,0,225
NIFTY-III.NFO,25/04/2025,09:16:37,24685.1,24685.1,150,24694.8,150,225,225
NIFTY-III.NFO,25/04/2025,09:16:49,24696.6,24690,150,24698.8,150,300,225
NIFTY-III.NFO,25/04/2025,09:16:49,24696.6,24690,150,24698.8,150,0,225
NIFTY-III.NFO,25/04/2025,09:17:01,24690,24690,150,24694.9,150,525,225
NIFTY-III.NFO,25/04/2025,09:17:01,24698.8,24690,150,24694.9,150,0,225
NIFTY-III.NFO,25/04/2025,09:17:12,24690.2,24690.2,75,24695,75,75,225
NIFTY-III.NFO,25/04/2025,09:17:24,24690.2,24690.1,150,24695,75,75,225
NIFTY-III.NFO,25/04/2025,09:17:34,24703.2,24691.6,150,24704.7,150,225,225
NIFTY-III.NFO,25/04/2025,09:17:34,24703.2,24691.6,150,24704.7,150,0,225
NIFTY-III.NFO,25/04/2025,09:17:47,24703.2,24700,75,24704.9,75,0,225
NIFTY-III.NFO,25/04/2025,09:18:00,24703.2,24700,75,24707.5,150,0,225
NIFTY-III.NFO,25/04/2025,09:18:15,24703.2,24700,75,24706.9,225,75,225
NIFTY-III.NFO,25/04/2025,09:18:16,24703.2,24703.2,150,24706.9,225,0,225
NIFTY-III.NFO,25/04/2025,09:18:18,24703.2,24703.2,150,24706.9,150,0,225
NIFTY-III.NFO,25/04/2025,09:18:25,24703.2,24703.2,150,24706.9,225,0,225
NIFTY-III.NFO,25/04/2025,09:18:33,24703.2,24703.2,150,24706.9,150,0,225
NIFTY-III.NFO,25/04/2025,09:18:35,24703.2,24703.2,150,24704.9,150,0,225
NIFTY-III.NFO,25/04/2025,09:18:36,24706.6,24703.2,75,24706.9,225,300,1575
NIFTY-III.NFO,25/04/2025,09:18:36,24706.6,24703.2,75,24706.9,225,0,1575
NIFTY-III.NFO,25/04/2025,09:18:38,24706.6,24703.2,75,24706.9,225,0,1575
NIFTY-III.NFO,25/04/2025,09:18:40,24706,24703.2,75,24706.9,150,75,1575
NIFTY-III.NFO,25/04/2025,09:18:43,24706,24699.6,75,24706.9,150,75,1575
NIFTY-III.NFO,25/04/2025,09:18:45,24706,24698.2,150,24706.9,225,0,1575
NIFTY-III.NFO,25/04/2025,09:18:46,24706,24697.6,150,24706.9,225,0,1575
NIFTY-III.NFO,25/04/2025,09:18:48,24706,24697,150,24706.9,225,0,1575
NIFTY-III.NFO,25/04/2025,09:18:51,24706,24697,150,24705,75,0,1575
NIFTY-III.NFO,25/04/2025,09:18:53,24706,24697,150,24705,150,0,1575
NIFTY-III.NFO,25/04/2025,09:18:55,24706,24694.1,150,24704.9,75,0,1575
NIFTY-III.NFO,25/04/2025,09:18:56,24705.2,24693.8,150,24705.2,75,225,1575
NIFTY-III.NFO,25/04/2025,09:18:58,24705.2,24693.8,150,24705.2,75,0,1575
NIFTY-III.NFO,25/04/2025,09:19:00,24705.2,24693.8,150,24705.2,75,75,1575
NIFTY-III.NFO,25/04/2025,09:19:01,24705.2,24693.8,150,24705.2,75,0,1575
NIFTY-III.NFO,25/04/2025,09:19:03,24705.2,24693.8,150,24705.3,75,75,1575
NIFTY-III.NFO,25/04/2025,09:19:05,24705.2,24693.8,150,24705.3,75,0,1575
NIFTY-III.NFO,25/04/2025,09:19:06,24705.2,24691.9,150,24705.2,225,0,1575
NIFTY-III.NFO,25/04/2025,09:19:08,24705.2,24691.3,150,24704.9,150,0,1575
NIFTY-III.NFO,25/04/2025,09:19:11,24705.2,24688,150,24691.9,75,0,1575
NIFTY-III.NFO,25/04/2025,09:19:13,24705.2,24685.3,150,24691.9,75,0,1575
NIFTY-III.NFO,25/04/2025,09:19:15,24705.2,24685.2,150,24691.9,150,0,1575
NIFTY-III.NFO,25/04/2025,09:19:18,24685.3,24685.4,150,24694.8,75,75,1575
NIFTY-III.NFO,25/04/2025,09:19:20,24685.3,24685.4,150,24696.4,75,0,1575
NIFTY-III.NFO,25/04/2025,09:19:21,24685.4,24685.4,75,24696.3,75,75,1575
NIFTY-III.NFO,25/04/2025,09:19:23,24685.4,24685.4,75,24696.3,75,0,1575
NIFTY-III.NFO,25/04/2025,09:19:28,24685.4,24685.4,225,24696.3,75,0,1575
NIFTY-III.NFO,25/04/2025,09:19:35,24685.4,24685.4,225,24697.8,75,0,1575
NIFTY-III.NFO,25/04/2025,09:19:41,24685.4,24685.4,150,24697.8,75,0,1575
NIFTY-III.NFO,25/04/2025,09:19:43,24685.5,24685.7,150,24697.8,75,150,1575
NIFTY-III.NFO,25/04/2025,09:19:45,24685.5,24685.4,150,24696.9,150,0,1575
NIFTY-III.NFO,25/04/2025,09:19:48,24685.5,24685.4,225,24696.9,150,0,1575
NIFTY-III.NFO,25/04/2025,09:19:50,24685.5,24685.5,150,24696.9,150,0,1575
NIFTY-III.NFO,25/04/2025,09:20:00,24685.5,24685.4,225,24696.9,150,0,1575
NIFTY-III.NFO,25/04/2025,09:20:01,24685.5,24685.5,150,24696.9,150,150,1575
NIFTY-III.NFO,25/04/2025,09:20:03,24697,24686.6,150,24699,150,75,1575
NIFTY-III.NFO,25/04/2025,09:20:05,24699,24691,150,24700,75,75,1575
NIFTY-III.NFO,25/04/2025,09:20:06,24700,24694.5,150,24704.9,75,75,1575
NIFTY-III.NFO,25/04/2025,09:20:10,24700,24695.1,150,24704.9,75,0,1575
NIFTY-III.NFO,25/04/2025,09:20:11,24704.9,24695.1,150,24705.2,150,75,1575
NIFTY-III.NFO,25/04/2025,09:20:13,24700,24696.3,150,24700,150,150,1575
NIFTY-III.NFO,25/04/2025,09:20:15,24700,24697.4,150,24708.4,75,150,1575
NIFTY-III.NFO,25/04/2025,09:20:17,24700,24697.4,150,24708.9,150,0,1575
NIFTY-III.NFO,25/04/2025,09:20:18,24700,24699.5,150,24709,75,0,1575
NIFTY-III.NFO,25/04/2025,09:20:20,24700,24699.7,225,24709,75,0,1575
NIFTY-III.NFO,25/04/2025,09:20:22,24700,24700.1,150,24709,150,0,1575
NIFTY-III.NFO,25/04/2025,09:20:23,24700,24700,225,24708.9,225,0,1575
NIFTY-III.NFO,25/04/2025,09:20:25,24708.9,24700.1,150,24708.9,150,75,1575
NIFTY-III.NFO,25/04/2025,09:20:25,24708.9,24700.1,150,24708.9,150,0,1575
NIFTY-III.NFO,25/04/2025,09:20:27,24708.9,24700.2,150,24708.9,150,0,1575
NIFTY-III.NFO,25/04/2025,09:20:28,24708.9,24700.3,75,24708.9,150,0,1575
NIFTY-III.NFO,25/04/2025,09:20:30,24708.9,24700.5,75,24706.9,150,0,1575
NIFTY-III.NFO,25/04/2025,09:20:32,24708.9,24700.5,75,24706,225,0,1575
NIFTY-III.NFO,25/04/2025,09:20:33,24708.9,24700.5,150,24708.8,75,0,1575
NIFTY-III.NFO,25/04/2025,09:20:35,24708.9,24700.7,75,24708.8,75,0,1575
NIFTY-III.NFO,25/04/2025,09:20:36,24708.9,24700.9,75,24708.8,75,0,1575
NIFTY-III.NFO,25/04/2025,09:20:38,24708.8,24700.9,75,24708.8,150,75,1575
NIFTY-III.NFO,25/04/2025,09:20:40,24708.8,24700.8,300,24708.1,150,150,1575
NIFTY-III.NFO,25/04/2025,09:20:41,24708.8,24700.8,150,24708.8,150,0,1575
NIFTY-III.NFO,25/04/2025,09:20:43,24708.8,24701,150,24707.6,150,0,1575
NIFTY-III.NFO,25/04/2025,09:20:45,24707.6,24701.1,375,24707.3,150,75,1575
NIFTY-III.NFO,25/04/2025,09:20:46,24700,24691.1,75,24700.6,150,1200,1575
NIFTY-III.NFO,25/04/2025,09:20:48,24700,24691.1,75,24698.5,75,0,1575
NIFTY-III.NFO,25/04/2025,09:20:50,24700,24690,150,24698.5,75,0,1575
NIFTY-III.NFO,25/04/2025,09:20:51,24700,24690.1,75,24697.5,75,0,1575
NIFTY-III.NFO,25/04/2025,09:20:53,24700,24690,75,24695.2,75,0,1575
NIFTY-III.NFO,25/04/2025,09:20:55,24695.2,24690,75,24693.8,75,75,1575
NIFTY-III.NFO,25/04/2025,09:20:56,24693.8,24690,75,24694.8,75,75,1575
NIFTY-III.NFO,25/04/2025,09:20:58,24694.8,24690,75,24695.7,75,75,1575
NIFTY-III.NFO,25/04/2025,09:21:00,24690,24685.1,150,24694.1,150,75,1575
NIFTY-III.NFO,25/04/2025,09:21:01,24690,24685.1,150,24694.1,75,0,1575
NIFTY-III.NFO,25/04/2025,09:21:05,24690,24685.2,150,24694.1,75,0,1575
NIFTY-III.NFO,25/04/2025,09:21:06,24690,24685.2,225,24694.1,75,0,1575
NIFTY-III.NFO,25/04/2025,09:21:10,24690,24685.2,225,24695.7,75,0,1575
NIFTY-III.NFO,25/04/2025,09:21:13,24690,24685.2,225,24697.5,75,0,1575
NIFTY-III.NFO,25/04/2025,09:21:16,24690,24685.2,150,24694,75,0,1575
NIFTY-III.NFO,25/04/2025,09:21:19,24690,24685.2,150,24693,150,0,1575
NIFTY-III.NFO,25/04/2025,09:21:21,24690,24685.1,150,24691.7,150,0,1575
NIFTY-III.NFO,25/04/2025,09:21:23,24690,24685.2,225,24693,75,0,1575
NIFTY-III.NFO,25/04/2025,09:21:24,24690,24685.2,150,24693,75,0,1575
NIFTY-III.NFO,25/04/2025,09:21:26,24690,24685.2,150,24690,225,0,1575
NIFTY-III.NFO,25/04/2025,09:21:29,24690,24685.1,150,24690,150,75,4800
NIFTY-III.NFO,25/04/2025,09:21:31,24685.1,24685,75,24687.2,75,150,4800
NIFTY-III.NFO,25/04/2025,09:21:33,24685,24678,150,24687.8,75,75,4800
NIFTY-III.NFO,25/04/2025,09:21:34,24685,24675.9,150,24687.7,75,0,4800
NIFTY-III.NFO,25/04/2025,09:21:38,24685,24675.9,150,24685.2,75,0,4800
NIFTY-III.NFO,25/04/2025,09:21:39,24685,24675.9,150,24685,150,0,4800
NIFTY-III.NFO,25/04/2025,09:21:46,24685,24675.1,150,24684.9,75,0,4800
NIFTY-III.NFO,25/04/2025,09:21:49,24685,24678,150,24685,150,0,4800
NIFTY-III.NFO,25/04/2025,09:21:51,24685,24681.6,150,24685.2,75,150,4800
NIFTY-III.NFO,25/04/2025,09:21:53,24685,24682.3,225,24685.2,75,0,4800
NIFTY-III.NFO,25/04/2025,09:21:54,24685,24678,150,24685.2,75,0,4800
NIFTY-III.NFO,25/04/2025,09:21:56,24685,24675.1,150,24685.1,75,0,4800
NIFTY-III.NFO,25/04/2025,09:21:59,24685,24675,75,24685.1,75,0,4800
NIFTY-III.NFO,25/04/2025,09:22:01,24685,24675.1,225,24684.9,75,0,4800
NIFTY-III.NFO,25/04/2025,09:22:04,24685,24675,75,24684.9,75,0,4800
NIFTY-III.NFO,25/04/2025,09:22:06,24685,24675.1,150,24684.8,150,0,4800
NIFTY-III.NFO,25/04/2025,09:22:08,24685,24675.1,225,24684.8,150,0,4800
NIFTY-III.NFO,25/04/2025,09:22:11,24684.6,24675,75,24684.8,150,75,4800
NIFTY-III.NFO,25/04/2025,09:22:13,24684.6,24675,75,24684.8,150,0,4800
NIFTY-III.NFO,25/04/2025,09:22:15,24684.6,24675,75,24683.7,150,0,4800
NIFTY-III.NFO,25/04/2025,09:22:16,24684.6,24675,75,24683.2,75,0,4800
NIFTY-III.NFO,25/04/2025,09:22:18,24684.6,24675.1,75,24683.2,75,0,4800
NIFTY-III.NFO,25/04/2025,09:22:20,24675,24671.8,150,24683.1,75,75,4800
NIFTY-III.NFO,25/04/2025,09:22:21,24682,24669.3,150,24683.1,75,75,4800
NIFTY-III.NFO,25/04/2025,09:22:23,24682,24669.3,150,24681.8,75,0,4800
NIFTY-III.NFO,25/04/2025,09:22:25,24682,24668.2,150,24681.8,75,0,4800
NIFTY-III.NFO,25/04/2025,09:22:28,24682,24668.8,150,24680,75,0,4800
NIFTY-III.NFO,25/04/2025,09:22:30,24680,24668.8,150,24683.1,75,75,4800
NIFTY-III.NFO,25/04/2025,09:22:31,24680,24670.4,150,24683.1,75,0,4800
NIFTY-III.NFO,25/04/2025,09:22:33,24680,24673.3,150,24683.1,75,0,4800
NIFTY-III.NFO,25/04/2025,09:22:35,24680,24678.4,150,24683,150,0,4800
NIFTY-III.NFO,25/04/2025,09:22:36,24680,24679.5,225,24683,150,75,4800
NIFTY-III.NFO,25/04/2025,09:22:38,24680,24679.7,150,24683,150,0,4800
NIFTY-III.NFO,25/04/2025,09:22:40,24679.7,24679.9,150,24683,150,75,4800
NIFTY-III.NFO,25/04/2025,09:22:41,24679.7,24681.2,150,24685,75,0,4800
NIFTY-III.NFO,25/04/2025,09:22:43,24679.7,24683.4,150,24685,75,0,4800
NIFTY-III.NFO,25/04/2025,09:22:45,24679.7,24684.7,150,24685,75,0,4800
NIFTY-III.NFO,25/04/2025,09:22:46,24679.7,24683.8,225,24685,75,0,4800
NIFTY-III.NFO,25/04/2025,09:22:48,24685.2,24683.8,150,24690,75,225,4800
NIFTY-III.NFO,25/04/2025,09:22:50,24685.2,24683.8,150,24693.9,75,0,4800
NIFTY-III.NFO,25/04/2025,09:22:51,24685.2,24683.1,225,24693.9,75,0,4800
NIFTY-III.NFO,25/04/2025,09:22:53,24685.2,24683.1,150,24693.9,75,0,4800
NIFTY-III.NFO,25/04/2025,09:22:58,24685.2,24683.1,150,24696.5,75,0,4800
NIFTY-III.NFO,25/04/2025,09:23:00,24685.2,24686.9,150,24699,150,0,4800
NIFTY-III.NFO,25/04/2025,09:23:01,24685.2,24692.6,150,24699,75,0,4800
NIFTY-III.NFO,25/04/2025,09:23:06,24685.2,24689.2,150,24698.9,150,0,4800
NIFTY-III.NFO,25/04/2025,09:23:08,24685.2,24686.9,150,24698.9,150,0,4800
NIFTY-III.NFO,25/04/2025,09:23:10,24685.2,24685.4,75,24698.9,150,0,4800
NIFTY-III.NFO,25/04/2025,09:23:15,24685.2,24683.8,75,24698.5,75,0,4800
NIFTY-III.NFO,25/04/2025,09:23:16,24685.2,24683.9,150,24698.2,75,0,4800
NIFTY-III.NFO,25/04/2025,09:23:20,24685.2,24683.8,75,24698,150,0,4800
NIFTY-III.NFO,25/04/2025,09:23:21,24685.2,24683.1,150,24696.8,75,0,4800
NIFTY-III.NFO,25/04/2025,09:23:23,24685.2,24685.3,150,24696.8,75,0,4800
NIFTY-III.NFO,25/04/2025,09:23:26,24685.2,24690.2,150,24698.8,75,0,4800
NIFTY-III.NFO,25/04/2025,09:23:28,24685.2,24690.2,150,24698.9,150,0,4800
NIFTY-III.NFO,25/04/2025,09:23:30,24685.2,24696,75,24699,75,0,4800
NIFTY-III.NFO,25/04/2025,09:23:31,24685.2,24696,75,24698.6,75,0,4800
NIFTY-III.NFO,25/04/2025,09:23:33,24685.2,24696.1,75,24698.7,75,0,4800
NIFTY-III.NFO,25/04/2025,09:23:35,24685.2,24696,75,24698.9,75,0,4800
NIFTY-III.NFO,25/04/2025,09:23:38,24685.2,24696,75,24699,75,0,4800
NIFTY-III.NFO,25/04/2025,09:23:39,24699,24690.7,75,24699.9,150,75,4800
NIFTY-III.NFO,25/04/2025,09:23:41,24699,24696,375,24699.9,150,0,4800
NIFTY-III.NFO,25/04/2025,09:23:44,24696,24687.1,75,24698.3,150,375,4800
NIFTY-III.NFO,25/04/2025,09:23:46,24696,24686.3,150,24698,150,0,4800
NIFTY-III.NFO,25/04/2025,09:23:49,24696,24685.3,225,24696.3,75,0,4800
NIFTY-III.NFO,25/04/2025,09:23:51,24696,24685.4,75,24694.9,75,0,4800
NIFTY-III.NFO,25/04/2025,09:23:53,24696,24685.2,225,24691.5,75,0,4800
NIFTY-III.NFO,25/04/2025,09:23:59,24696,24685.2,225,24689.9,150,0,4800
NIFTY-III.NFO,25/04/2025,09:24:01,24689.9,24685.2,225,24689.8,75,75,4800
NIFTY-III.NFO,25/04/2025,09:24:03,24689.9,24685.2,225,24691.5,75,0,4800
NIFTY-III.NFO,25/04/2025,09:24:05,24689.9,24685.2,225,24691.1,75,0,4800
NIFTY-III.NFO,25/04/2025,09:24:06,24689.9,24685.2,225,24690.4,150,0,4800
NIFTY-III.NFO,25/04/2025,09:24:08,24689.9,24685.2,225,24692,75,0,4800
NIFTY-III.NFO,25/04/2025,09:24:10,24692,24685.2,225,24692.3,450,75,4800
NIFTY-III.NFO,25/04/2025,09:24:11,24692,24685.2,300,24693.5,75,0,4800
NIFTY-III.NFO,25/04/2025,09:24:13,24692,24685.3,225,24695,75,0,4800
NIFTY-III.NFO,25/04/2025,09:24:15,24692,24685.3,225,24698,75,0,4800
NIFTY-III.NFO,25/04/2025,09:24:16,24692,24692,75,24699.4,75,0,4800
NIFTY-III.NFO,25/04/2025,09:24:18,24692,24692,75,24692.8,375,0,4800
NIFTY-III.NFO,25/04/2025,09:24:20,24692,24685.2,225,24692.8,450,75,5550
NIFTY-III.NFO,25/04/2025,09:24:21,24692,24685.2,225,24692.8,450,0,5550
NIFTY-III.NFO,25/04/2025,09:24:23,24690,24685.2,225,24690.6,450,75,5550
NIFTY-III.NFO,25/04/2025,09:24:25,24690,24685.3,150,24691.6,75,0,5550
NIFTY-III.NFO,25/04/2025,09:24:26,24690,24685.2,225,24692.8,75,0,5550
NIFTY-III.NFO,25/04/2025,09:24:28,24690,24685.2,225,24691.5,450,0,5550
NIFTY-III.NFO,25/04/2025,09:24:30,24690,24685.2,225,24691.4,75,0,5550
NIFTY-III.NFO,25/04/2025,09:24:33,24690,24685.3,150,24691.4,150,0,5550
NIFTY-III.NFO,25/04/2025,09:24:36,24690,24685.2,225,24691,150,0,5550
NIFTY-III.NFO,25/04/2025,09:24:38,24690,24685.2,225,24689.5,150,0,5550
NIFTY-III.NFO,25/04/2025,09:24:41,24690,24685.2,225,24689.2,75,0,5550
NIFTY-III.NFO,25/04/2025,09:24:43,24690,24685.2,225,24688.3,75,0,5550
NIFTY-III.NFO,25/04/2025,09:24:45,24685.2,24680,75,24685.6,75,225,5550
NIFTY-III.NFO,25/04/2025,09:24:46,24685.2,24680,75,24685.6,75,0,5550
NIFTY-III.NFO,25/04/2025,09:24:48,24685.2,24680,75,24684.4,150,0,5550
NIFTY-III.NFO,25/04/2025,09:24:50,24685.2,24680,75,24684.4,75,0,5550
NIFTY-III.NFO,25/04/2025,09:24:53,24685.2,24680,75,24684.3,75,0,5550
NIFTY-III.NFO,25/04/2025,09:24:55,24685.2,24680.1,150,24684.5,75,0,5550
NIFTY-III.NFO,25/04/2025,09:24:56,24685.2,24680,75,24684.5,150,0,5550
NIFTY-III.NFO,25/04/2025,09:25:00,24685.2,24680.1,150,24684.5,75,0,5550
NIFTY-III.NFO,25/04/2025,09:25:01,24685.2,24680.1,150,24688.4,75,0,5550
NIFTY-III.NFO,25/04/2025,09:25:03,24685.2,24680,75,24687.5,75,0,5550
NIFTY-III.NFO,25/04/2025,09:25:05,24685.2,24680.1,150,24687.5,75,0,5550
NIFTY-III.NFO,25/04/2025,09:25:06,24680.1,24680,75,24687.2,75,75,5550
NIFTY-III.NFO,25/04/2025,09:25:08,24680.1,24680,75,24687.1,150,0,5550
NIFTY-III.NFO,25/04/2025,09:25:10,24680.1,24680,75,24686.5,150,0,5550
NIFTY-III.NFO,25/04/2025,09:25:11,24680.1,24680,75,24685.9,150,0,5550
NIFTY-III.NFO,25/04/2025,09:25:13,24680.1,24680,75,24685.7,75,0,5550
NIFTY-III.NFO,25/04/2025,09:25:14,24680.1,24680,75,24683,75,0,5550
NIFTY-III.NFO,25/04/2025,09:25:16,24680.1,24680,75,24683.9,75,0,5550
NIFTY-III.NFO,25/04/2025,09:25:18,24680.1,24680,75,24683.1,75,0,5550
NIFTY-III.NFO,25/04/2025,09:25:19,24680.1,24680.1,75,24683.8,150,0,5550
NIFTY-III.NFO,25/04/2025,09:25:21,24680,24670.4,150,24683.3,75,150,5550
NIFTY-III.NFO,25/04/2025,09:25:23,24680,24670.4,150,24682.3,150,0,5550
NIFTY-III.NFO,25/04/2025,09:25:24,24680,24670.4,150,24681.7,150,0,5550
NIFTY-III.NFO,25/04/2025,09:25:26,24680,24670.1,150,24681.4,150,0,5550
NIFTY-III.NFO,25/04/2025,09:25:28,24680,24670.1,150,24680.8,150,0,5550
NIFTY-III.NFO,25/04/2025,09:25:29,24680,24670.1,150,24679.9,150,0,5550
NIFTY-III.NFO,25/04/2025,09:25:31,24680,24670.1,150,24679.6,75,0,5550
NIFTY-III.NFO,25/04/2025,09:25:33,24680,24670.1,225,24679.6,75,0,5550
NIFTY-III.NFO,25/04/2025,09:25:34,24680,24670,150,24678.2,75,0,5550
NIFTY-III.NFO,25/04/2025,09:25:36,24676,24670,150,24674.5,75,300,5550
NIFTY-III.NFO,25/04/2025,09:25:38,24676,24670,150,24676,75,0,5550
NIFTY-III.NFO,25/04/2025,09:25:39,24676,24670,150,24677.5,75,0,5550
NIFTY-III.NFO,25/04/2025,09:25:41,24676,24670,150,24675.7,75,0,5550
NIFTY-III.NFO,25/04/2025,09:25:43,24676,24670.4,75,24677.9,75,0,5550
NIFTY-III.NFO,25/04/2025,09:25:44,24676,24670,150,24677.7,75,0,5550
NIFTY-III.NFO,25/04/2025,09:25:46,24676,24670,150,24676.4,75,0,5550
NIFTY-III.NFO,25/04/2025,09:25:48,24676,24670,150,24670.2,75,0,5550
NIFTY-III.NFO,25/04/2025,09:25:49,24676,24670,150,24672.5,150,0,5550
NIFTY-III.NFO,25/04/2025,09:25:51,24670,24670,75,24673.3,75,75,5550
NIFTY-III.NFO,25/04/2025,09:25:53,24670,24670,75,24675.3,150,0,5550
NIFTY-III.NFO,25/04/2025,09:25:54,24670,24670,75,24675.3,75,0,5550
NIFTY-III.NFO,25/04/2025,09:25:56,24670,24670,75,24675.3,150,0,5550
NIFTY-III.NFO,25/04/2025,09:25:58,24670,24670,75,24675.3,75,0,5550
NIFTY-III.NFO,25/04/2025,09:25:59,24670,24671.2,150,24678.2,150,0,5550
NIFTY-III.NFO,25/04/2025,09:26:01,24670,24676,75,24680.3,75,0,5550
NIFTY-III.NFO,25/04/2025,09:26:03,24670,24676.1,75,24682.5,150,0,5550
NIFTY-III.NFO,25/04/2025,09:26:04,24670,24674.4,225,24681.3,75,0,5550
NIFTY-III.NFO,25/04/2025,09:26:06,24674.3,24671.4,150,24679.8,75,75,5550
NIFTY-III.NFO,25/04/2025,09:26:08,24674.3,24671.4,150,24682.8,75,0,5550
NIFTY-III.NFO,25/04/2025,09:26:09,24674.3,24671.4,150,24683.8,75,0,5550
NIFTY-III.NFO,25/04/2025,09:26:11,24674.3,24676.8,225,24685.1,150,0,5550
NIFTY-III.NFO,25/04/2025,09:26:13,24674.3,24678.4,225,24686,75,0,5550
NIFTY-III.NFO,25/04/2025,09:26:14,24680,24677.4,150,24680,150,75,5550
NIFTY-III.NFO,25/04/2025,09:26:16,24680,24677.4,150,24686,75,150,5550
NIFTY-III.NFO,25/04/2025,09:26:18,24680,24677.4,150,24686,150,0,5550
NIFTY-III.NFO,25/04/2025,09:26:21,24680,24680.3,225,24686,75,0,5550
NIFTY-III.NFO,25/04/2025,09:26:23,24680,24679.1,225,24686,75,0,5550
NIFTY-III.NFO,25/04/2025,09:26:25,24681.5,24681.5,150,24686,75,75,5550
NIFTY-III.NFO,25/04/2025,09:26:26,24681.5,24682.6,225,24686,75,0,5550
NIFTY-III.NFO,25/04/2025,09:26:28,24686,24685,225,24690,75,75,5550
NIFTY-III.NFO,25/04/2025,09:26:30,24686,24687.9,225,24690,75,0,5550
NIFTY-III.NFO,25/04/2025,09:26:31,24686,24685.1,225,24690,75,0,5550
NIFTY-III.NFO,25/04/2025,09:26:33,24686,24683,225,24690,75,0,5550
NIFTY-III.NFO,25/04/2025,09:26:36,24686,24683.1,150,24690,75,0,5550
NIFTY-III.NFO,25/04/2025,09:26:38,24686,24684.2,150,24690,75,0,5550
NIFTY-III.NFO,25/04/2025,09:26:40,24686,24682,225,24689.9,150,0,5550
NIFTY-III.NFO,25/04/2025,09:26:41,24686,24681.1,225,24689.9,150,0,5550
NIFTY-III.NFO,25/04/2025,09:26:43,24686,24681.1,225,24690,75,0,5550
NIFTY-III.NFO,25/04/2025,09:26:45,24686,24685.2,225,24690,75,0,5550
NIFTY-III.NFO,25/04/2025,09:26:46,24686,24687.8,150,24690,75,0,5550
NIFTY-III.NFO,25/04/2025,09:26:48,24686,24685.3,150,24690,75,0,5550
NIFTY-III.NFO,25/04/2025,09:26:50,24690,24685.6,75,24694.9,75,75,5550
NIFTY-III.NFO,25/04/2025,09:26:51,24690,24681.7,150,24691.6,75,0,5550
NIFTY-III.NFO,25/04/2025,09:26:53,24690,24681,300,24691.3,75,0,5550
NIFTY-III.NFO,25/04/2025,09:26:55,24690,24681.1,150,24691,75,0,5550
NIFTY-III.NFO,25/04/2025,09:26:56,24690,24683.1,150,24692.1,75,0,5550
NIFTY-III.NFO,25/04/2025,09:26:58,24690,24683.5,150,24693.4,75,0,5550
NIFTY-III.NFO,25/04/2025,09:27:00,24690,24683.7,225,24693.4,75,0,5550
NIFTY-III.NFO,25/04/2025,09:27:01,24690,24681.6,225,24692.1,75,0,5550
NIFTY-III.NFO,25/04/2025,09:27:03,24690,24683,150,24691.5,75,0,5550
NIFTY-III.NFO,25/04/2025,09:27:05,24690,24684.4,150,24693.7,75,0,5550
NIFTY-III.NFO,25/04/2025,09:27:08,24690,24687,150,24695.9,75,0,5550
NIFTY-III.NFO,25/04/2025,09:27:10,24690,24687.4,75,24697.2,75,0,5550
NIFTY-III.NFO,25/04/2025,09:27:11,24690,24687,75,24694,150,0,5550
NIFTY-III.NFO,25/04/2025,09:27:13,24690,24687.1,150,24697.9,150,0,5550
NIFTY-III.NFO,25/04/2025,09:27:15,24690,24688.1,75,24697.9,150,0,5550
NIFTY-III.NFO,25/04/2025,09:27:16,24690,24687.1,150,24697.8,75,0,5550
NIFTY-III.NFO,25/04/2025,09:27:18,24690,24694,225,24697.9,75,0,5550
NIFTY-III.NFO,25/04/2025,09:27:21,24690,24694,225,24698,75,0,5550
NIFTY-III.NFO,25/04/2025,09:27:23,24690,24694,225,24697.9,75,0,5550
NIFTY-III.NFO,25/04/2025,09:27:25,24690,24694,225,24698,75,0,5550
NIFTY-III.NFO,25/04/2025,09:27:26,24690,24694.1,225,24698,75,0,5550
NIFTY-III.NFO,25/04/2025,09:27:30,24690,24694.8,225,24698,75,0,5550
NIFTY-III.NFO,25/04/2025,09:27:31,24690,24696.1,75,24698,75,0,5550
NIFTY-III.NFO,25/04/2025,09:27:33,24690,24694.2,150,24698,75,0,5550
NIFTY-III.NFO,25/04/2025,09:27:36,24690,24694,225,24698,75,0,5550
NIFTY-III.NFO,25/04/2025,09:27:38,24690,24694.1,225,24698,75,0,5550
NIFTY-III.NFO,25/04/2025,09:27:40,24690,24695.8,150,24698,75,0,5550
NIFTY-III.NFO,25/04/2025,09:27:41,24690,24696.1,225,24698,75,0,5550
NIFTY-III.NFO,25/04/2025,09:27:43,24698,24696.2,150,24700,225,75,6150
NIFTY-III.NFO,25/04/2025,09:27:45,24698,24697.4,225,24700,225,0,6150
NIFTY-III.NFO,25/04/2025,09:27:46,24700,24700.3,150,24707.5,75,225,6150
NIFTY-III.NFO,25/04/2025,09:27:48,24700,24700.3,150,24708.5,75,0,6150
NIFTY-III.NFO,25/04/2025,09:27:50,24700,24700.3,150,24708.4,75,0,6150
NIFTY-III.NFO,25/04/2025,09:27:51,24700,24701.2,150,24708.4,150,0,6150
NIFTY-III.NFO,25/04/2025,09:27:53,24700,24700.6,225,24708.5,150,0,6150
NIFTY-III.NFO,25/04/2025,09:27:55,24700,24700.4,150,24707.9,150,0,6150
NIFTY-III.NFO,25/04/2025,09:27:56,24700,24700.2,150,24707.5,150,0,6150
NIFTY-III.NFO,25/04/2025,09:27:58,24700,24700.2,150,24704.4,150,0,6150
NIFTY-III.NFO,25/04/2025,09:28:00,24700,24700.2,150,24700.4,75,0,6150
NIFTY-III.NFO,25/04/2025,09:28:01,24700.7,24690.1,225,24700,75,900,6150
NIFTY-III.NFO,25/04/2025,09:28:03,24700.7,24690,75,24699.5,150,0,6150
NIFTY-III.NFO,25/04/2025,09:28:05,24700.7,24690.2,150,24699.5,75,0,6150
NIFTY-III.NFO,25/04/2025,09:28:08,24700.7,24692,150,24703.7,75,0,6150
NIFTY-III.NFO,25/04/2025,09:28:10,24700.7,24693.3,150,24703.7,75,0,6150
NIFTY-III.NFO,25/04/2025,09:28:13,24700.7,24693.5,75,24704.3,225,0,6150
NIFTY-III.NFO,25/04/2025,09:28:14,24700.7,24690.2,150,24700.8,75,0,6150
NIFTY-III.NFO,25/04/2025,09:28:16,24700.7,24690,75,24697.7,75,0,6150
NIFTY-III.NFO,25/04/2025,09:28:18,24700.7,24690.1,225,24700,75,0,6150
NIFTY-III.NFO,25/04/2025,09:28:19,24700.7,24691.7,150,24700.6,75,0,6150
NIFTY-III.NFO,25/04/2025,09:28:23,24703.4,24693.4,150,24703.3,150,300,6150
NIFTY-III.NFO,25/04/2025,09:28:24,24703.4,24695,150,24703.3,150,0,6150
NIFTY-III.NFO,25/04/2025,09:28:26,24703.4,24695.5,225,24704.9,150,0,6150
NIFTY-III.NFO,25/04/2025,09:28:30,24703.4,24695.5,75,24704.9,150,0,6150
NIFTY-III.NFO,25/04/2025,09:28:31,24703.4,24693.5,150,24704.8,75,0,6150
NIFTY-III.NFO,25/04/2025,09:28:33,24703.4,24700,375,24704.8,75,0,6150
NIFTY-III.NFO,25/04/2025,09:28:35,24703.4,24700,375,24704.9,75,0,6150
NIFTY-III.NFO,25/04/2025,09:28:36,24703.4,24700,375,24705,75,0,6150
NIFTY-III.NFO,25/04/2025,09:28:43,24703.4,24700,375,24703.9,150,0,6150
NIFTY-III.NFO,25/04/2025,09:28:46,24703.4,24700,375,24703.5,375,0,6150
NIFTY-III.NFO,25/04/2025,09:28:48,24703.4,24700,375,24703.3,75,225,6150
NIFTY-III.NFO,25/04/2025,09:28:50,24703.4,24700,375,24704.3,75,0,6150
NIFTY-III.NFO,25/04/2025,09:28:51,24703.4,24700,375,24704.2,75,0,6150
NIFTY-III.NFO,25/04/2025,09:28:53,24703.4,24700,375,24704.5,75,0,6150
NIFTY-III.NFO,25/04/2025,09:28:55,24703.4,24700,375,24703.4,75,0,6150
NIFTY-III.NFO,25/04/2025,09:28:56,24703.4,24700,375,24702.3,75,0,6150
NIFTY-III.NFO,25/04/2025,09:28:58,24703.4,24700,375,24701.4,150,0,6150
NIFTY-III.NFO,25/04/2025,09:29:00,24700,24690.8,150,24699.8,75,375,6150
NIFTY-III.NFO,25/04/2025,09:29:01,24700,24690.2,150,24702,75,0,6150
NIFTY-III.NFO,25/04/2025,09:29:03,24700,24690.1,150,24698.3,75,0,6150
NIFTY-III.NFO,25/04/2025,09:29:05,24700,24690.1,225,24699.5,75,0,6150
NIFTY-III.NFO,25/04/2025,09:29:06,24700,24690.1,225,24698.5,75,0,6150
NIFTY-III.NFO,25/04/2025,09:29:08,24697.4,24690.1,225,24699,75,75,6150
NIFTY-III.NFO,25/04/2025,09:29:10,24697.4,24690.1,150,24698.9,150,0,6150
NIFTY-III.NFO,25/04/2025,09:29:11,24697.1,24690.1,150,24697.5,75,75,6150
NIFTY-III.NFO,25/04/2025,09:29:13,24697.1,24690.1,225,24699.2,75,0,6150
NIFTY-III.NFO,25/04/2025,09:29:15,24697.1,24690.1,225,24699.8,75,0,6150
NIFTY-III.NFO,25/04/2025,09:29:18,24697.1,24690.1,150,24697.8,75,0,6150
NIFTY-III.NFO,25/04/2025,09:29:20,24697.1,24690.1,150,24696.7,75,0,6150
NIFTY-III.NFO,25/04/2025,09:29:21,24697.1,24690.1,150,24698.6,225,0,6150
NIFTY-III.NFO,25/04/2025,09:29:23,24697.1,24690,150,24694.7,75,0,6150
NIFTY-III.NFO,25/04/2025,09:29:26,24697.1,24690,150,24692.6,75,0,6150
NIFTY-III.NFO,25/04/2025,09:29:28,24690,24687,75,24688.3,75,150,6150
NIFTY-III.NFO,25/04/2025,09:29:30,24687,24680,150,24685,75,75,6150
NIFTY-III.NFO,25/04/2025,09:29:31,24687,24680.1,150,24686,75,0,6150
NIFTY-III.NFO,25/04/2025,09:29:33,24689,24680.1,225,24688.7,75,300,6150
NIFTY-III.NFO,25/04/2025,09:29:35,24689,24680,150,24685.7,75,0,6150
NIFTY-III.NFO,25/04/2025,09:29:36,24689,24680,150,24684.4,75,0,6150
NIFTY-III.NFO,25/04/2025,09:29:38,24689,24680.1,225,24688.4,75,0,6150
NIFTY-III.NFO,25/04/2025,09:29:40,24689,24680.1,225,24688.7,75,0,6150
NIFTY-III.NFO,25/04/2025,09:29:41,24689,24680.1,225,24689.2,75,0,6150
NIFTY-III.NFO,25/04/2025,09:29:43,24689,24680.1,225,24690.6,75,0,6150
NIFTY-III.NFO,25/04/2025,09:29:45,24689,24680.1,225,24690.5,150,0,6150
NIFTY-III.NFO,25/04/2025,09:29:46,24689,24680.1,225,24687.9,75,0,6150
NIFTY-III.NFO,25/04/2025,09:29:48,24689,24680.1,225,24690.3,75,0,6150
NIFTY-III.NFO,25/04/2025,09:29:50,24689,24680.1,225,24689.9,75,0,6150
NIFTY-III.NFO,25/04/2025,09:29:51,24689,24680.1,225,24687.4,75,0,6150
NIFTY-III.NFO,25/04/2025,09:29:53,24689,24680,150,24686.3,75,0,6150
NIFTY-III.NFO,25/04/2025,09:29:55,24689,24680,150,24684.5,75,0,6150
NIFTY-III.NFO,25/04/2025,09:29:56,24689,24680,150,24682.9,75,0,6150
NIFTY-III.NFO,25/04/2025,09:29:58,24689,24680,150,24685.3,75,0,6150
NIFTY-III.NFO,25/04/2025,09:30:00,24689,24680,150,24685.2,75,0,6150
NIFTY-III.NFO,25/04/2025,09:30:01,24689,24680.1,225,24685.6,75,0,6150
NIFTY-III.NFO,25/04/2025,09:30:08,24685.6,24680.4,225,24691.5,75,75,6150
NIFTY-III.NFO,25/04/2025,09:30:10,24685.6,24681.7,150,24692.7,75,0,6150
NIFTY-III.NFO,25/04/2025,09:30:11,24685.6,24681.7,150,24691.6,75,0,6150
NIFTY-III.NFO,25/04/2025,09:30:13,24685.6,24681.7,150,24693.3,75,0,6150
NIFTY-III.NFO,25/04/2025,09:30:15,24685.6,24683.3,150,24693.3,75,0,6150
NIFTY-III.NFO,25/04/2025,09:30:16,24685.6,24685.8,150,24695.9,75,0,6150
NIFTY-III.NFO,25/04/2025,09:30:18,24685.6,24683.3,150,24694.8,75,0,6150
NIFTY-III.NFO,25/04/2025,09:30:20,24685.6,24681.7,150,24690.7,75,0,6150
NIFTY-III.NFO,25/04/2025,09:30:21,24685.6,24680,150,24685.4,75,0,6150
NIFTY-III.NFO,25/04/2025,09:30:23,24685.6,24680,150,24685.2,75,0,6150
NIFTY-III.NFO,25/04/2025,09:30:25,24685.2,24680.1,150,24685.4,75,75,8625
NIFTY-III.NFO,25/04/2025,09:30:26,24686.7,24680,150,24680.2,75,225,8625
NIFTY-III.NFO,25/04/2025,09:30:28,24686.7,24680,150,24680.2,75,0,8625
NIFTY-III.NFO,25/04/2025,09:30:31,24686.7,24680,150,24680.6,75,0,8625
NIFTY-III.NFO,25/04/2025,09:30:33,24686.7,24680,150,24682.7,75,0,8625
NIFTY-III.NFO,25/04/2025,09:30:34,24686.7,24680,150,24682.1,75,0,8625
NIFTY-III.NFO,25/04/2025,09:30:36,24686.7,24680,150,24683.2,75,0,8625
NIFTY-III.NFO,25/04/2025,09:30:38,24686.7,24680,150,24680.2,75,0,8625
NIFTY-III.NFO,25/04/2025,09:30:39,24680.2,24670.3,150,24681.2,75,225,8625
NIFTY-III.NFO,25/04/2025,09:30:41,24680.2,24666.4,150,24677.1,75,0,8625
NIFTY-III.NFO,25/04/2025,09:30:44,24680.6,24666.4,150,24677.7,150,75,8625
NIFTY-III.NFO,25/04/2025,09:30:46,24680.6,24666.4,150,24676.5,75,0,8625
NIFTY-III.NFO,25/04/2025,09:30:48,24680.6,24665.1,225,24675.9,75,0,8625
NIFTY-III.NFO,25/04/2025,09:30:49,24680.6,24665.1,225,24676.8,75,0,8625
NIFTY-III.NFO,25/04/2025,09:30:51,24680.6,24665.1,225,24678,75,0,8625
NIFTY-III.NFO,25/04/2025,09:30:54,24680.6,24665.1,225,24678.8,150,0,8625
NIFTY-III.NFO,25/04/2025,09:30:56,24680.6,24665.1,225,24677.2,75,0,8625
NIFTY-III.NFO,25/04/2025,09:30:57,24680.6,24670.1,225,24680.4,75,0,8625
NIFTY-III.NFO,25/04/2025,09:30:59,24680.6,24670.1,225,24680.6,75,0,8625
NIFTY-III.NFO,25/04/2025,09:31:01,24680.6,24670.1,225,24678.8,75,0,8625
NIFTY-III.NFO,25/04/2025,09:31:02,24670,24668,150,24676.6,225,300,8625
NIFTY-III.NFO,25/04/2025,09:31:04,24670,24665.2,150,24670,75,0,8625
NIFTY-III.NFO,25/04/2025,09:31:06,24670,24665.2,150,24672.4,75,0,8625
NIFTY-III.NFO,25/04/2025,09:31:09,24670,24665.2,150,24674.4,75,0,8625
NIFTY-III.NFO,25/04/2025,09:31:11,24670,24666.1,150,24677.4,150,0,8625
NIFTY-III.NFO,25/04/2025,09:31:12,24670,24668,150,24677.4,150,0,8625
NIFTY-III.NFO,25/04/2025,09:31:14,24670,24668,150,24678.5,150,0,8625
NIFTY-III.NFO,25/04/2025,09:31:16,24670,24665.2,150,24672.1,75,0,8625
NIFTY-III.NFO,25/04/2025,09:31:17,24670,24665.1,150,24672,225,0,8625
NIFTY-III.NFO,25/04/2025,09:31:19,24670,24665.1,150,24671,150,0,8625
NIFTY-III.NFO,25/04/2025,09:31:21,24670,24665,150,24669.8,150,0,8625
NIFTY-III.NFO,25/04/2025,09:31:22,24670,24665,150,24669.7,75,0,8625
NIFTY-III.NFO,25/04/2025,09:31:24,24670,24665,150,24670.1,150,0,8625
NIFTY-III.NFO,25/04/2025,09:31:26,24670,24665,150,24666.1,150,0,8625
NIFTY-III.NFO,25/04/2025,09:31:27,24665,24665,75,24666.2,75,75,8625
NIFTY-III.NFO,25/04/2025,09:31:29,24665,24657.9,150,24666.3,75,150,8625
NIFTY-III.NFO,25/04/2025,09:31:31,24665,24657.9,150,24667.4,150,0,8625
NIFTY-III.NFO,25/04/2025,09:31:32,24665,24656.3,150,24665.4,150,0,8625
NIFTY-III.NFO,25/04/2025,09:31:34,24665,24656.1,150,24662.5,150,0,8625
NIFTY-III.NFO,25/04/2025,09:31:36,24665,24656.1,225,24665.4,225,0,8625
NIFTY-III.NFO,25/04/2025,09:31:37,24665,24656.1,225,24667.4,150,0,8625
NIFTY-III.NFO,25/04/2025,09:31:39,24665,24656.1,225,24667.5,75,0,8625
NIFTY-III.NFO,25/04/2025,09:31:41,24665,24656.1,225,24664.8,150,0,8625
NIFTY-III.NFO,25/04/2025,09:31:42,24665,24656.1,225,24662.9,75,0,8625
NIFTY-III.NFO,25/04/2025,09:31:44,24665,24656.1,225,24665.5,75,0,8625
NIFTY-III.NFO,25/04/2025,09:31:46,24665,24656.1,225,24665.2,75,0,8625
NIFTY-III.NFO,25/04/2025,09:31:47,24665,24656.1,225,24664.1,75,0,8625
NIFTY-III.NFO,25/04/2025,09:31:49,24665,24656.1,150,24664,150,0,8625
NIFTY-III.NFO,25/04/2025,09:31:51,24665,24656.1,150,24662.6,150,0,8625
NIFTY-III.NFO,25/04/2025,09:31:52,24665,24656,75,24656.1,75,0,8625
NIFTY-III.NFO,25/04/2025,09:31:57,24656.1,24656.1,75,24661.9,75,75,8625
NIFTY-III.NFO,25/04/2025,09:32:01,24656.1,24656.1,150,24660.8,75,0,8625
NIFTY-III.NFO,25/04/2025,09:32:02,24656.1,24656.1,225,24660.5,75,0,8625
NIFTY-III.NFO,25/04/2025,09:32:04,24656.1,24656.1,225,24662.8,75,0,8625
NIFTY-III.NFO,25/04/2025,09:32:09,24656.1,24656.1,150,24660.7,75,0,8625
NIFTY-III.NFO,25/04/2025,09:32:11,24656.1,24656.1,150,24663.3,75,0,8625
NIFTY-III.NFO,25/04/2025,09:32:12,24656.1,24656,75,24658.4,75,0,8625
NIFTY-III.NFO,25/04/2025,09:32:14,24656,24651,75,24655,75,75,8625
NIFTY-III.NFO,25/04/2025,09:32:15,24656,24651.1,225,24659.3,75,0,8625
NIFTY-III.NFO,25/04/2025,09:32:17,24659.3,24651.1,225,24659.5,75,75,8625
NIFTY-III.NFO,25/04/2025,09:32:19,24659.3,24651.1,150,24657.3,150,0,8625
NIFTY-III.NFO,25/04/2025,09:32:20,24659.3,24651.1,150,24657.2,75,0,8625
NIFTY-III.NFO,25/04/2025,09:32:22,24659.3,24651.1,225,24658.6,75,0,8625
NIFTY-III.NFO,25/04/2025,09:32:24,24659.3,24651.1,225,24661.1,75,0,8625
NIFTY-III.NFO,25/04/2025,09:32:25,24659.3,24654.3,150,24669.5,150,0,8625
NIFTY-III.NFO,25/04/2025,09:32:27,24659.3,24656.5,150,24668,75,0,8625
NIFTY-III.NFO,25/04/2025,09:32:29,24659.3,24656.5,150,24667.3,150,0,8625
NIFTY-III.NFO,25/04/2025,09:32:30,24659.3,24654.3,150,24663.9,75,0,8625
NIFTY-III.NFO,25/04/2025,09:32:32,24659.3,24654.3,150,24668.5,150,0,8625
NIFTY-III.NFO,25/04/2025,09:32:34,24659.3,24660,150,24672.9,150,0,8625
NIFTY-III.NFO,25/04/2025,09:32:35,24659.3,24660,150,24669.3,150,0,8625
NIFTY-III.NFO,25/04/2025,09:32:37,24659.3,24661.3,150,24672.3,75,0,8625
NIFTY-III.NFO,25/04/2025,09:32:39,24659.3,24662.2,150,24675,75,0,8625
NIFTY-III.NFO,25/04/2025,09:32:41,24659.3,24662.6,150,24675.3,75,0,8625
NIFTY-III.NFO,25/04/2025,09:32:42,24659.3,24661.3,150,24671.4,75,0,8625
NIFTY-III.NFO,25/04/2025,09:32:44,24659.3,24662.7,150,24675.4,150,0,8625
NIFTY-III.NFO,25/04/2025,09:32:46,24659.3,24661.3,150,24669.3,150,0,8625
NIFTY-III.NFO,25/04/2025,09:32:47,24659.3,24657.9,150,24666.6,75,0,8625
NIFTY-III.NFO,25/04/2025,09:32:49,24659.3,24655.1,150,24664.2,75,0,8625
NIFTY-III.NFO,25/04/2025,09:32:51,24659.3,24652.5,150,24661.3,150,0,8625
NIFTY-III.NFO,25/04/2025,09:32:52,24659.3,24651.2,150,24659.3,75,0,8625
NIFTY-III.NFO,25/04/2025,09:32:54,24651.2,24651.2,75,24663,75,75,8625
NIFTY-III.NFO,25/04/2025,09:32:56,24651.2,24651.2,75,24663.3,75,0,8625
NIFTY-III.NFO,25/04/2025,09:32:57,24651.2,24652.3,150,24661.4,75,0,8625
NIFTY-III.NFO,25/04/2025,09:32:59,24651.2,24651.2,75,24661.3,75,0,8625
NIFTY-III.NFO,25/04/2025,09:33:01,24651.2,24651.4,225,24661.3,75,0,8625
NIFTY-III.NFO,25/04/2025,09:33:02,24651.2,24651.2,150,24661.1,75,0,8625
NIFTY-III.NFO,25/04/2025,09:33:04,24651.2,24651.2,150,24659.4,75,0,8625
NIFTY-III.NFO,25/04/2025,09:33:06,24651.2,24651.1,150,24659.3,75,0,8625
NIFTY-III.NFO,25/04/2025,09:33:07,24651.2,24651,75,24656.9,75,0,8625
NIFTY-III.NFO,25/04/2025,09:33:09,24651.2,24651.1,150,24658.7,75,0,8625
NIFTY-III.NFO,25/04/2025,09:33:11,24651.2,24651.2,150,24658.8,75,0,8625
NIFTY-III.NFO,25/04/2025,09:33:12,24651.2,24651,75,24657.3,75,0,8625
NIFTY-III.NFO,25/04/2025,09:33:14,24657.4,24651.1,225,24666.6,150,75,8625
NIFTY-III.NFO,25/04/2025,09:33:16,24657.4,24651.1,225,24660.5,75,0,8625
NIFTY-III.NFO,25/04/2025,09:33:17,24657.4,24651,75,24657.4,75,0,8625
NIFTY-III.NFO,25/04/2025,09:33:19,24649.6,24647.8,300,24658.6,75,300,9525
NIFTY-III.NFO,25/04/2025,09:33:21,24649.6,24649.6,300,24659.7,300,0,9525
NIFTY-III.NFO,25/04/2025,09:33:22,24649.6,24647.8,300,24658.4,300,0,9525
NIFTY-III.NFO,25/04/2025,09:33:24,24649.6,24649.4,300,24659.3,300,0,9525
NIFTY-III.NFO,25/04/2025,09:33:26,24649.6,24651.4,300,24661.4,450,0,9525
NIFTY-III.NFO,25/04/2025,09:33:27,24649.6,24649.4,300,24659.3,75,0,9525
NIFTY-III.NFO,25/04/2025,09:33:29,24649.6,24649.4,375,24659.2,300,0,9525
NIFTY-III.NFO,25/04/2025,09:33:31,24649.6,24648.3,375,24658.4,300,0,9525
NIFTY-III.NFO,25/04/2025,09:33:32,24649.6,24648.7,300,24659.3,75,0,9525
NIFTY-III.NFO,25/04/2025,09:33:34,24649.6,24654.1,300,24661.4,75,0,9525
NIFTY-III.NFO,25/04/2025,09:33:36,24649.6,24655.6,300,24665,75,0,9525
NIFTY-III.NFO,25/04/2025,09:33:37,24649.6,24655.6,300,24664.9,300,0,9525
NIFTY-III.NFO,25/04/2025,09:33:41,24649.6,24655.6,300,24666.1,300,0,9525
NIFTY-III.NFO,25/04/2025,09:33:44,24649.6,24655.6,300,24665.3,300,0,9525
NIFTY-III.NFO,25/04/2025,09:33:46,24649.6,24654.1,300,24664.2,300,0,9525
NIFTY-III.NFO,25/04/2025,09:33:47,24649.6,24653.1,300,24663.1,375,0,9525
NIFTY-III.NFO,25/04/2025,09:33:51,24649.6,24649.7,375,24661.3,375,0,9525
NIFTY-III.NFO,25/04/2025,09:33:52,24649.6,24649.7,375,24661.3,300,0,9525
NIFTY-III.NFO,25/04/2025,09:33:54,24649.6,24649.7,375,24660.4,300,0,9525
NIFTY-III.NFO,25/04/2025,09:33:56,24649.6,24650.2,300,24661.3,300,0,9525
NIFTY-III.NFO,25/04/2025,09:33:57,24649.6,24653.1,300,24663.3,300,0,9525
NIFTY-III.NFO,25/04/2025,09:33:59,24649.6,24652.4,300,24661.3,150,0,9525
NIFTY-III.NFO,25/04/2025,09:34:01,24649.6,24650.2,300,24661.2,450,0,9525
NIFTY-III.NFO,25/04/2025,09:34:02,24649.6,24650.2,375,24660.2,300,0,9525
NIFTY-III.NFO,25/04/2025,09:34:04,24649.6,24650.2,300,24659.9,300,0,9525
NIFTY-III.NFO,25/04/2025,09:34:06,24649.6,24649.6,375,24657.9,300,0,9525
NIFTY-III.NFO,25/04/2025,09:34:07,24649.6,24649.8,300,24657.9,300,0,9525
NIFTY-III.NFO,25/04/2025,09:34:11,24649.6,24649.8,300,24658.8,300,0,9525
NIFTY-III.NFO,25/04/2025,09:34:12,24649.6,24649.6,375,24658.8,300,0,9525
NIFTY-III.NFO,25/04/2025,09:34:14,24650,24649.6,375,24654.5,300,75,9525
NIFTY-III.NFO,25/04/2025,09:34:16,24649.6,24645,75,24649.2,300,375,9525
NIFTY-III.NFO,25/04/2025,09:34:17,24642.1,24640.3,300,24650,300,150,9525
NIFTY-III.NFO,25/04/2025,09:34:19,24642.1,24640.3,300,24650.4,375,0,9525
NIFTY-III.NFO,25/04/2025,09:34:21,24642.1,24640.6,225,24649.4,300,0,9525
NIFTY-III.NFO,25/04/2025,09:34:22,24642.1,24638.7,225,24649.4,300,0,9525
NIFTY-III.NFO,25/04/2025,09:34:26,24642.1,24638.7,225,24648.3,300,0,9525
NIFTY-III.NFO,25/04/2025,09:34:27,24642.1,24637.3,300,24646.3,375,0,9525
NIFTY-III.NFO,25/04/2025,09:34:29,24642.1,24635.9,225,24645.3,300,0,9525
NIFTY-III.NFO,25/04/2025,09:34:32,24642.1,24636.2,300,24646.2,300,0,9525
NIFTY-III.NFO,25/04/2025,09:34:34,24642.1,24637.7,300,24647.5,150,0,9525
NIFTY-III.NFO,25/04/2025,09:34:36,24642.1,24638.6,375,24647.5,75,0,9525
NIFTY-III.NFO,25/04/2025,09:34:37,24642.1,24640.2,300,24650.3,300,0,9525
NIFTY-III.NFO,25/04/2025,09:34:41,24642.1,24640.2,375,24650.3,300,0,9525
NIFTY-III.NFO,25/04/2025,09:34:42,24643.2,24643.2,225,24654.1,75,75,9525
NIFTY-III.NFO,25/04/2025,09:34:44,24643.2,24643.3,300,24653.3,375,0,9525
NIFTY-III.NFO,25/04/2025,09:34:47,24643.2,24643.3,300,24652.4,300,0,9525
NIFTY-III.NFO,25/04/2025,09:34:49,24643.3,24643.3,225,24653.2,150,75,9525
NIFTY-III.NFO,25/04/2025,09:34:51,24643.3,24644.6,300,24654,375,0,9525
NIFTY-III.NFO,25/04/2025,09:34:52,24643.3,24643.3,225,24652.1,300,0,9525
NIFTY-III.NFO,25/04/2025,09:34:54,24643.3,24641.9,300,24651.1,375,0,9525
NIFTY-III.NFO,25/04/2025,09:34:56,24643.3,24643,225,24652.4,75,0,9525
NIFTY-III.NFO,25/04/2025,09:34:57,24645,24644,300,24652.3,375,300,9525
NIFTY-III.NFO,25/04/2025,09:34:59,24645,24641.3,225,24649.6,150,0,9525
NIFTY-III.NFO,25/04/2025,09:35:01,24645,24638.2,150,24646.6,375,0,9525
NIFTY-III.NFO,25/04/2025,09:35:02,24645,24637.9,225,24645.6,150,0,9525
NIFTY-III.NFO,25/04/2025,09:35:04,24645,24637.9,225,24647.2,300,0,9525
NIFTY-III.NFO,25/04/2025,09:35:06,24645,24637.9,150,24645.7,300,0,9525
NIFTY-III.NFO,25/04/2025,09:35:07,24645,24636.7,300,24644.7,300,0,9525
NIFTY-III.NFO,25/04/2025,09:35:09,24645,24635.1,225,24642.5,375,0,9525
NIFTY-III.NFO,25/04/2025,09:35:11,24645,24635,75,24641,375,0,9525
NIFTY-III.NFO,25/04/2025,09:35:12,24645,24635.1,225,24641.9,75,0,9525
NIFTY-III.NFO,25/04/2025,09:35:14,24645,24635,75,24641.3,300,0,9525
NIFTY-III.NFO,25/04/2025,09:35:16,24645,24635,75,24641,450,0,9525
NIFTY-III.NFO,25/04/2025,09:35:17,24645,24635,75,24637.9,375,0,9525
NIFTY-III.NFO,25/04/2025,09:35:19,24637.9,24635,75,24637.9,375,300,9525
NIFTY-III.NFO,25/04/2025,09:35:21,24637.9,24635,75,24640.3,300,0,9525
NIFTY-III.NFO,25/04/2025,09:35:22,24631.7,24630.1,375,24637,75,150,9525
NIFTY-III.NFO,25/04/2025,09:35:24,24637,24630,75,24636.9,375,75,9525
NIFTY-III.NFO,25/04/2025,09:35:26,24637,24630.1,300,24638.2,375,0,9525
NIFTY-III.NFO,25/04/2025,09:35:27,24637,24630.1,300,24639.2,300,0,9525
NIFTY-III.NFO,25/04/2025,09:35:29,24637,24633,225,24641.4,375,0,9525
NIFTY-III.NFO,25/04/2025,09:35:31,24637,24632.4,300,24640.8,375,0,9525
NIFTY-III.NFO,25/04/2025,09:35:32,24637,24631.9,300,24642.3,375,0,9525
NIFTY-III.NFO,25/04/2025,09:35:34,24637,24638.5,375,24645.4,75,0,9525
NIFTY-III.NFO,25/04/2025,09:35:36,24637,24637.3,375,24643.3,75,0,9525
NIFTY-III.NFO,25/04/2025,09:35:37,24637,24636.1,225,24643.2,300,0,9525
NIFTY-III.NFO,25/04/2025,09:35:39,24637,24634.9,300,24643.3,75,0,9525
NIFTY-III.NFO,25/04/2025,09:35:41,24637,24636.3,300,24643.3,75,0,9525
NIFTY-III.NFO,25/04/2025,09:35:42,24637,24639,150,24645.4,75,0,9525
NIFTY-III.NFO,25/04/2025,09:35:44,24637,24642,300,24648.6,150,0,9525
NIFTY-III.NFO,25/04/2025,09:35:46,24637,24642.1,75,24649.1,375,0,9525
NIFTY-III.NFO,25/04/2025,09:35:47,24637,24643,225,24651.9,75,0,9525
NIFTY-III.NFO,25/04/2025,09:35:49,24637,24646.4,300,24654.1,375,0,9525
NIFTY-III.NFO,25/04/2025,09:35:51,24637,24643.9,300,24653.1,375,0,9525
NIFTY-III.NFO,25/04/2025,09:35:52,24637,24639.6,225,24649.6,375,0,9525
NIFTY-III.NFO,25/04/2025,09:35:54,24637,24638.9,300,24646.1,75,0,9525
NIFTY-III.NFO,25/04/2025,09:35:56,24637,24638.7,225,24645.6,300,0,9525
NIFTY-III.NFO,25/04/2025,09:35:57,24637,24638.7,375,24645.7,150,0,9525
NIFTY-III.NFO,25/04/2025,09:35:59,24645.7,24644.8,150,24651.9,300,150,9525
NIFTY-III.NFO,25/04/2025,09:36:01,24645.7,24643.5,75,24650.9,375,0,9525
NIFTY-III.NFO,25/04/2025,09:36:02,24643.7,24643.7,225,24650.9,300,150,9525
NIFTY-III.NFO,25/04/2025,09:36:04,24643.7,24645,225,24652.2,450,0,9525
NIFTY-III.NFO,25/04/2025,09:36:06,24643.7,24647.1,300,24654.7,150,0,9525
NIFTY-III.NFO,25/04/2025,09:36:07,24643.7,24646.6,225,24654.6,375,0,9525
NIFTY-III.NFO,25/04/2025,09:36:09,24643.7,24645.1,150,24654.4,375,0,9525
NIFTY-III.NFO,25/04/2025,09:36:11,24643.7,24643.6,75,24646.6,75,0,9525
NIFTY-III.NFO,25/04/2025,09:36:12,24643.7,24642.3,150,24646.6,75,0,9525
NIFTY-III.NFO,25/04/2025,09:36:14,24643.7,24637.6,150,24645.8,450,0,9525
NIFTY-III.NFO,25/04/2025,09:36:16,24643.7,24635.5,150,24643.8,300,0,9525
NIFTY-III.NFO,25/04/2025,09:36:17,24643.7,24634.1,150,24642.7,375,0,9525
NIFTY-III.NFO,25/04/2025,09:36:19,24643.7,24633.1,150,24642.7,375,0,9525
NIFTY-III.NFO,25/04/2025,09:36:21,24633.1,24632.4,75,24640.5,375,75,10350
NIFTY-III.NFO,25/04/2025,09:36:24,24630.1,24630,75,24640,300,225,10350
NIFTY-III.NFO,25/04/2025,09:36:26,24630.1,24630.4,225,24640,300,0,10350
NIFTY-III.NFO,25/04/2025,09:36:27,24632.6,24633.7,225,24642.5,375,75,10350
NIFTY-III.NFO,25/04/2025,09:36:29,24632.6,24633.7,225,24643.6,75,0,10350
NIFTY-III.NFO,25/04/2025,09:36:31,24632.6,24638.2,300,24646.4,150,0,10350
NIFTY-III.NFO,25/04/2025,09:36:32,24632.6,24637,75,24646.3,300,0,10350
NIFTY-III.NFO,25/04/2025,09:36:34,24632.6,24637,75,24646.2,300,0,10350
NIFTY-III.NFO,25/04/2025,09:36:36,24632.6,24638.7,225,24649.6,375,0,10350
NIFTY-III.NFO,25/04/2025,09:36:37,24632.6,24637,75,24649.4,300,0,10350
NIFTY-III.NFO,25/04/2025,09:36:39,24632.6,24636.2,225,24645.5,300,0,10350
NIFTY-III.NFO,25/04/2025,09:36:41,24632.6,24636.2,225,24645.5,375,0,10350
NIFTY-III.NFO,25/04/2025,09:36:42,24632.6,24636.2,225,24645.3,375,0,10350
NIFTY-III.NFO,25/04/2025,09:36:44,24632.6,24638.7,225,24645.4,75,0,10350
NIFTY-III.NFO,25/04/2025,09:36:46,24637.3,24637.3,75,24645.2,375,150,10350
NIFTY-III.NFO,25/04/2025,09:36:47,24637.3,24634.7,75,24644.8,375,0,10350
NIFTY-III.NFO,25/04/2025,09:36:49,24637.3,24633.2,75,24643.5,300,0,10350
NIFTY-III.NFO,25/04/2025,09:36:51,24637.3,24633.1,75,24643.5,300,0,10350
NIFTY-III.NFO,25/04/2025,09:36:54,24637.3,24631,150,24635,75,0,10350
NIFTY-III.NFO,25/04/2025,09:36:56,24637.3,24630,75,24635,75,0,10350
NIFTY-III.NFO,25/04/2025,09:36:57,24626,24627.7,225,24634.9,150,150,10350
NIFTY-III.NFO,25/04/2025,09:36:59,24626,24627.7,225,24634.8,75,0,10350
NIFTY-III.NFO,25/04/2025,09:37:02,24626.3,24624.4,75,24634.6,450,75,10350
NIFTY-III.NFO,25/04/2025,09:37:04,24622.6,24622.5,75,24632.4,375,150,10350
NIFTY-III.NFO,25/04/2025,09:37:06,24622.6,24620,150,24630.1,375,0,10350
NIFTY-III.NFO,25/04/2025,09:37:07,24620.1,24621.5,375,24629.9,300,75,10350
NIFTY-III.NFO,25/04/2025,09:37:09,24620.1,24620,150,24629.8,300,0,10350
NIFTY-III.NFO,25/04/2025,09:37:12,24620.1,24622.1,375,24629.9,150,0,10350
NIFTY-III.NFO,25/04/2025,09:37:14,24620.1,24623.1,75,24634.3,300,0,10350
NIFTY-III.NFO,25/04/2025,09:37:18,24620.1,24623.1,75,24632.3,300,0,10350
NIFTY-III.NFO,25/04/2025,09:37:19,24623.1,24622.8,450,24633.9,300,75,10350
NIFTY-III.NFO,25/04/2025,09:37:21,24622.8,24622.8,75,24631.9,375,75,10350
NIFTY-III.NFO,25/04/2025,09:37:23,24622.8,24620.3,75,24630,300,0,10350
NIFTY-III.NFO,25/04/2025,09:37:24,24622.8,24620.1,150,24628.3,375,0,10350
NIFTY-III.NFO,25/04/2025,09:37:26,24622.8,24620.1,150,24629.4,300,0,10350
NIFTY-III.NFO,25/04/2025,09:37:28,24620.1,24618.5,75,24628.3,375,75,10350
NIFTY-III.NFO,25/04/2025,09:37:29,24618.7,24618.7,75,24627.9,75,75,10350
NIFTY-III.NFO,25/04/2025,09:37:31,24618.7,24618.3,375,24627.2,300,0,10350
NIFTY-III.NFO,25/04/2025,09:37:33,24618.7,24616.6,375,24626,300,0,10350
NIFTY-III.NFO,25/04/2025,09:37:34,24618.7,24616.6,375,24626.2,375,0,10350
NIFTY-III.NFO,25/04/2025,09:37:36,24618.7,24616.6,375,24626.1,300,0,10350
NIFTY-III.NFO,25/04/2025,09:37:38,24618.7,24616.6,375,24625.4,75,0,10350
NIFTY-III.NFO,25/04/2025,09:37:39,24619,24618.4,375,24626.9,300,150,10350
NIFTY-III.NFO,25/04/2025,09:37:41,24619,24613.6,75,24626,375,0,10350
NIFTY-III.NFO,25/04/2025,09:37:43,24619,24613.9,375,24625.4,300,0,10350
NIFTY-III.NFO,25/04/2025,09:37:44,24619,24617.7,75,24626.7,300,0,10350
NIFTY-III.NFO,25/04/2025,09:37:46,24619,24617.7,75,24627.7,300,0,10350
NIFTY-III.NFO,25/04/2025,09:37:48,24619,24617.4,375,24626.9,300,0,10350
NIFTY-III.NFO,25/04/2025,09:37:49,24619,24619,375,24627,75,0,10350
NIFTY-III.NFO,25/04/2025,09:37:51,24630.8,24620.1,75,24630.8,300,75,10350
NIFTY-III.NFO,25/04/2025,09:37:53,24630.8,24620.8,75,24630.6,375,0,10350
NIFTY-III.NFO,25/04/2025,09:37:54,24630.8,24617.3,75,24626.3,300,0,10350
NIFTY-III.NFO,25/04/2025,09:37:56,24630.8,24617.8,375,24626.2,375,0,10350
NIFTY-III.NFO,25/04/2025,09:37:58,24617.8,24617.8,75,24626.2,375,75,10350
NIFTY-III.NFO,25/04/2025,09:37:59,24616.4,24615.5,75,24624.8,375,75,10350
NIFTY-III.NFO,25/04/2025,09:38:01,24623.5,24614.6,75,24623.5,300,75,10350
NIFTY-III.NFO,25/04/2025,09:38:03,24623.5,24613.4,150,24622.3,375,0,10350
NIFTY-III.NFO,25/04/2025,09:38:04,24612.4,24612.7,300,24621.8,300,75,10350
NIFTY-III.NFO,25/04/2025,09:38:06,24612.4,24613.8,75,24622.2,375,0,10350
NIFTY-III.NFO,25/04/2025,09:38:08,24612.4,24609.7,300,24619.5,375,0,10350
NIFTY-III.NFO,25/04/2025,09:38:09,24612.4,24614.6,75,24620.6,450,0,10350
NIFTY-III.NFO,25/04/2025,09:38:11,24612.4,24614.6,75,24621,450,0,10350
NIFTY-III.NFO,25/04/2025,09:38:13,24612.4,24614.6,75,24620.5,375,0,10350
NIFTY-III.NFO,25/04/2025,09:38:14,24612.4,24614.6,75,24617.1,300,0,10350
NIFTY-III.NFO,25/04/2025,09:38:16,24612.4,24614.7,75,24617.9,300,0,10350
NIFTY-III.NFO,25/04/2025,09:38:18,24614.7,24614.6,75,24617.7,300,75,10350
NIFTY-III.NFO,25/04/2025,09:38:19,24614.7,24614.6,75,24617.7,300,0,10350
NIFTY-III.NFO,25/04/2025,09:38:21,24614.7,24614.6,75,24617.7,375,0,10350
NIFTY-III.NFO,25/04/2025,09:38:23,24614.6,24611.8,75,24619.9,300,75,10350
NIFTY-III.NFO,25/04/2025,09:38:24,24614.6,24611,300,24619.9,300,0,10350
NIFTY-III.NFO,25/04/2025,09:38:26,24614.6,24614.7,75,24618,75,0,10350
NIFTY-III.NFO,25/04/2025,09:38:28,24615,24614.7,150,24622.5,300,75,10350
NIFTY-III.NFO,25/04/2025,09:38:29,24615,24614.7,75,24621.9,450,0,10350
NIFTY-III.NFO,25/04/2025,09:38:31,24619.7,24611.7,150,24619.6,375,75,10350
NIFTY-III.NFO,25/04/2025,09:38:33,24619.7,24614.5,150,24621.9,150,0,10350
NIFTY-III.NFO,25/04/2025,09:38:34,24619.7,24614.6,150,24622,150,0,10350
NIFTY-III.NFO,25/04/2025,09:38:36,24619.7,24619,150,24622,150,0,10350
NIFTY-III.NFO,25/04/2025,09:38:38,24619.7,24618.1,150,24622,150,0,10350
NIFTY-III.NFO,25/04/2025,09:38:39,24619.7,24618.4,150,24622,150,0,10350
NIFTY-III.NFO,25/04/2025,09:38:41,24622,24621.1,150,24630.3,375,150,10350
NIFTY-III.NFO,25/04/2025,09:38:43,24622,24618.5,75,24629.2,450,0,10350
NIFTY-III.NFO,25/04/2025,09:38:44,24622,24617.9,150,24626.1,375,0,10350
NIFTY-III.NFO,25/04/2025,09:38:46,24622,24616.9,75,24625.1,525,0,10350
NIFTY-III.NFO,25/04/2025,09:38:48,24622,24616.1,150,24625.1,525,0,10350
NIFTY-III.NFO,25/04/2025,09:38:49,24614.6,24614.3,75,24624,75,450,10350
NIFTY-III.NFO,25/04/2025,09:38:51,24626,24615.4,75,24625.9,75,75,10350
NIFTY-III.NFO,25/04/2025,09:38:53,24626,24618,75,24628.9,75,0,10350
NIFTY-III.NFO,25/04/2025,09:38:54,24626,24618,75,24627.8,300,0,10350
NIFTY-III.NFO,25/04/2025,09:38:56,24626,24616,75,24626.9,450,0,10350
NIFTY-III.NFO,25/04/2025,09:38:58,24626,24615.7,75,24625.8,150,0,10350
NIFTY-III.NFO,25/04/2025,09:38:59,24626,24616.6,75,24627.6,375,0,10350
NIFTY-III.NFO,25/04/2025,09:39:01,24616.6,24621.4,375,24630.8,150,75,10350
NIFTY-III.NFO,25/04/2025,09:39:03,24616.6,24621.6,75,24630.8,150,0,10350
NIFTY-III.NFO,25/04/2025,09:39:04,24616.6,24621.6,75,24630.7,300,0,10350
NIFTY-III.NFO,25/04/2025,09:39:06,24616.6,24617.4,75,24629.2,375,0,10350
NIFTY-III.NFO,25/04/2025,09:39:08,24616.6,24618.7,75,24629.1,300,0,10350
NIFTY-III.NFO,25/04/2025,09:39:10,24616.6,24619,75,24630.5,375,0,10350
NIFTY-III.NFO,25/04/2025,09:39:11,24616.6,24620.3,450,24630.4,300,0,10350
NIFTY-III.NFO,25/04/2025,09:39:13,24630.6,24620.3,75,24630.4,375,75,10350
NIFTY-III.NFO,25/04/2025,09:39:15,24630.6,24621.1,75,24630.4,375,0,10350
NIFTY-III.NFO,25/04/2025,09:39:16,24630.6,24617.7,75,24630.4,375,0,10350
NIFTY-III.NFO,25/04/2025,09:39:18,24630.6,24614.6,75,24625.9,375,0,10350
NIFTY-III.NFO,25/04/2025,09:39:20,24614.6,24615.3,375,24625.9,375,75,9900
NIFTY-III.NFO,25/04/2025,09:39:21,24614.6,24615.1,75,24625.9,375,0,9900
NIFTY-III.NFO,25/04/2025,09:39:23,24614.6,24613.2,75,24623.8,375,0,9900
NIFTY-III.NFO,25/04/2025,09:39:25,24614.6,24616,375,24625,225,0,9900
NIFTY-III.NFO,25/04/2025,09:39:26,24614.6,24616.9,75,24625,225,0,9900
NIFTY-III.NFO,25/04/2025,09:39:28,24614.6,24615.6,75,24624.8,150,0,9900
NIFTY-III.NFO,25/04/2025,09:39:30,24614.6,24616.7,75,24624.8,150,0,9900
NIFTY-III.NFO,25/04/2025,09:39:31,24614.6,24613.7,75,24624.7,300,0,9900
NIFTY-III.NFO,25/04/2025,09:39:35,24614.6,24607.6,75,24618.5,300,0,9900
NIFTY-III.NFO,25/04/2025,09:39:36,24614.6,24605.8,75,24617.2,300,0,9900
NIFTY-III.NFO,25/04/2025,09:39:41,24614.6,24606.2,75,24616.3,375,0,9900
NIFTY-III.NFO,25/04/2025,09:39:45,24614.6,24606.2,75,24616.3,450,0,9900
NIFTY-III.NFO,25/04/2025,09:39:46,24614.6,24604.7,75,24616.3,450,0,9900
NIFTY-III.NFO,25/04/2025,09:39:48,24614.6,24606.7,375,24616.3,450,0,9900
NIFTY-III.NFO,25/04/2025,09:39:50,24614.6,24606.6,75,24616.3,450,0,9900
NIFTY-III.NFO,25/04/2025,09:39:51,24614.6,24604.7,75,24616.3,450,0,9900
NIFTY-III.NFO,25/04/2025,09:39:53,24614.6,24605.9,75,24616.3,450,0,9900
NIFTY-III.NFO,25/04/2025,09:39:55,24614.6,24605.9,75,24615.9,300,0,9900
NIFTY-III.NFO,25/04/2025,09:39:58,24614.6,24606.3,75,24616.2,375,0,9900
NIFTY-III.NFO,25/04/2025,09:40:00,24606.3,24605.9,75,24616.2,375,75,9900
NIFTY-III.NFO,25/04/2025,09:40:01,24606.3,24604.7,75,24615.3,375,0,9900
NIFTY-III.NFO,25/04/2025,09:40:03,24606.3,24605,75,24615.3,375,0,9900
NIFTY-III.NFO,25/04/2025,09:40:05,24606.3,24605,75,24615,300,0,9900
NIFTY-III.NFO,25/04/2025,09:40:06,24606.3,24605,75,24615.2,375,0,9900
NIFTY-III.NFO,25/04/2025,09:40:13,24606.3,24604.7,75,24615,375,0,9900
NIFTY-III.NFO,25/04/2025,09:40:15,24606.3,24604.7,75,24615.2,375,0,9900
NIFTY-III.NFO,25/04/2025,09:40:16,24606.3,24605.5,75,24615.2,375,0,9900
NIFTY-III.NFO,25/04/2025,09:40:18,24606.3,24605.5,75,24615.1,300,0,9900
NIFTY-III.NFO,25/04/2025,09:40:20,24606.3,24603.9,75,24614.9,375,0,9900
NIFTY-III.NFO,25/04/2025,09:40:21,24606.3,24608.5,450,24618.5,150,0,9900
NIFTY-III.NFO,25/04/2025,09:40:23,24606.3,24610.8,75,24619.8,375,0,9900
NIFTY-III.NFO,25/04/2025,09:40:25,24606.3,24612.7,75,24622.8,300,0,9900
NIFTY-III.NFO,25/04/2025,09:40:30,24606.3,24613.8,75,24624,375,0,9900
NIFTY-III.NFO,25/04/2025,09:40:31,24606.3,24609.2,75,24619.4,300,0,9900
NIFTY-III.NFO,25/04/2025,09:40:33,24606.3,24606.8,75,24617.6,375,0,9900
NIFTY-III.NFO,25/04/2025,09:40:35,24606.3,24606.5,75,24616.1,375,0,9900
NIFTY-III.NFO,25/04/2025,09:40:38,24606.3,24602.4,75,24614.3,375,0,9900
NIFTY-III.NFO,25/04/2025,09:40:40,24606.3,24600.2,150,24610.4,300,0,9900
NIFTY-III.NFO,25/04/2025,09:40:41,24606.3,24600.2,225,24606.3,75,0,9900
NIFTY-III.NFO,25/04/2025,09:40:43,24606.3,24600.3,375,24606.3,75,0,9900
NIFTY-III.NFO,25/04/2025,09:40:45,24606.3,24600.2,225,24606.3,75,0,9900
NIFTY-III.NFO,25/04/2025,09:40:46,24606.3,24600.2,150,24606.2,375,0,9900
NIFTY-III.NFO,25/04/2025,09:40:48,24606.3,24600.2,150,24606.2,300,0,9900
NIFTY-III.NFO,25/04/2025,09:40:51,24606.3,24600.2,150,24606.2,375,0,9900
NIFTY-III.NFO,25/04/2025,09:40:55,24606.3,24600.2,225,24606.3,75,0,9900
NIFTY-III.NFO,25/04/2025,09:40:56,24606.3,24600.5,75,24606.3,75,0,9900
NIFTY-III.NFO,25/04/2025,09:41:01,24606.3,24600.2,225,24606.3,75,0,9900
NIFTY-III.NFO,25/04/2025,09:41:03,24606.3,24603.7,375,24606.3,75,0,9900
NIFTY-III.NFO,25/04/2025,09:41:05,24606.3,24604.5,75,24614.8,375,75,9900
NIFTY-III.NFO,25/04/2025,09:41:06,24606.3,24604.5,75,24614.8,375,0,9900
NIFTY-III.NFO,25/04/2025,09:41:08,24606.3,24602.6,75,24612.1,375,0,9900
NIFTY-III.NFO,25/04/2025,09:41:12,24606.3,24601.6,75,24611.8,375,0,9900
NIFTY-III.NFO,25/04/2025,09:41:13,24606.3,24600.2,225,24609.8,375,0,9900
NIFTY-III.NFO,25/04/2025,09:41:15,24606.3,24600.2,225,24608.8,375,0,9900
NIFTY-III.NFO,25/04/2025,09:41:17,24606.3,24600.2,225,24607.7,375,0,9900
NIFTY-III.NFO,25/04/2025,09:41:18,24606.3,24600.2,150,24607.7,375,0,9900
NIFTY-III.NFO,25/04/2025,09:41:20,24606.3,24600.2,150,24606.6,375,0,9900
NIFTY-III.NFO,25/04/2025,09:41:22,24606.3,24600.2,150,24605.5,450,0,9900
NIFTY-III.NFO,25/04/2025,09:41:23,24600,24588.6,75,24600.1,300,225,9900
NIFTY-III.NFO,25/04/2025,09:41:25,24600,24588.6,75,24600.1,300,0,9900
NIFTY-III.NFO,25/04/2025,09:41:27,24600,24588,75,24598.7,375,0,9900
NIFTY-III.NFO,25/04/2025,09:41:30,24600,24592.7,450,24603.7,300,0,9900
NIFTY-III.NFO,25/04/2025,09:41:32,24600,24593.2,75,24603.4,300,0,9900
NIFTY-III.NFO,25/04/2025,09:41:37,24600,24591.3,75,24602.8,300,0,9900
NIFTY-III.NFO,25/04/2025,09:41:38,24600,24592.1,75,24603.1,300,0,9900
NIFTY-III.NFO,25/04/2025,09:41:42,24600,24591.3,75,24600.7,375,0,9900
NIFTY-III.NFO,25/04/2025,09:41:43,24600,24590,75,24600.1,300,0,9900
NIFTY-III.NFO,25/04/2025,09:41:50,24600,24590,75,24600.6,375,0,9900
NIFTY-III.NFO,25/04/2025,09:41:53,24600,24591.8,450,24601.7,75,0,9900
NIFTY-III.NFO,25/04/2025,09:41:55,24600,24592.1,75,24602.9,375,0,9900
NIFTY-III.NFO,25/04/2025,09:41:57,24600,24592.6,75,24603.6,450,0,9900
NIFTY-III.NFO,25/04/2025,09:41:58,24600,24589.1,75,24600.1,375,0,9900
NIFTY-III.NFO,25/04/2025,09:42:00,24599.4,24589.2,150,24599.4,150,150,9900
NIFTY-III.NFO,25/04/2025,09:42:02,24599.4,24589.2,150,24599.4,150,0,9900
NIFTY-III.NFO,25/04/2025,09:42:03,24599.4,24589.2,150,24600.1,450,0,9900
NIFTY-III.NFO,25/04/2025,09:42:05,24599.4,24589.2,150,24599.9,300,0,9900
NIFTY-III.NFO,25/04/2025,09:42:07,24599.4,24589.2,150,24599.3,300,0,9900
NIFTY-III.NFO,25/04/2025,09:42:08,24599.4,24588.4,150,24598.9,450,0,9900
NIFTY-III.NFO,25/04/2025,09:42:10,24599.4,24586.3,75,24598.6,300,0,9900
NIFTY-III.NFO,25/04/2025,09:42:12,24599.4,24585,150,24595.3,300,0,9900
NIFTY-III.NFO,25/04/2025,09:42:13,24599.4,24584.1,150,24594.3,375,0,9900
NIFTY-III.NFO,25/04/2025,09:42:17,24599.4,24583.5,150,24593.2,375,0,9900
NIFTY-III.NFO,25/04/2025,09:42:18,24599.4,24578.8,150,24592.6,300,0,9900
NIFTY-III.NFO,25/04/2025,09:42:20,24589,24577.2,150,24587.3,300,75,9900
NIFTY-III.NFO,25/04/2025,09:42:22,24589,24577.2,150,24588.6,375,0,9900
NIFTY-III.NFO,25/04/2025,09:42:23,24589,24577.2,150,24588.4,525,0,9900
NIFTY-III.NFO,25/04/2025,09:42:25,24589,24577.2,150,24588.4,375,0,9900
NIFTY-III.NFO,25/04/2025,09:42:27,24589,24577.2,150,24588.2,300,0,9900
NIFTY-III.NFO,25/04/2025,09:42:28,24589,24576.9,150,24586.6,300,0,9900
NIFTY-III.NFO,25/04/2025,09:42:30,24589,24577.5,150,24587.3,375,0,9900
NIFTY-III.NFO,25/04/2025,09:42:32,24589,24575.5,150,24586.4,375,0,9900
NIFTY-III.NFO,25/04/2025,09:42:33,24589,24575,75,24584.5,375,0,9900
NIFTY-III.NFO,25/04/2025,09:42:35,24589,24575,75,24582.1,375,0,9900
NIFTY-III.NFO,25/04/2025,09:42:37,24589,24575,75,24579.5,450,0,9900
NIFTY-III.NFO,25/04/2025,09:42:38,24589,24575,75,24580.3,525,0,9900
NIFTY-III.NFO,25/04/2025,09:42:40,24589,24575,75,24579.6,375,0,9900
NIFTY-III.NFO,25/04/2025,09:42:42,24575,24570,150,24576.8,375,75,9900
NIFTY-III.NFO,25/04/2025,09:42:43,24575,24570,150,24575.2,375,0,9900
NIFTY-III.NFO,25/04/2025,09:42:45,24575,24570,150,24573.6,450,0,9900
NIFTY-III.NFO,25/04/2025,09:42:47,24575,24570.1,225,24578.8,300,0,9900
NIFTY-III.NFO,25/04/2025,09:42:48,24570.1,24570,225,24578.6,375,150,9900
NIFTY-III.NFO,25/04/2025,09:42:50,24570.1,24570,150,24575,75,0,9900
NIFTY-III.NFO,25/04/2025,09:42:52,24570.1,24570,150,24573.8,300,0,9900
NIFTY-III.NFO,25/04/2025,09:42:53,24567,24563.4,75,24573.6,300,300,9900
NIFTY-III.NFO,25/04/2025,09:42:55,24567,24564.3,75,24575.5,75,0,9900
NIFTY-III.NFO,25/04/2025,09:42:57,24567,24567.7,75,24578.4,300,0,9900
NIFTY-III.NFO,25/04/2025,09:42:58,24567,24570,75,24578.5,75,0,9900
NIFTY-III.NFO,25/04/2025,09:43:00,24567,24570.6,450,24580.6,150,0,9900
NIFTY-III.NFO,25/04/2025,09:43:02,24567,24577.9,375,24587.6,75,0,9900
NIFTY-III.NFO,25/04/2025,09:43:03,24567,24583.2,75,24590.5,75,0,9900
NIFTY-III.NFO,25/04/2025,09:43:05,24582.2,24581.9,150,24592.3,300,75,9900
NIFTY-III.NFO,25/04/2025,09:43:07,24582.2,24580.7,75,24592.3,450,0,9900
NIFTY-III.NFO,25/04/2025,09:43:08,24582.2,24579.7,75,24590.7,300,0,9900
NIFTY-III.NFO,25/04/2025,09:43:10,24582.2,24583.3,450,24594.7,150,0,9900
NIFTY-III.NFO,25/04/2025,09:43:12,24582.2,24583.7,150,24594.6,300,0,9900
NIFTY-III.NFO,25/04/2025,09:43:13,24582.2,24585.5,75,24594.5,300,0,9900
NIFTY-III.NFO,25/04/2025,09:43:15,24582.2,24583.7,75,24594.6,300,0,9900
NIFTY-III.NFO,25/04/2025,09:43:17,24582.2,24582.4,75,24592,75,0,9900
NIFTY-III.NFO,25/04/2025,09:43:18,24593.9,24583,75,24593.9,225,75,9900
NIFTY-III.NFO,25/04/2025,09:43:20,24593.9,24581.4,75,24591.4,375,0,9900
NIFTY-III.NFO,25/04/2025,09:43:22,24593.9,24580.1,150,24588.6,450,0,9900
NIFTY-III.NFO,25/04/2025,09:43:23,24593.9,24581.4,75,24593.5,300,0,9900
NIFTY-III.NFO,25/04/2025,09:43:25,24593.9,24580.2,75,24593.5,300,0,9900
NIFTY-III.NFO,25/04/2025,09:43:27,24593.9,24580.2,75,24590.9,300,0,9900
NIFTY-III.NFO,25/04/2025,09:43:28,24593.9,24581.7,75,24593.3,375,0,9900
NIFTY-III.NFO,25/04/2025,09:43:30,24593.9,24587.3,150,24594.5,150,0,9900
NIFTY-III.NFO,25/04/2025,09:43:32,24593.9,24583.3,75,24594.3,300,0,9900
NIFTY-III.NFO,25/04/2025,09:43:33,24593.9,24582.1,75,24592.6,375,0,9900
NIFTY-III.NFO,25/04/2025,09:43:37,24593.9,24582.3,150,24592.6,375,0,9900
NIFTY-III.NFO,25/04/2025,09:43:38,24593.9,24582.3,150,24592.6,450,0,9900
NIFTY-III.NFO,25/04/2025,09:43:40,24593.9,24583.6,75,24593.4,300,0,9900
NIFTY-III.NFO,25/04/2025,09:43:43,24593.9,24582.8,75,24592.4,300,0,9900
NIFTY-III.NFO,25/04/2025,09:43:45,24593.9,24582.8,75,24592.8,75,0,9900
NIFTY-III.NFO,25/04/2025,09:43:47,24593.9,24586,75,24594.8,375,0,9900
NIFTY-III.NFO,25/04/2025,09:43:48,24593.9,24586.6,75,24595.9,375,0,9900
NIFTY-III.NFO,25/04/2025,09:43:50,24593.9,24586.6,150,24595.9,375,0,9900
NIFTY-III.NFO,25/04/2025,09:43:52,24593.9,24587.4,75,24597.1,300,0,9900
NIFTY-III.NFO,25/04/2025,09:43:53,24593.9,24590.3,75,24598.6,300,0,9900
NIFTY-III.NFO,25/04/2025,09:43:55,24593.9,24592.7,75,24601.4,375,0,9900
NIFTY-III.NFO,25/04/2025,09:43:57,24593.9,24590.8,75,24601.1,375,0,9900
NIFTY-III.NFO,25/04/2025,09:43:58,24593.9,24592.8,75,24600.9,300,75,9900
NIFTY-III.NFO,25/04/2025,09:44:00,24593.9,24595,450,24602.6,375,0,9900
NIFTY-III.NFO,25/04/2025,09:44:02,24593.9,24595.9,75,24604.7,300,0,9900
NIFTY-III.NFO,25/04/2025,09:44:03,24593.9,24595,450,24604.7,375,0,9900
NIFTY-III.NFO,25/04/2025,09:44:05,24593.9,24595,375,24603,375,0,9900
NIFTY-III.NFO,25/04/2025,09:44:07,24593.9,24595,375,24599.4,375,0,9900
NIFTY-III.NFO,25/04/2025,09:44:08,24595,24587.2,225,24596.9,450,375,9900
NIFTY-III.NFO,25/04/2025,09:44:10,24595,24588.2,75,24598,375,0,9900
NIFTY-III.NFO,25/04/2025,09:44:12,24595,24590,75,24597.8,375,0,9900
NIFTY-III.NFO,25/04/2025,09:44:13,24595,24590.1,75,24597.8,300,0,9900
NIFTY-III.NFO,25/04/2025,09:44:15,24595,24597.2,75,24597.9,225,0,9900
NIFTY-III.NFO,25/04/2025,09:44:22,24597.9,24597.3,75,24604.9,300,225,9900
NIFTY-III.NFO,25/04/2025,09:44:23,24597.9,24597.3,75,24607.1,375,0,9900
NIFTY-III.NFO,25/04/2025,09:44:25,24597.9,24597.2,75,24604.6,375,0,9900
NIFTY-III.NFO,25/04/2025,09:44:27,24597.9,24597.2,75,24604.4,300,0,9900
NIFTY-III.NFO,25/04/2025,09:44:30,24597.9,24597.2,75,24602.2,375,0,9900
NIFTY-III.NFO,25/04/2025,09:44:32,24597.2,24590,75,24597.9,450,75,9900
NIFTY-III.NFO,25/04/2025,09:44:33,24597.2,24590.1,150,24597.8,375,0,9900
NIFTY-III.NFO,25/04/2025,09:44:35,24597.2,24590.2,150,24600.2,525,0,9900
NIFTY-III.NFO,25/04/2025,09:44:37,24597.2,24590.1,150,24598.9,375,0,9900
NIFTY-III.NFO,25/04/2025,09:44:38,24597.2,24590.1,75,24599.1,450,0,9900
NIFTY-III.NFO,25/04/2025,09:44:40,24597.2,24590.1,75,24596.2,375,0,9900
NIFTY-III.NFO,25/04/2025,09:44:42,24597.2,24590.1,75,24593,450,0,9900
NIFTY-III.NFO,25/04/2025,09:44:43,24597.2,24590,150,24593.9,375,0,9900
NIFTY-III.NFO,25/04/2025,09:44:45,24590,24587.2,150,24590.2,375,150,9900
NIFTY-III.NFO,25/04/2025,09:44:47,24590,24587.2,150,24590.5,300,0,9900
NIFTY-III.NFO,25/04/2025,09:44:48,24590,24590,75,24591.5,375,0,9900
NIFTY-III.NFO,25/04/2025,09:44:50,24590,24587.2,150,24591.2,375,150,9900
NIFTY-III.NFO,25/04/2025,09:44:52,24587.2,24586,150,24586.6,450,150,9900
NIFTY-III.NFO,25/04/2025,09:44:53,24587.2,24586,150,24587.6,75,0,9900
NIFTY-III.NFO,25/04/2025,09:44:55,24587.2,24586,150,24586.7,450,0,9900
NIFTY-III.NFO,25/04/2025,09:44:57,24586.7,24586,150,24586.7,375,75,9900
NIFTY-III.NFO,25/04/2025,09:44:58,24586.7,24586,150,24586.5,450,0,9900
NIFTY-III.NFO,25/04/2025,09:45:00,24586.7,24586,150,24587.3,300,0,9900
NIFTY-III.NFO,25/04/2025,09:45:02,24585.2,24581,75,24584.9,375,225,9900
NIFTY-III.NFO,25/04/2025,09:45:03,24581,24571.9,75,24581,150,75,9900
NIFTY-III.NFO,25/04/2025,09:45:05,24581,24567.8,75,24577.6,300,0,9900
NIFTY-III.NFO,25/04/2025,09:45:07,24581,24560.1,150,24569.8,300,0,9900
NIFTY-III.NFO,25/04/2025,09:45:08,24581,24560.1,150,24569.6,300,0,9900
NIFTY-III.NFO,25/04/2025,09:45:10,24581,24560.1,150,24569.8,75,0,9900
NIFTY-III.NFO,25/04/2025,09:45:12,24560.1,24560.6,75,24573.3,150,150,9900
NIFTY-III.NFO,25/04/2025,09:45:13,24560.1,24565.1,75,24573.6,300,0,9900
NIFTY-III.NFO,25/04/2025,09:45:15,24571.5,24565,75,24571.4,375,75,9900
NIFTY-III.NFO,25/04/2025,09:45:16,24571.5,24565,75,24568,75,0,9900
NIFTY-III.NFO,25/04/2025,09:45:18,24571.5,24565,75,24570.1,75,0,9900
NIFTY-III.NFO,25/04/2025,09:45:20,24571.5,24565,75,24570.1,300,0,9900
NIFTY-III.NFO,25/04/2025,09:45:22,24571.5,24565.1,75,24571.1,150,0,9900
NIFTY-III.NFO,25/04/2025,09:45:23,24571.5,24565.1,150,24573.5,150,0,9900
NIFTY-III.NFO,25/04/2025,09:45:25,24571.5,24565.1,150,24573.5,75,0,9900
NIFTY-III.NFO,25/04/2025,09:45:27,24571.5,24567.2,75,24577.3,150,0,9900
NIFTY-III.NFO,25/04/2025,09:45:28,24571.5,24569.4,75,24580.9,150,0,9900
NIFTY-III.NFO,25/04/2025,09:45:30,24571.5,24571.1,150,24583.1,300,0,9900
NIFTY-III.NFO,25/04/2025,09:45:32,24571.5,24572.9,75,24583.2,75,0,9900
NIFTY-III.NFO,25/04/2025,09:45:33,24571.5,24574.1,150,24585.1,300,0,9900
NIFTY-III.NFO,25/04/2025,09:45:37,24571.5,24576.8,75,24587.4,150,0,9900
NIFTY-III.NFO,25/04/2025,09:45:38,24571.5,24577.6,75,24588.3,300,0,9900
NIFTY-III.NFO,25/04/2025,09:45:40,24571.5,24578.5,75,24589.4,300,0,9900
NIFTY-III.NFO,25/04/2025,09:45:42,24571.5,24578.7,150,24590.3,300,0,9900
NIFTY-III.NFO,25/04/2025,09:45:43,24571.5,24583.3,75,24592.7,150,0,9900
NIFTY-III.NFO,25/04/2025,09:45:45,24571.5,24583.3,75,24593.8,75,0,9900
NIFTY-III.NFO,25/04/2025,09:45:47,24584.8,24584.8,75,24595.6,300,75,10725
NIFTY-III.NFO,25/04/2025,09:45:48,24584.8,24582.5,75,24592.1,375,0,10725
NIFTY-III.NFO,25/04/2025,09:45:50,24584.8,24581.7,75,24592,300,0,10725
NIFTY-III.NFO,25/04/2025,09:45:52,24584.8,24580.5,75,24591.3,375,0,10725
NIFTY-III.NFO,25/04/2025,09:45:53,24588.3,24576.7,75,24588.3,300,75,10725
NIFTY-III.NFO,25/04/2025,09:45:55,24588.3,24577.2,75,24588,300,0,10725
NIFTY-III.NFO,25/04/2025,09:45:57,24580,24577.2,75,24584.8,150,75,10725
NIFTY-III.NFO,25/04/2025,09:45:58,24580,24575,225,24584.7,300,0,10725
NIFTY-III.NFO,25/04/2025,09:46:00,24580,24575,225,24584.1,375,0,10725
NIFTY-III.NFO,25/04/2025,09:46:02,24580,24575,150,24578.9,450,0,10725
NIFTY-III.NFO,25/04/2025,09:46:03,24580,24575,150,24578.6,375,0,10725
NIFTY-III.NFO,25/04/2025,09:46:05,24575,24565.2,75,24576.1,375,150,10725
NIFTY-III.NFO,25/04/2025,09:46:07,24575,24565.2,75,24576,300,0,10725
NIFTY-III.NFO,25/04/2025,09:46:08,24575,24565.1,150,24575.5,300,0,10725
NIFTY-III.NFO,25/04/2025,09:46:10,24575,24565.2,75,24576.5,300,0,10725
NIFTY-III.NFO,25/04/2025,09:46:12,24575,24568.5,150,24575,150,0,10725
NIFTY-III.NFO,25/04/2025,09:46:13,24575,24570.3,75,24575,150,0,10725
NIFTY-III.NFO,25/04/2025,09:46:15,24575,24569.2,75,24575,150,0,10725
NIFTY-III.NFO,25/04/2025,09:46:17,24575,24572,75,24574.9,75,0,10725
NIFTY-III.NFO,25/04/2025,09:46:18,24575,24572.3,75,24574.9,75,0,10725
NIFTY-III.NFO,25/04/2025,09:46:20,24575,24570.6,75,24574.9,75,0,10725
NIFTY-III.NFO,25/04/2025,09:46:22,24575,24569,75,24574.9,75,0,10725
NIFTY-III.NFO,25/04/2025,09:46:23,24575,24570.1,75,24574.9,75,0,10725
NIFTY-III.NFO,25/04/2025,09:46:25,24575,24571.3,75,24574.9,75,0,10725
NIFTY-III.NFO,25/04/2025,09:46:27,24575,24572.7,75,24584.2,375,225,10725
NIFTY-III.NFO,25/04/2025,09:46:28,24573.9,24575.5,75,24586.2,375,450,10725
NIFTY-III.NFO,25/04/2025,09:46:30,24573.9,24575.9,75,24586.2,375,0,10725
NIFTY-III.NFO,25/04/2025,09:46:32,24573.9,24575,75,24584.7,375,0,10725
NIFTY-III.NFO,25/04/2025,09:46:33,24573.9,24575,150,24583.2,375,0,10725
NIFTY-III.NFO,25/04/2025,09:46:35,24573.9,24575,150,24584.5,375,0,10725
NIFTY-III.NFO,25/04/2025,09:46:37,24573.9,24575,75,24582.1,375,0,10725
NIFTY-III.NFO,25/04/2025,09:46:38,24573.9,24575,75,24583.2,375,0,10725
NIFTY-III.NFO,25/04/2025,09:46:40,24573.9,24575,75,24579.3,375,0,10725
NIFTY-III.NFO,25/04/2025,09:46:42,24575,24565.9,75,24576.6,375,75,10725
NIFTY-III.NFO,25/04/2025,09:46:43,24575,24565,75,24576.1,300,0,10725
NIFTY-III.NFO,25/04/2025,09:46:45,24575,24565,75,24570.2,375,0,10725
NIFTY-III.NFO,25/04/2025,09:46:47,24565,24560,150,24566.3,375,75,10725
NIFTY-III.NFO,25/04/2025,09:46:48,24565,24560,225,24569.3,375,0,10725
NIFTY-III.NFO,25/04/2025,09:46:50,24565,24565,150,24572.9,375,0,10725
NIFTY-III.NFO,25/04/2025,09:46:52,24565,24565,75,24572.9,375,0,10725
NIFTY-III.NFO,25/04/2025,09:46:53,24565,24565,75,24574.9,375,0,10725
NIFTY-III.NFO,25/04/2025,09:46:55,24565,24565,75,24565.4,375,0,10725
NIFTY-III.NFO,25/04/2025,09:46:57,24565,24561,75,24563.5,300,75,10725
NIFTY-III.NFO,25/04/2025,09:46:58,24565,24561,75,24561.8,375,0,10725
NIFTY-III.NFO,25/04/2025,09:47:00,24561,24560,75,24563.7,375,75,10725
NIFTY-III.NFO,25/04/2025,09:47:02,24561,24560,75,24562.3,375,0,10725
NIFTY-III.NFO,25/04/2025,09:47:03,24561,24560,75,24563.6,300,0,10725
NIFTY-III.NFO,25/04/2025,09:47:07,24561,24560,75,24563.6,375,0,10725
NIFTY-III.NFO,25/04/2025,09:47:08,24561,24560,75,24563.6,300,0,10725
NIFTY-III.NFO,25/04/2025,09:47:10,24561,24558,150,24563.7,75,0,10725
NIFTY-III.NFO,25/04/2025,09:47:13,24561,24558,75,24563.6,300,0,10725
NIFTY-III.NFO,25/04/2025,09:47:15,24561,24558,75,24559.9,75,0,10725
NIFTY-III.NFO,25/04/2025,09:47:18,24555,24555,75,24559.8,75,150,10725
NIFTY-III.NFO,25/04/2025,09:47:20,24555,24555,75,24559.8,75,0,10725
NIFTY-III.NFO,25/04/2025,09:47:22,24555,24555,75,24559.9,75,0,10725
NIFTY-III.NFO,25/04/2025,09:47:23,24555,24554,225,24559.9,75,75,10725
NIFTY-III.NFO,25/04/2025,09:47:25,24555,24554,225,24559.9,75,0,10725
NIFTY-III.NFO,25/04/2025,09:47:30,24555,24554,225,24559.9,150,0,10725
NIFTY-III.NFO,25/04/2025,09:47:33,24555,24554,150,24559.9,150,0,10725
NIFTY-III.NFO,25/04/2025,09:47:37,24555,24554,150,24559.8,375,0,10725
NIFTY-III.NFO,25/04/2025,09:47:38,24555,24554,150,24559.9,375,0,10725
NIFTY-III.NFO,25/04/2025,09:47:40,24555,24554,225,24559.9,150,0,10725
NIFTY-III.NFO,25/04/2025,09:47:42,24555,24554,150,24559.2,75,0,10725
NIFTY-III.NFO,25/04/2025,09:47:43,24555,24554,150,24559,300,0,10725
NIFTY-III.NFO,25/04/2025,09:47:45,24554,24550,225,24555.3,300,150,10725
NIFTY-III.NFO,25/04/2025,09:47:47,24554,24550,225,24555,300,0,10725
NIFTY-III.NFO,25/04/2025,09:47:48,24550,24545,75,24549,375,225,10725
NIFTY-III.NFO,25/04/2025,09:47:50,24550,24545,75,24550.5,375,0,10725
NIFTY-III.NFO,25/04/2025,09:47:52,24550,24545,75,24546.9,450,0,10725
NIFTY-III.NFO,25/04/2025,09:47:53,24545,24535.4,75,24546.3,300,75,10725
NIFTY-III.NFO,25/04/2025,09:47:55,24545,24534.2,75,24545.2,300,0,10725
NIFTY-III.NFO,25/04/2025,09:47:57,24544.4,24534,75,24544.4,300,75,10725
NIFTY-III.NFO,25/04/2025,09:47:58,24544.4,24533.7,75,24542.9,450,0,10725
NIFTY-III.NFO,25/04/2025,09:48:00,24544.4,24532.3,75,24542.9,450,0,10725
NIFTY-III.NFO,25/04/2025,09:48:02,24541.3,24530.9,75,24541.3,225,75,10725
NIFTY-III.NFO,25/04/2025,09:48:03,24541.3,24532.4,75,24543.8,300,0,10725
NIFTY-III.NFO,25/04/2025,09:48:05,24541.3,24534,150,24545.3,375,0,10725
NIFTY-III.NFO,25/04/2025,09:48:07,24541.3,24532.9,75,24543.1,375,0,10725
NIFTY-III.NFO,25/04/2025,09:48:08,24544.4,24534.2,75,24546.5,300,75,10725
NIFTY-III.NFO,25/04/2025,09:48:10,24544.4,24538,75,24547.6,375,0,10725
NIFTY-III.NFO,25/04/2025,09:48:12,24544.4,24538,75,24546.7,450,0,10725
NIFTY-III.NFO,25/04/2025,09:48:13,24544.4,24537.8,75,24546.6,375,0,10725
NIFTY-III.NFO,25/04/2025,09:48:15,24544.4,24537.8,75,24546.2,150,0,10725
NIFTY-III.NFO,25/04/2025,09:48:17,24544.4,24539.4,75,24551,75,0,10725
NIFTY-III.NFO,25/04/2025,09:48:18,24544.4,24545.5,150,24554.2,75,0,10725
NIFTY-III.NFO,25/04/2025,09:48:20,24544.4,24545.5,150,24554,300,0,10725
NIFTY-III.NFO,25/04/2025,09:48:22,24544.4,24548.8,150,24557.2,75,0,10725
NIFTY-III.NFO,25/04/2025,09:48:23,24544.4,24549.2,150,24558.1,300,0,10725
NIFTY-III.NFO,25/04/2025,09:48:25,24544.4,24546.9,75,24555.4,450,0,10725
NIFTY-III.NFO,25/04/2025,09:48:27,24544.4,24546.9,75,24555.3,300,0,10725
NIFTY-III.NFO,25/04/2025,09:48:28,24544.4,24547.4,150,24554.9,75,0,10725
NIFTY-III.NFO,25/04/2025,09:48:30,24544.4,24543.4,75,24554.8,300,0,10725
NIFTY-III.NFO,25/04/2025,09:48:32,24544.4,24540.2,150,24549.2,375,0,10725
NIFTY-III.NFO,25/04/2025,09:48:33,24552.5,24540.2,150,24552.8,75,75,11700
NIFTY-III.NFO,25/04/2025,09:48:35,24552.5,24548.3,150,24554.5,75,0,11700
NIFTY-III.NFO,25/04/2025,09:48:37,24552.5,24549.6,75,24554.5,75,0,11700
NIFTY-III.NFO,25/04/2025,09:48:38,24552.5,24546.9,150,24554.5,75,0,11700
NIFTY-III.NFO,25/04/2025,09:48:42,24552.5,24550.8,150,24558.4,375,0,11700
NIFTY-III.NFO,25/04/2025,09:48:43,24552.5,24554.5,75,24560.4,75,0,11700
NIFTY-III.NFO,25/04/2025,09:48:45,24552.5,24552.5,150,24560.3,375,0,11700
NIFTY-III.NFO,25/04/2025,09:48:47,24552.5,24552.5,75,24560.3,375,0,11700
NIFTY-III.NFO,25/04/2025,09:48:48,24552.5,24552.5,75,24558.3,450,0,11700
NIFTY-III.NFO,25/04/2025,09:48:50,24552.5,24552.5,75,24554.8,375,0,11700
NIFTY-III.NFO,25/04/2025,09:48:52,24552.5,24545.4,150,24554.8,450,75,11700
NIFTY-III.NFO,25/04/2025,09:48:53,24552.5,24550,150,24555.9,375,0,11700
NIFTY-III.NFO,25/04/2025,09:48:55,24552.5,24552.5,75,24555.9,375,0,11700
NIFTY-III.NFO,25/04/2025,09:48:57,24552.5,24552.5,150,24555.9,375,0,11700
NIFTY-III.NFO,25/04/2025,09:48:58,24552.5,24552.5,150,24553,450,0,11700
NIFTY-III.NFO,25/04/2025,09:49:00,24545.4,24545.4,150,24553.4,450,375,11700
NIFTY-III.NFO,25/04/2025,09:49:02,24545.4,24543.8,75,24553.4,450,0,11700
NIFTY-III.NFO,25/04/2025,09:49:03,24545.4,24540.6,75,24551,375,0,11700
NIFTY-III.NFO,25/04/2025,09:49:05,24545.4,24540.3,75,24547.1,375,0,11700
NIFTY-III.NFO,25/04/2025,09:49:07,24545.4,24540.1,150,24548,375,0,11700
NIFTY-III.NFO,25/04/2025,09:49:08,24545.4,24540.4,150,24548.6,450,0,11700
NIFTY-III.NFO,25/04/2025,09:49:10,24545.4,24540.4,150,24548.6,150,0,11700
NIFTY-III.NFO,25/04/2025,09:49:12,24545.4,24541.2,150,24549.9,375,0,11700
NIFTY-III.NFO,25/04/2025,09:49:13,24545.4,24541.3,150,24549.9,375,0,11700
NIFTY-III.NFO,25/04/2025,09:49:17,24545.4,24540.1,150,24548.9,375,0,11700
NIFTY-III.NFO,25/04/2025,09:49:18,24545.4,24540,150,24546.7,375,0,11700
NIFTY-III.NFO,25/04/2025,09:49:20,24545.4,24540.1,150,24548.8,75,0,11700
NIFTY-III.NFO,25/04/2025,09:49:22,24545.4,24540.4,75,24548.7,450,0,11700
NIFTY-III.NFO,25/04/2025,09:49:23,24545.4,24540,225,24547.3,450,0,11700
NIFTY-III.NFO,25/04/2025,09:49:25,24545.4,24540,150,24548.2,375,0,11700
NIFTY-III.NFO,25/04/2025,09:49:27,24545.4,24540,150,24542.6,75,0,11700
NIFTY-III.NFO,25/04/2025,09:49:28,24545.4,24540,150,24542.5,375,0,11700
NIFTY-III.NFO,25/04/2025,09:49:30,24545.4,24540,150,24542,375,0,11700
NIFTY-III.NFO,25/04/2025,09:49:32,24545.4,24540,150,24542.6,450,0,11700
NIFTY-III.NFO,25/04/2025,09:49:34,24545.4,24540,150,24541.2,450,0,11700
NIFTY-III.NFO,25/04/2025,09:49:35,24543.7,24540,150,24544.4,375,75,11700
NIFTY-III.NFO,25/04/2025,09:49:37,24540,24540,75,24544.7,450,75,11700
NIFTY-III.NFO,25/04/2025,09:49:39,24540,24540,75,24544.6,375,0,11700
NIFTY-III.NFO,25/04/2025,09:49:40,24540,24540,75,24541.1,450,0,11700
NIFTY-III.NFO,25/04/2025,09:49:42,24540,24540,75,24542.3,300,0,11700
NIFTY-III.NFO,25/04/2025,09:49:44,24540,24540,75,24541.3,75,0,11700
NIFTY-III.NFO,25/04/2025,09:49:45,24540,24540,75,24542.6,75,0,11700
NIFTY-III.NFO,25/04/2025,09:49:47,24540,24540,75,24543,375,0,11700
NIFTY-III.NFO,25/04/2025,09:49:49,24541.8,24540,75,24540.2,300,150,11700
NIFTY-III.NFO,25/04/2025,09:49:50,24541.8,24540,75,24540.7,300,0,11700
NIFTY-III.NFO,25/04/2025,09:49:52,24540,24530.9,75,24539.7,375,75,11700
NIFTY-III.NFO,25/04/2025,09:49:54,24540,24536.3,150,24540,75,0,11700
NIFTY-III.NFO,25/04/2025,09:49:55,24540,24535.1,225,24540,75,0,11700
NIFTY-III.NFO,25/04/2025,09:49:57,24540,24533.8,225,24540,75,0,11700
NIFTY-III.NFO,25/04/2025,09:49:59,24540,24537.9,150,24545.9,75,75,11700
NIFTY-III.NFO,25/04/2025,09:50:00,24540,24536.1,150,24544.3,300,0,11700
NIFTY-III.NFO,25/04/2025,09:50:02,24533.9,24533.7,75,24541.2,75,75,11700
NIFTY-III.NFO,25/04/2025,09:50:04,24533.9,24536.8,75,24545,75,0,11700
NIFTY-III.NFO,25/04/2025,09:50:05,24533.9,24540.4,75,24544.9,75,0,11700
NIFTY-III.NFO,25/04/2025,09:50:07,24533.9,24540.5,150,24545,75,0,11700
NIFTY-III.NFO,25/04/2025,09:50:09,24533.9,24540.4,75,24545,75,0,11700
NIFTY-III.NFO,25/04/2025,09:50:10,24533.9,24540.4,75,24544.7,375,0,11700
NIFTY-III.NFO,25/04/2025,09:50:12,24533.9,24540.4,75,24543.1,300,0,11700
NIFTY-III.NFO,25/04/2025,09:50:15,24540.4,24532.3,150,24540.3,300,75,11700
NIFTY-III.NFO,25/04/2025,09:50:17,24540.4,24530.6,75,24539.2,300,0,11700
NIFTY-III.NFO,25/04/2025,09:50:18,24530,24520,75,24527,450,75,11700
NIFTY-III.NFO,25/04/2025,09:50:20,24530,24520,75,24526,450,0,11700
NIFTY-III.NFO,25/04/2025,09:50:22,24530,24520,150,24526.7,300,0,11700
NIFTY-III.NFO,25/04/2025,09:50:23,24530,24520.1,75,24528.1,450,0,11700
NIFTY-III.NFO,25/04/2025,09:50:25,24530,24520,75,24528,375,0,11700
NIFTY-III.NFO,25/04/2025,09:50:27,24520,24514.7,150,24524.2,75,75,11700
NIFTY-III.NFO,25/04/2025,09:50:28,24520,24520.1,75,24528.7,300,0,11700
NIFTY-III.NFO,25/04/2025,09:50:30,24520,24520.9,150,24528.7,300,0,11700
NIFTY-III.NFO,25/04/2025,09:50:32,24520,24521.1,150,24527.9,375,0,11700
NIFTY-III.NFO,25/04/2025,09:50:33,24520,24519.4,75,24527.9,450,0,11700
NIFTY-III.NFO,25/04/2025,09:50:35,24520,24518.5,150,24526,375,0,11700
NIFTY-III.NFO,25/04/2025,09:50:37,24520,24517.3,150,24525.6,375,0,11700
NIFTY-III.NFO,25/04/2025,09:50:38,24520,24515,75,24523.2,375,0,11700
NIFTY-III.NFO,25/04/2025,09:50:40,24520,24512.8,225,24522.1,375,0,11700
NIFTY-III.NFO,25/04/2025,09:50:42,24520,24516.4,225,24523.8,75,0,11700
NIFTY-III.NFO,25/04/2025,09:50:43,24520,24517.1,75,24525.2,375,0,11700
NIFTY-III.NFO,25/04/2025,09:50:45,24520,24518.8,150,24526.1,300,0,11700
NIFTY-III.NFO,25/04/2025,09:50:47,24520,24518.8,150,24527.9,300,150,11700
NIFTY-III.NFO,25/04/2025,09:50:48,24520,24519.5,75,24528,375,0,11700
NIFTY-III.NFO,25/04/2025,09:50:50,24528,24521.3,225,24528,300,75,11700
NIFTY-III.NFO,25/04/2025,09:50:52,24528,24528.7,75,24536.4,75,300,11700
NIFTY-III.NFO,25/04/2025,09:50:53,24528,24527.4,150,24534.3,75,0,11700
NIFTY-III.NFO,25/04/2025,09:50:55,24528,24524.1,225,24535.6,375,0,11700
NIFTY-III.NFO,25/04/2025,09:50:57,24528,24528.9,75,24537.1,75,0,11700
NIFTY-III.NFO,25/04/2025,09:50:58,24528,24531.6,75,24539.3,375,0,11700
NIFTY-III.NFO,25/04/2025,09:51:00,24528,24530.5,75,24539.4,375,0,11700
NIFTY-III.NFO,25/04/2025,09:51:02,24528,24530.5,75,24538.3,300,0,11700
NIFTY-III.NFO,25/04/2025,09:51:03,24528,24530.5,75,24538.4,300,0,11700
NIFTY-III.NFO,25/04/2025,09:51:05,24528,24527.2,150,24535.7,375,0,11700
NIFTY-III.NFO,25/04/2025,09:51:07,24528,24522.3,75,24532.8,300,0,11700
NIFTY-III.NFO,25/04/2025,09:51:08,24528,24522.3,75,24529.7,300,0,11700
NIFTY-III.NFO,25/04/2025,09:51:10,24528,24524.3,150,24533.8,375,0,11700
NIFTY-III.NFO,25/04/2025,09:51:12,24528,24525.8,75,24533.8,300,0,11700
NIFTY-III.NFO,25/04/2025,09:51:13,24528,24526.3,75,24534.5,375,0,11700
NIFTY-III.NFO,25/04/2025,09:51:15,24528,24526.5,225,24528,75,0,11700
NIFTY-III.NFO,25/04/2025,09:51:16,24535.7,24528.1,75,24536.5,300,150,11700
NIFTY-III.NFO,25/04/2025,09:51:18,24535.7,24528.1,75,24536.5,300,0,11700
NIFTY-III.NFO,25/04/2025,09:51:20,24535.7,24528.1,75,24540.1,300,0,11700
NIFTY-III.NFO,25/04/2025,09:51:21,24535.7,24533.5,75,24541.5,375,0,11700
NIFTY-III.NFO,25/04/2025,09:51:23,24541.3,24531.9,150,24540.8,225,750,12375
NIFTY-III.NFO,25/04/2025,09:51:25,24541.3,24531.9,150,24541.8,225,0,12375
NIFTY-III.NFO,25/04/2025,09:51:26,24541.3,24531.8,75,24540.1,225,0,12375
NIFTY-III.NFO,25/04/2025,09:51:28,24541.3,24531.9,150,24542,150,0,12375
NIFTY-III.NFO,25/04/2025,09:51:30,24541.3,24533.4,150,24544,75,0,12375
NIFTY-III.NFO,25/04/2025,09:51:31,24541.3,24535.1,150,24545,225,0,12375
NIFTY-III.NFO,25/04/2025,09:51:33,24541.3,24535.1,150,24544.7,225,0,12375
NIFTY-III.NFO,25/04/2025,09:51:35,24541.3,24533.4,150,24545.1,75,0,12375
NIFTY-III.NFO,25/04/2025,09:51:36,24541.3,24530.4,225,24540,150,0,12375
NIFTY-III.NFO,25/04/2025,09:51:38,24541.3,24534.6,150,24544.3,225,0,12375
NIFTY-III.NFO,25/04/2025,09:51:40,24541.3,24532,150,24539.9,150,0,12375
NIFTY-III.NFO,25/04/2025,09:51:41,24541.3,24534.3,75,24539.9,150,0,12375
NIFTY-III.NFO,25/04/2025,09:51:43,24541.3,24533.8,225,24540,75,0,12375
NIFTY-III.NFO,25/04/2025,09:51:45,24541.3,24534.2,75,24540,75,0,12375
NIFTY-III.NFO,25/04/2025,09:51:46,24541.3,24533.8,225,24539.9,75,0,12375
NIFTY-III.NFO,25/04/2025,09:51:50,24541.3,24533.8,225,24540,75,0,12375
NIFTY-III.NFO,25/04/2025,09:51:52,24541.3,24533.8,150,24537.8,225,0,12375
NIFTY-III.NFO,25/04/2025,09:51:53,24533.8,24527.5,75,24536.6,300,225,12375
NIFTY-III.NFO,25/04/2025,09:51:55,24533.8,24523.6,150,24533.3,75,0,12375
NIFTY-III.NFO,25/04/2025,09:51:57,24533.8,24525.3,150,24532.3,75,0,12375
NIFTY-III.NFO,25/04/2025,09:51:58,24533.8,24526.2,150,24536.5,150,0,12375
NIFTY-III.NFO,25/04/2025,09:52:00,24533.8,24525.3,150,24533.2,150,0,12375
NIFTY-III.NFO,25/04/2025,09:52:02,24533.8,24525.4,150,24536.4,225,0,12375
NIFTY-III.NFO,25/04/2025,09:52:03,24536.1,24525.9,150,24536,75,75,12375
NIFTY-III.NFO,25/04/2025,09:52:05,24536.1,24525.9,225,24536.6,75,0,12375
NIFTY-III.NFO,25/04/2025,09:52:07,24536.1,24527.7,150,24537.4,150,0,12375
NIFTY-III.NFO,25/04/2025,09:52:08,24536.1,24527.7,150,24538.5,75,0,12375
NIFTY-III.NFO,25/04/2025,09:52:10,24536.1,24530,75,24539.8,75,0,12375
NIFTY-III.NFO,25/04/2025,09:52:12,24536.1,24527.7,150,24537.7,150,0,12375
NIFTY-III.NFO,25/04/2025,09:52:13,24536.1,24529.7,150,24539.8,150,0,12375
NIFTY-III.NFO,25/04/2025,09:52:15,24540,24535.6,150,24545.1,75,75,12375
NIFTY-III.NFO,25/04/2025,09:52:17,24540,24536.9,150,24545.7,75,0,12375
NIFTY-III.NFO,25/04/2025,09:52:18,24540,24536.1,225,24545.4,75,0,12375
NIFTY-III.NFO,25/04/2025,09:52:20,24540,24533.9,225,24545.4,75,0,12375
NIFTY-III.NFO,25/04/2025,09:52:22,24540,24535.8,150,24545.4,75,0,12375
NIFTY-III.NFO,25/04/2025,09:52:23,24540,24534,150,24544.7,75,0,12375
NIFTY-III.NFO,25/04/2025,09:52:25,24540,24529.7,150,24540.1,225,0,12375
NIFTY-III.NFO,25/04/2025,09:52:27,24540,24526.1,225,24536.4,150,0,12375
NIFTY-III.NFO,25/04/2025,09:52:28,24540,24523.9,150,24533.3,225,0,12375
NIFTY-III.NFO,25/04/2025,09:52:30,24540,24521.8,150,24531.2,75,0,12375
NIFTY-III.NFO,25/04/2025,09:52:32,24540,24520.4,150,24530.6,150,0,12375
NIFTY-III.NFO,25/04/2025,09:52:33,24529.5,24520.6,150,24530.3,150,75,12375
NIFTY-III.NFO,25/04/2025,09:52:35,24531.5,24521.9,150,24532.1,75,150,12375
NIFTY-III.NFO,25/04/2025,09:52:37,24531.5,24521.9,150,24530.9,75,0,12375
NIFTY-III.NFO,25/04/2025,09:52:38,24531.5,24521.5,225,24533.2,75,0,12375
NIFTY-III.NFO,25/04/2025,09:52:42,24531.5,24521.5,225,24532.5,75,0,12375
NIFTY-III.NFO,25/04/2025,09:52:43,24531.5,24520.6,150,24531.3,75,0,12375
NIFTY-III.NFO,25/04/2025,09:52:45,24531.5,24520,75,24528,75,0,12375
NIFTY-III.NFO,25/04/2025,09:52:48,24531.5,24520,75,24526.2,75,0,12375
NIFTY-III.NFO,25/04/2025,09:52:50,24531.5,24520,75,24526.7,75,0,12375
NIFTY-III.NFO,25/04/2025,09:52:52,24531.5,24520,75,24526.3,150,0,12375
NIFTY-III.NFO,25/04/2025,09:52:53,24531.5,24520,75,24525.1,150,0,12375
NIFTY-III.NFO,25/04/2025,09:52:55,24531.5,24520,75,24524.3,150,0,12375
NIFTY-III.NFO,25/04/2025,09:52:57,24531.5,24522,75,24525.2,150,0,12375
NIFTY-III.NFO,25/04/2025,09:52:58,24531.5,24522,75,24523.9,75,0,12375
NIFTY-III.NFO,25/04/2025,09:53:00,24531.5,24522,75,24523.3,75,0,12375
NIFTY-III.NFO,25/04/2025,09:53:02,24531.5,24522,75,24527.8,75,0,12375
NIFTY-III.NFO,25/04/2025,09:53:03,24528.7,24522,150,24528.8,150,75,12375
NIFTY-III.NFO,25/04/2025,09:53:05,24528.7,24524.1,150,24531.5,225,0,12375
NIFTY-III.NFO,25/04/2025,09:53:08,24528.7,24525,150,24531.5,225,0,12375
NIFTY-III.NFO,25/04/2025,09:53:10,24528.7,24524,75,24531.5,300,0,12375
NIFTY-III.NFO,25/04/2025,09:53:12,24524,24520,75,24525.2,150,75,12375
NIFTY-III.NFO,25/04/2025,09:53:13,24520,24515.5,150,24525.2,75,75,12375
NIFTY-III.NFO,25/04/2025,09:53:15,24520,24515.9,150,24526,150,0,12375
NIFTY-III.NFO,25/04/2025,09:53:17,24520,24515.9,150,24528.3,150,0,12375
NIFTY-III.NFO,25/04/2025,09:53:19,24520,24515.9,150,24526.1,150,0,12375
NIFTY-III.NFO,25/04/2025,09:53:20,24520,24515.9,150,24526.1,75,0,12375
NIFTY-III.NFO,25/04/2025,09:53:22,24520,24515.9,150,24526.1,150,0,12375
NIFTY-III.NFO,25/04/2025,09:53:24,24520,24513.8,150,24524.4,225,0,12375
NIFTY-III.NFO,25/04/2025,09:53:25,24520,24513.6,150,24520,75,0,12375
NIFTY-III.NFO,25/04/2025,09:53:27,24513.6,24513.9,150,24520,75,75,12375
NIFTY-III.NFO,25/04/2025,09:53:30,24525,24521.2,150,24528.7,75,225,12375
NIFTY-III.NFO,25/04/2025,09:53:32,24525,24521.2,150,24528.7,75,0,12375
NIFTY-III.NFO,25/04/2025,09:53:34,24525,24521,150,24528.7,75,0,12375
NIFTY-III.NFO,25/04/2025,09:53:35,24525,24518.6,150,24526.9,75,0,12375
NIFTY-III.NFO,25/04/2025,09:53:37,24525,24522.2,150,24528.7,75,0,12375
NIFTY-III.NFO,25/04/2025,09:53:39,24522.2,24521.3,150,24528.7,75,150,12375
NIFTY-III.NFO,25/04/2025,09:53:40,24521.3,24520,225,24528.2,150,150,12375
NIFTY-III.NFO,25/04/2025,09:53:42,24521.3,24520.3,225,24528.7,150,0,12375
NIFTY-III.NFO,25/04/2025,09:53:44,24521.3,24525.1,150,24528.7,75,0,12375
NIFTY-III.NFO,25/04/2025,09:53:45,24525,24523,150,24528.7,75,75,12375
NIFTY-III.NFO,25/04/2025,09:53:47,24525,24520.3,150,24528.1,150,0,12375
NIFTY-III.NFO,25/04/2025,09:53:49,24525,24517.9,225,24524.7,75,0,12375
NIFTY-III.NFO,25/04/2025,09:53:50,24525,24517.8,75,24525.7,300,0,12375
NIFTY-III.NFO,25/04/2025,09:53:52,24525,24515.1,225,24525.7,300,0,12375
NIFTY-III.NFO,25/04/2025,09:53:54,24525,24516.9,150,24525.7,300,0,12375
NIFTY-III.NFO,25/04/2025,09:53:55,24525,24515.6,225,24527.3,150,0,12375
NIFTY-III.NFO,25/04/2025,09:53:57,24525,24518.8,150,24526.8,225,0,12375
NIFTY-III.NFO,25/04/2025,09:53:59,24525,24520.1,225,24528.1,75,0,12375
NIFTY-III.NFO,25/04/2025,09:54:00,24525,24523.4,150,24528.7,75,0,12375
NIFTY-III.NFO,25/04/2025,09:54:02,24525,24521.3,150,24527.2,75,0,12375
NIFTY-III.NFO,25/04/2025,09:54:04,24525,24522.9,225,24528.4,75,0,12375
NIFTY-III.NFO,25/04/2025,09:54:05,24525,24519.4,150,24526.4,75,0,12375
NIFTY-III.NFO,25/04/2025,09:54:07,24525,24519.4,150,24527.6,75,0,12375
NIFTY-III.NFO,25/04/2025,09:54:09,24525,24520.9,225,24526.5,225,0,12375
NIFTY-III.NFO,25/04/2025,09:54:10,24525,24519.6,225,24526.5,300,0,12375
NIFTY-III.NFO,25/04/2025,09:54:12,24525,24519.7,150,24526.5,75,0,12375
NIFTY-III.NFO,25/04/2025,09:54:15,24525,24524,75,24525.7,75,0,12375
NIFTY-III.NFO,25/04/2025,09:54:17,24525.5,24524,75,24528.6,150,75,12375
NIFTY-III.NFO,25/04/2025,09:54:18,24525.5,24524,75,24525.4,75,0,12375
NIFTY-III.NFO,25/04/2025,09:54:20,24524,24520.2,150,24528.6,150,75,13200
NIFTY-III.NFO,25/04/2025,09:54:22,24524,24523.5,150,24528.7,75,0,13200
NIFTY-III.NFO,25/04/2025,09:54:23,24528.7,24523.5,150,24531.6,150,75,13200
NIFTY-III.NFO,25/04/2025,09:54:25,24528.7,24523.5,150,24531.9,75,0,13200
NIFTY-III.NFO,25/04/2025,09:54:27,24528.7,24521.9,225,24530.7,150,0,13200
NIFTY-III.NFO,25/04/2025,09:54:28,24528.7,24523.3,225,24531,150,0,13200
NIFTY-III.NFO,25/04/2025,09:54:30,24528.7,24522.2,150,24530.9,150,0,13200
NIFTY-III.NFO,25/04/2025,09:54:32,24528.7,24520.5,150,24529.6,75,0,13200
NIFTY-III.NFO,25/04/2025,09:54:33,24528.7,24518.1,225,24525.4,150,0,13200
NIFTY-III.NFO,25/04/2025,09:54:37,24528.7,24512.9,150,24525.3,150,0,13200
NIFTY-III.NFO,25/04/2025,09:54:38,24528.7,24511.6,225,24520.1,150,0,13200
NIFTY-III.NFO,25/04/2025,09:54:40,24528.7,24511.7,225,24519.8,150,0,13200
NIFTY-III.NFO,25/04/2025,09:54:42,24528.7,24510.5,225,24518.2,150,0,13200
NIFTY-III.NFO,25/04/2025,09:54:43,24528.7,24510.1,150,24516.4,150,0,13200
NIFTY-III.NFO,25/04/2025,09:54:45,24528.7,24510,1800,24515.8,150,0,13200
NIFTY-III.NFO,25/04/2025,09:54:47,24528.7,24510,1875,24513.8,150,0,13200
NIFTY-III.NFO,25/04/2025,09:54:48,24510,24510,825,24511.4,75,1050,13200
NIFTY-III.NFO,25/04/2025,09:54:50,24510,24510,600,24511.4,75,225,13200
NIFTY-III.NFO,25/04/2025,09:54:52,24510,24510,600,24511.4,150,0,13200
NIFTY-III.NFO,25/04/2025,09:54:53,24510,24505,75,24510.1,150,600,13200
NIFTY-III.NFO,25/04/2025,09:54:55,24510,24505,75,24511.5,150,0,13200
NIFTY-III.NFO,25/04/2025,09:54:57,24505,24502,150,24511.5,150,75,13200
NIFTY-III.NFO,25/04/2025,09:54:58,24505,24502,75,24509.3,150,0,13200
NIFTY-III.NFO,25/04/2025,09:55:00,24505,24502.1,225,24509.9,150,0,13200
NIFTY-III.NFO,25/04/2025,09:55:02,24502.1,24502,75,24508.4,150,75,13200
NIFTY-III.NFO,25/04/2025,09:55:03,24502.1,24502.1,225,24509.1,75,0,13200
NIFTY-III.NFO,25/04/2025,09:55:05,24502.1,24502.1,225,24509.3,150,0,13200
NIFTY-III.NFO,25/04/2025,09:55:07,24509.3,24502.1,225,24510,75,75,13200
NIFTY-III.NFO,25/04/2025,09:55:08,24502.1,24502.1,75,24509.9,75,75,13200
NIFTY-III.NFO,25/04/2025,09:55:10,24502.1,24502,75,24509.9,75,0,13200
NIFTY-III.NFO,25/04/2025,09:55:12,24502.1,24502,75,24506.6,75,0,13200
NIFTY-III.NFO,25/04/2025,09:55:13,24502.1,24502,75,24504.9,150,0,13200
NIFTY-III.NFO,25/04/2025,09:55:15,24506.2,24502,75,24506.3,150,75,13200
NIFTY-III.NFO,25/04/2025,09:55:17,24506.2,24502,75,24505.6,150,0,13200
NIFTY-III.NFO,25/04/2025,09:55:18,24506.2,24502,75,24504.8,150,0,13200
NIFTY-III.NFO,25/04/2025,09:55:20,24506.2,24502,75,24504.7,150,0,13200
NIFTY-III.NFO,25/04/2025,09:55:22,24502,24500,750,24500.4,75,75,13200
NIFTY-III.NFO,25/04/2025,09:55:23,24500,24500,375,24501.3,75,375,13200
NIFTY-III.NFO,25/04/2025,09:55:25,24500,24500,225,24500.6,150,150,13200
NIFTY-III.NFO,25/04/2025,09:55:27,24500,24500,225,24500.6,150,0,13200
NIFTY-III.NFO,25/04/2025,09:55:28,24500,24493.3,75,24498.4,150,225,13200
NIFTY-III.NFO,25/04/2025,09:55:30,24497.7,24493.3,75,24500.1,225,75,13200
NIFTY-III.NFO,25/04/2025,09:55:32,24493.3,24487,75,24493.2,150,150,13200
NIFTY-III.NFO,25/04/2025,09:55:33,24495.5,24487,150,24495.5,75,150,13200
NIFTY-III.NFO,25/04/2025,09:55:35,24495.5,24487,75,24492.2,150,0,13200
NIFTY-III.NFO,25/04/2025,09:55:37,24492.2,24487,150,24494.2,450,75,13200
NIFTY-III.NFO,25/04/2025,09:55:38,24492.2,24487,150,24495.2,375,0,13200
NIFTY-III.NFO,25/04/2025,09:55:40,24492.2,24487,75,24495,75,0,13200
NIFTY-III.NFO,25/04/2025,09:55:42,24492.2,24487,75,24494.1,75,0,13200
NIFTY-III.NFO,25/04/2025,09:55:43,24492.2,24487.1,150,24495.7,150,0,13200
NIFTY-III.NFO,25/04/2025,09:55:45,24498.7,24487.1,375,24499,75,75,13200
NIFTY-III.NFO,25/04/2025,09:55:47,24500.7,24492.3,225,24503.7,75,75,13200
NIFTY-III.NFO,25/04/2025,09:55:48,24500.7,24498.7,75,24500.3,150,0,13200
NIFTY-III.NFO,25/04/2025,09:55:50,24500.7,24498.7,75,24499.4,75,0,13200
NIFTY-III.NFO,25/04/2025,09:55:52,24500.7,24498.7,75,24500.7,75,0,13200
NIFTY-III.NFO,25/04/2025,09:55:53,24500.7,24498.7,75,24501.4,75,0,13200
NIFTY-III.NFO,25/04/2025,09:55:55,24500.7,24498.7,75,24499.7,75,0,13200
NIFTY-III.NFO,25/04/2025,09:55:57,24498.7,24492.6,225,24502.7,75,75,13200
NIFTY-III.NFO,25/04/2025,09:55:58,24498.7,24491.9,150,24502.1,75,0,13200
NIFTY-III.NFO,25/04/2025,09:56:00,24498.7,24493.4,150,24502.1,75,0,13200
NIFTY-III.NFO,25/04/2025,09:56:02,24498.7,24499.5,150,24508.8,75,0,13200
NIFTY-III.NFO,25/04/2025,09:56:03,24498.7,24498.4,150,24507.4,150,0,13200
NIFTY-III.NFO,25/04/2025,09:56:05,24498.7,24498.6,150,24509.2,75,0,13200
NIFTY-III.NFO,25/04/2025,09:56:07,24498.7,24499.6,150,24509.1,75,0,13200
NIFTY-III.NFO,25/04/2025,09:56:08,24498.7,24498.8,225,24507.6,75,0,13200
NIFTY-III.NFO,25/04/2025,09:56:12,24498.7,24499.3,150,24509.7,150,0,13200
NIFTY-III.NFO,25/04/2025,09:56:13,24498.7,24499.5,150,24507.7,225,0,13200
NIFTY-III.NFO,25/04/2025,09:56:15,24498.7,24499.6,75,24502.9,75,0,13200
NIFTY-III.NFO,25/04/2025,09:56:17,24498.7,24499.5,75,24499.6,75,0,13200
NIFTY-III.NFO,25/04/2025,09:56:19,24499.4,24499.4,75,24499.6,75,150,13200
NIFTY-III.NFO,25/04/2025,09:56:20,24499.4,24498.7,150,24499.3,75,75,13200
NIFTY-III.NFO,25/04/2025,09:56:22,24499.3,24498.7,75,24503,75,150,13200
NIFTY-III.NFO,25/04/2025,09:56:24,24499.3,24498.8,75,24503,150,0,13200
NIFTY-III.NFO,25/04/2025,09:56:25,24499.3,24498.9,75,24503,150,0,13200
NIFTY-III.NFO,25/04/2025,09:56:27,24503,24499,150,24502.6,75,75,13200
NIFTY-III.NFO,25/04/2025,09:56:29,24503,24499,150,24502.9,75,0,13200
NIFTY-III.NFO,25/04/2025,09:56:30,24503,24499.1,300,24502.9,150,0,13200
NIFTY-III.NFO,25/04/2025,09:56:32,24498,24488.5,150,24497.6,150,675,13200
NIFTY-III.NFO,25/04/2025,09:56:34,24498,24487.1,225,24497.1,150,0,13200
NIFTY-III.NFO,25/04/2025,09:56:35,24498,24487.2,150,24495.7,75,0,13200
NIFTY-III.NFO,25/04/2025,09:56:37,24487.1,24487,150,24494.6,150,150,13200
NIFTY-III.NFO,25/04/2025,09:56:37,24487.1,24487,150,24494.6,150,0,13200
NIFTY-III.NFO,25/04/2025,09:56:39,24487.1,24487.3,150,24495.2,75,0,13200
NIFTY-III.NFO,25/04/2025,09:56:40,24495.8,24487.3,150,24496.8,75,75,13200
NIFTY-III.NFO,25/04/2025,09:56:42,24495.8,24487.3,150,24498,450,0,13200
NIFTY-III.NFO,25/04/2025,09:56:44,24495.8,24487.3,150,24496.9,75,0,13200
NIFTY-III.NFO,25/04/2025,09:56:45,24495.8,24487.3,150,24495.7,75,0,13200
NIFTY-III.NFO,25/04/2025,09:56:47,24495.8,24487.8,150,24495.6,150,0,13200
NIFTY-III.NFO,25/04/2025,09:56:49,24495.8,24487.6,150,24494.5,75,0,13200
NIFTY-III.NFO,25/04/2025,09:56:50,24495.8,24487.6,75,24494.2,150,0,13200
NIFTY-III.NFO,25/04/2025,09:56:52,24495.8,24487.6,75,24489.9,75,0,13200
NIFTY-III.NFO,25/04/2025,09:56:54,24495.8,24487.6,75,24489.9,300,0,13200
NIFTY-III.NFO,25/04/2025,09:56:55,24495.8,24487.6,75,24489.7,75,0,13200
NIFTY-III.NFO,25/04/2025,09:56:57,24495.8,24487.6,75,24488.3,75,0,13200
NIFTY-III.NFO,25/04/2025,09:56:59,24487,24480,75,24487.2,450,225,13200
NIFTY-III.NFO,25/04/2025,09:56:59,24487,24480,75,24487.2,450,0,13200
NIFTY-III.NFO,25/04/2025,09:57:00,24487.2,24480,75,24483.7,450,75,13200
NIFTY-III.NFO,25/04/2025,09:57:02,24480,24474,75,24477.8,300,75,13200
NIFTY-III.NFO,25/04/2025,09:57:02,24480,24474,75,24477.8,300,0,13200
NIFTY-III.NFO,25/04/2025,09:57:04,24480,24474.1,75,24481.2,375,0,13200
NIFTY-III.NFO,25/04/2025,09:57:05,24474,24470,600,24478.7,375,75,13200
NIFTY-III.NFO,25/04/2025,09:57:05,24474,24470,600,24478.7,375,0,13200
NIFTY-III.NFO,25/04/2025,09:57:07,24470,24470,525,24474.1,75,150,13200
NIFTY-III.NFO,25/04/2025,09:57:07,24470,24470,525,24474.1,75,0,13200
NIFTY-III.NFO,25/04/2025,09:57:09,24470,24470.1,75,24474.2,150,0,13200
NIFTY-III.NFO,25/04/2025,09:57:10,24470,24470.1,75,24472.9,300,0,13200
NIFTY-III.NFO,25/04/2025,09:57:12,24470,24470.1,75,24471.8,375,0,13200
NIFTY-III.NFO,25/04/2025,09:57:14,24470,24470.1,75,24471.3,150,0,13200
NIFTY-III.NFO,25/04/2025,09:57:15,24470,24457.9,150,24467,225,600,13200
NIFTY-III.NFO,25/04/2025,09:57:17,24465.1,24455.1,150,24466.8,150,75,13200
NIFTY-III.NFO,25/04/2025,09:57:17,24465.1,24455.1,150,24466.8,150,0,13200
NIFTY-III.NFO,25/04/2025,09:57:19,24465.1,24455.1,150,24465.5,75,0,13200
NIFTY-III.NFO,25/04/2025,09:57:20,24465.1,24453.9,150,24464.3,75,0,13200
NIFTY-III.NFO,25/04/2025,09:57:22,24465.1,24452.8,150,24461.9,75,0,13200
NIFTY-III.NFO,25/04/2025,09:57:24,24465.1,24460,75,24462,75,0,13200
NIFTY-III.NFO,25/04/2025,09:57:25,24465.1,24460,75,24463.4,375,0,13200
NIFTY-III.NFO,25/04/2025,09:57:27,24454.1,24450.2,150,24456.3,300,750,18600
NIFTY-III.NFO,25/04/2025,09:57:27,24454.1,24450.2,150,24456.3,300,0,18600
NIFTY-III.NFO,25/04/2025,09:57:29,24454.1,24450.2,75,24456.3,225,0,18600
NIFTY-III.NFO,25/04/2025,09:57:30,24454.1,24450,300,24457.6,225,0,18600
NIFTY-III.NFO,25/04/2025,09:57:32,24454.1,24450,225,24454.4,150,0,18600
NIFTY-III.NFO,25/04/2025,09:57:34,24454.1,24450,225,24453.1,75,0,18600
NIFTY-III.NFO,25/04/2025,09:57:35,24450,24442.4,150,24454.3,225,225,18600
NIFTY-III.NFO,25/04/2025,09:57:35,24450,24442.4,150,24454.3,225,0,18600
NIFTY-III.NFO,25/04/2025,09:57:37,24450,24442.4,150,24454.7,225,0,18600
NIFTY-III.NFO,25/04/2025,09:57:39,24450,24442.4,150,24455.3,75,0,18600
NIFTY-III.NFO,25/04/2025,09:57:40,24450,24442.9,150,24455.9,75,0,18600
NIFTY-III.NFO,25/04/2025,09:57:42,24450,24448.2,150,24461,75,0,18600
NIFTY-III.NFO,25/04/2025,09:57:44,24452,24451.8,150,24462,150,75,18600
NIFTY-III.NFO,25/04/2025,09:57:45,24452,24452.3,150,24463.2,75,0,18600
NIFTY-III.NFO,25/04/2025,09:57:47,24452,24452.9,150,24469.5,150,0,18600
NIFTY-III.NFO,25/04/2025,09:57:49,24454.5,24459.6,300,24469.6,150,75,18600
NIFTY-III.NFO,25/04/2025,09:57:50,24454.5,24454.5,300,24468.2,300,0,18600
NIFTY-III.NFO,25/04/2025,09:57:52,24454.5,24460,300,24469.9,300,0,18600
NIFTY-III.NFO,25/04/2025,09:57:55,24454.5,24455.9,300,24467.9,300,0,18600
NIFTY-III.NFO,25/04/2025,09:57:57,24454.5,24452.9,300,24463.1,300,0,18600
NIFTY-III.NFO,25/04/2025,09:57:59,24454.5,24452.9,300,24465.1,300,0,18600
NIFTY-III.NFO,25/04/2025,09:58:00,24454.5,24453.6,300,24467.4,375,0,18600
NIFTY-III.NFO,25/04/2025,09:58:02,24454.5,24455.2,300,24467.3,375,0,18600
NIFTY-III.NFO,25/04/2025,09:58:04,24454.5,24458,300,24469.3,375,0,18600
NIFTY-III.NFO,25/04/2025,09:58:05,24454.5,24458,300,24468.3,300,0,18600
NIFTY-III.NFO,25/04/2025,09:58:07,24454.5,24456.6,300,24468.3,300,0,18600
NIFTY-III.NFO,25/04/2025,09:58:09,24454.5,24458.5,300,24469.2,300,0,18600
NIFTY-III.NFO,25/04/2025,09:58:10,24456.6,24456.6,150,24468.4,300,525,18600
NIFTY-III.NFO,25/04/2025,09:58:12,24456.6,24456.6,150,24467.5,300,0,18600
NIFTY-III.NFO,25/04/2025,09:58:14,24456.6,24456.6,150,24468.4,300,0,18600
NIFTY-III.NFO,25/04/2025,09:58:15,24456.6,24461.8,150,24470,75,0,18600
NIFTY-III.NFO,25/04/2025,09:58:17,24470,24465.4,300,24476.2,300,75,18600
NIFTY-III.NFO,25/04/2025,09:58:19,24470,24461.8,150,24476.2,300,0,18600
NIFTY-III.NFO,25/04/2025,09:58:20,24470,24461.8,150,24473,300,0,18600
NIFTY-III.NFO,25/04/2025,09:58:22,24470,24470,75,24473.6,375,0,18600
NIFTY-III.NFO,25/04/2025,09:58:24,24470,24470,75,24472.9,375,0,18600
NIFTY-III.NFO,25/04/2025,09:58:27,24470,24461.8,150,24472.9,375,75,18600
NIFTY-III.NFO,25/04/2025,09:58:29,24470,24465,225,24472.5,300,0,18600
NIFTY-III.NFO,25/04/2025,09:58:31,24470,24465,225,24471.2,375,0,18600
NIFTY-III.NFO,25/04/2025,09:58:32,24470,24465,225,24468.2,300,0,18600
NIFTY-III.NFO,25/04/2025,09:58:34,24465,24455.9,300,24467.7,375,225,18600
NIFTY-III.NFO,25/04/2025,09:58:36,24465,24452.9,300,24465.6,300,0,18600
NIFTY-III.NFO,25/04/2025,09:58:37,24465,24454.3,150,24465.6,300,0,18600
NIFTY-III.NFO,25/04/2025,09:58:39,24465,24456.7,150,24468.8,300,0,18600
NIFTY-III.NFO,25/04/2025,09:58:41,24465,24458,300,24470.2,375,0,18600
NIFTY-III.NFO,25/04/2025,09:58:42,24465,24458,300,24467.8,300,0,18600
NIFTY-III.NFO,25/04/2025,09:58:44,24465,24459.1,300,24471.9,300,0,18600
NIFTY-III.NFO,25/04/2025,09:58:46,24465,24460.6,300,24474.7,300,0,18600
NIFTY-III.NFO,25/04/2025,09:58:47,24465,24462.2,300,24474.2,375,0,18600
NIFTY-III.NFO,25/04/2025,09:58:49,24465,24462.2,300,24471.5,375,0,18600
NIFTY-III.NFO,25/04/2025,09:58:51,24465,24461.5,375,24472.6,375,0,18600
NIFTY-III.NFO,25/04/2025,09:58:52,24465,24465,75,24471.9,450,0,18600
NIFTY-III.NFO,25/04/2025,09:58:54,24465,24465,150,24471.8,300,0,18600
NIFTY-III.NFO,25/04/2025,09:58:56,24465,24465,75,24468.4,450,0,18600
NIFTY-III.NFO,25/04/2025,09:58:57,24465,24458,600,24462.6,375,75,18600
NIFTY-III.NFO,25/04/2025,09:58:59,24465,24458,600,24465.2,300,0,18600
NIFTY-III.NFO,25/04/2025,09:59:01,24465,24458,600,24465.5,375,0,18600
NIFTY-III.NFO,25/04/2025,09:59:02,24465,24458.1,375,24468.4,300,0,18600
NIFTY-III.NFO,25/04/2025,09:59:04,24465,24465,75,24466.8,75,0,18600
NIFTY-III.NFO,25/04/2025,09:59:07,24465,24465,75,24465.7,75,0,18600
NIFTY-III.NFO,25/04/2025,09:59:09,24465,24458,600,24462.7,75,75,18600
NIFTY-III.NFO,25/04/2025,09:59:11,24465,24458,600,24461.5,75,0,18600
NIFTY-III.NFO,25/04/2025,09:59:12,24465,24458,600,24460.3,75,0,18600
NIFTY-III.NFO,25/04/2025,09:59:14,24458,24458,450,24460.3,75,150,18600
NIFTY-III.NFO,25/04/2025,09:59:15,24458,24458,450,24461.3,375,0,18600
NIFTY-III.NFO,25/04/2025,09:59:17,24458,24458,450,24460.4,75,0,18600
NIFTY-III.NFO,25/04/2025,09:59:18,24458,24458,450,24461.6,150,0,18600
NIFTY-III.NFO,25/04/2025,09:59:20,24458,24458,450,24458.5,150,0,18600
NIFTY-III.NFO,25/04/2025,09:59:22,24458,24458,450,24459.4,75,0,18600
NIFTY-III.NFO,25/04/2025,09:59:25,24458,24458,525,24464.9,300,0,18600
NIFTY-III.NFO,25/04/2025,09:59:27,24458,24458.1,300,24465,75,0,18600
NIFTY-III.NFO,25/04/2025,09:59:30,24458.1,24458.1,225,24465,75,150,18600
NIFTY-III.NFO,25/04/2025,09:59:32,24458.1,24458.1,225,24465,75,0,18600
NIFTY-III.NFO,25/04/2025,09:59:35,24458.1,24458.1,225,24464.7,75,0,18600
NIFTY-III.NFO,25/04/2025,09:59:37,24458.1,24458.1,150,24462.1,75,0,18600
NIFTY-III.NFO,25/04/2025,09:59:38,24458.1,24458,450,24462.1,75,0,18600
NIFTY-III.NFO,25/04/2025,09:59:40,24458.1,24458,450,24460,75,0,18600
NIFTY-III.NFO,25/04/2025,09:59:43,24458,24458,300,24458.1,75,150,18600
NIFTY-III.NFO,25/04/2025,09:59:45,24458,24458,225,24458.1,150,75,18600
NIFTY-III.NFO,25/04/2025,09:59:47,24458,24458,150,24458.1,150,75,18600
NIFTY-III.NFO,25/04/2025,09:59:48,24458,24450.1,150,24457.4,150,150,18600
NIFTY-III.NFO,25/04/2025,09:59:50,24458.1,24450.1,225,24458.1,75,75,18600
NIFTY-III.NFO,25/04/2025,09:59:52,24458.1,24450.1,225,24458.1,75,0,18600
NIFTY-III.NFO,25/04/2025,09:59:53,24458.1,24450.8,150,24458.1,75,0,18600
NIFTY-III.NFO,25/04/2025,09:59:55,24458.1,24451.1,225,24460,75,75,18600
NIFTY-III.NFO,25/04/2025,09:59:57,24458.1,24452.2,150,24460,225,0,18600
NIFTY-III.NFO,25/04/2025,09:59:58,24454.1,24454.1,75,24460,150,75,18600
NIFTY-III.NFO,25/04/2025,10:00:00,24455,24453.1,150,24460,150,75,18600
NIFTY-III.NFO,25/04/2025,10:00:02,24455,24453.1,150,24460,150,0,18600
NIFTY-III.NFO,25/04/2025,10:00:05,24455,24450.2,75,24458.9,150,0,18600
NIFTY-III.NFO,25/04/2025,10:00:07,24459.9,24450.2,75,24459.9,225,75,18600
NIFTY-III.NFO,25/04/2025,10:00:08,24459.9,24450.1,150,24458.8,300,0,18600
NIFTY-III.NFO,25/04/2025,10:00:10,24459.9,24450.1,75,24458.8,300,0,18600
NIFTY-III.NFO,25/04/2025,10:00:12,24459.9,24450,75,24455.7,225,0,18600
NIFTY-III.NFO,25/04/2025,10:00:13,24459.9,24450.1,75,24454.6,225,0,18600
NIFTY-III.NFO,25/04/2025,10:00:15,24459.9,24450.1,75,24453.2,300,0,18600
NIFTY-III.NFO,25/04/2025,10:00:17,24459.9,24450,75,24453.2,300,0,18600
NIFTY-III.NFO,25/04/2025,10:00:18,24459.9,24450.1,75,24453.3,150,0,18600
NIFTY-III.NFO,25/04/2025,10:00:20,24450.1,24450,75,24453.3,225,75,20775
NIFTY-III.NFO,25/04/2025,10:00:22,24450,24440,75,24448.7,375,75,20775
NIFTY-III.NFO,25/04/2025,10:00:23,24440,24427.6,150,24438.7,300,150,20775
NIFTY-III.NFO,25/04/2025,10:00:23,24440,24427.6,150,24438.7,300,0,20775
NIFTY-III.NFO,25/04/2025,10:00:25,24440,24426,150,24433.7,75,0,20775
NIFTY-III.NFO,25/04/2025,10:00:27,24440,24427.5,150,24428.7,75,0,20775
NIFTY-III.NFO,25/04/2025,10:00:28,24427.7,24427.7,150,24438.7,300,75,20775
NIFTY-III.NFO,25/04/2025,10:00:28,24427.7,24427.7,150,24438.7,300,0,20775
NIFTY-III.NFO,25/04/2025,10:00:30,24429.2,24428.5,75,24438.5,300,150,20775
NIFTY-III.NFO,25/04/2025,10:00:32,24429.2,24427.8,150,24438.5,300,0,20775
NIFTY-III.NFO,25/04/2025,10:00:35,24429.2,24429,75,24436.7,375,0,20775
NIFTY-III.NFO,25/04/2025,10:00:37,24429.2,24429,75,24432.7,375,0,20775
NIFTY-III.NFO,25/04/2025,10:00:38,24429.2,24429,75,24434.4,375,0,20775
