Ticker,Date,Time,LTP,BuyPrice,BuyQty,SellPrice,SellQty,LTQ,OpenInterest
BANKNIFTY-I.NFO,17/02/2025,09:15:00,49179.95,49150.05,120,49183.95,90,150,0
BANKNIFTY-I.NFO,17/02/2025,09:15:00,49179.95,49150.05,120,49183.95,90,0,0
BANKNIFTY-I.NFO,17/02/2025,09:15:00,49179.95,49150.05,120,49183.95,90,0,0
BANKNIFTY-I.NFO,17/02/2025,09:15:00,49111,49150.05,120,49183.95,90,0,0
BANKNIFTY-I.NFO,17/02/2025,09:15:01,49184,49160.4,120,49184,60,390,3178950
BANKNIFTY-I.NFO,17/02/2025,09:15:01,49184,49160.4,120,49184,60,0,3178950
BANKNIFTY-I.NFO,17/02/2025,09:15:03,49137.85,49137.85,120,49148.6,150,1110,3178950
BANKNIFTY-I.NFO,17/02/2025,09:15:04,49134,49103.7,60,49134,150,1710,3178950
BANKNIFTY-I.NFO,17/02/2025,09:15:04,49105,49103.7,60,49134,150,0,3178950
BANKNIFTY-I.NFO,17/02/2025,09:15:06,49071.75,49072.65,30,49098.55,180,1560,3178950
BANKNIFTY-I.NFO,17/02/2025,09:15:06,49071.75,49072.65,30,49098.55,180,0,3178950
BANKNIFTY-I.NFO,17/02/2025,09:15:08,49061.55,49061,180,49073.75,60,840,3178950
BANKNIFTY-I.NFO,17/02/2025,09:15:08,49061.05,49061,180,49073.75,60,0,3178950
BANKNIFTY-I.NFO,17/02/2025,09:15:09,49082.65,49063.55,180,49086.6,120,330,3178950
BANKNIFTY-I.NFO,17/02/2025,09:15:09,49060.05,49063.55,180,49086.6,120,0,3178950
BANKNIFTY-I.NFO,17/02/2025,09:15:11,49059.3,49059.55,150,49073.35,30,450,3178950
BANKNIFTY-I.NFO,17/02/2025,09:15:11,49059.3,49059.55,150,49073.35,30,0,3178950
BANKNIFTY-I.NFO,17/02/2025,09:15:13,49028.8,49028.8,30,49050.95,150,780,3178950
BANKNIFTY-I.NFO,17/02/2025,09:15:13,49027,49028.8,30,49050.95,150,0,3178950
BANKNIFTY-I.NFO,17/02/2025,09:15:14,49025.3,49025.3,90,49048.25,180,570,3178950
BANKNIFTY-I.NFO,17/02/2025,09:15:14,49025.3,49025.3,90,49048.25,180,0,3178950
BANKNIFTY-I.NFO,17/02/2025,09:15:16,49073.35,49057.55,300,49082.4,180,2580,3178950
BANKNIFTY-I.NFO,17/02/2025,09:15:17,49056.8,49052,900,49073.25,180,720,3178950
BANKNIFTY-I.NFO,17/02/2025,09:15:19,49075.6,49059.65,150,49075.65,30,1050,3178950
BANKNIFTY-I.NFO,17/02/2025,09:15:21,49052.05,49052.05,30,49066.95,30,1140,3178950
BANKNIFTY-I.NFO,17/02/2025,09:15:22,49067.15,49052,900,49067.15,30,1080,3178950
BANKNIFTY-I.NFO,17/02/2025,09:15:24,49052.4,49051,330,49068.75,180,2100,3178950
BANKNIFTY-I.NFO,17/02/2025,09:15:26,49067.25,49051.15,120,49065.5,30,1860,3178950
BANKNIFTY-I.NFO,17/02/2025,09:15:27,49051.1,49051,330,49052,30,150,3178950
BANKNIFTY-I.NFO,17/02/2025,09:15:29,49049.6,49039.8,120,49056.45,180,900,3178950
BANKNIFTY-I.NFO,17/02/2025,09:15:31,49030.3,49030.25,30,49050.6,180,1800,3178950
BANKNIFTY-I.NFO,17/02/2025,09:15:32,49030.95,49028.35,180,49047.6,120,2010,3178950
BANKNIFTY-I.NFO,17/02/2025,09:15:32,49016.2,49028.35,180,49047.6,120,0,3178950
BANKNIFTY-I.NFO,17/02/2025,09:15:34,49030.6,49006.05,30,49027.6,120,420,3187890
BANKNIFTY-I.NFO,17/02/2025,09:15:34,49007.15,49006.05,30,49027.6,120,0,3187890
BANKNIFTY-I.NFO,17/02/2025,09:15:36,49005.05,49006.3,60,49025.4,120,270,3187890
BANKNIFTY-I.NFO,17/02/2025,09:15:36,49005.05,49006.3,60,49025.4,120,0,3187890
BANKNIFTY-I.NFO,17/02/2025,09:15:37,49028.55,49012.75,120,49028.95,120,240,3187890
BANKNIFTY-I.NFO,17/02/2025,09:15:39,49020,49020,240,49028.95,150,90,3187890
BANKNIFTY-I.NFO,17/02/2025,09:15:41,49005,49005,60,49010.55,30,600,3187890
BANKNIFTY-I.NFO,17/02/2025,09:15:41,49005,49005,60,49010.55,30,0,3187890
BANKNIFTY-I.NFO,17/02/2025,09:15:42,49008.1,49001.05,90,49016.95,120,270,3187890
BANKNIFTY-I.NFO,17/02/2025,09:15:44,49001,49001,150,49005,390,840,3187890
BANKNIFTY-I.NFO,17/02/2025,09:15:44,49001,49001,150,49005,390,0,3187890
BANKNIFTY-I.NFO,17/02/2025,09:15:46,49005,49001,180,49005,270,1320,3187890
BANKNIFTY-I.NFO,17/02/2025,09:15:46,48982.1,49001,180,49005,270,0,3187890
BANKNIFTY-I.NFO,17/02/2025,09:15:47,48989.15,48993.1,240,49000,180,480,3187890
BANKNIFTY-I.NFO,17/02/2025,09:15:49,48994.7,48990.05,60,49011.95,120,450,3187890
BANKNIFTY-I.NFO,17/02/2025,09:15:51,49006.05,48985,30,49004.9,120,270,3187890
BANKNIFTY-I.NFO,17/02/2025,09:15:52,49003.25,48991.55,150,49010.4,150,510,3187890
BANKNIFTY-I.NFO,17/02/2025,09:15:54,49000,49000,90,49012.4,30,330,3187890
BANKNIFTY-I.NFO,17/02/2025,09:15:56,49001,49001,510,49010.1,60,390,3187890
BANKNIFTY-I.NFO,17/02/2025,09:15:57,48990.05,48990.05,120,49001,210,660,3187890
BANKNIFTY-I.NFO,17/02/2025,09:15:59,48988,48985.05,60,48990.05,30,600,3187890
BANKNIFTY-I.NFO,17/02/2025,09:16:01,48970,48960,90,48973.45,120,450,3187890
BANKNIFTY-I.NFO,17/02/2025,09:16:01,48970,48960,90,48973.45,120,0,3187890
BANKNIFTY-I.NFO,17/02/2025,09:16:02,48970,48960.05,90,48973.4,30,180,3187890
BANKNIFTY-I.NFO,17/02/2025,09:16:02,48960.05,48960.05,90,48973.4,30,0,3187890
BANKNIFTY-I.NFO,17/02/2025,09:16:04,48966.55,48946.25,30,48965.6,120,4560,3187890
BANKNIFTY-I.NFO,17/02/2025,09:16:04,48944.55,48946.25,30,48965.6,120,0,3187890
BANKNIFTY-I.NFO,17/02/2025,09:16:06,48982.55,48960.25,150,48978.05,90,300,3187890
BANKNIFTY-I.NFO,17/02/2025,09:16:07,48953.35,48954.25,60,48973.35,120,630,3187890
BANKNIFTY-I.NFO,17/02/2025,09:16:09,48932.15,48932.1,90,48953.1,150,480,3187890
BANKNIFTY-I.NFO,17/02/2025,09:16:09,48932.15,48932.1,90,48953.1,150,0,3187890
BANKNIFTY-I.NFO,17/02/2025,09:16:11,48950.9,48931.1,30,48950.6,120,660,3187890
BANKNIFTY-I.NFO,17/02/2025,09:16:11,48932.1,48931.1,30,48950.6,120,0,3187890
BANKNIFTY-I.NFO,17/02/2025,09:16:12,48941.15,48930,240,48941.15,150,570,3187890
BANKNIFTY-I.NFO,17/02/2025,09:16:12,48930.85,48930,240,48941.15,150,0,3187890
BANKNIFTY-I.NFO,17/02/2025,09:16:14,48934.6,48930.25,150,48949.55,30,450,3187890
BANKNIFTY-I.NFO,17/02/2025,09:16:14,48930,48930.25,150,48949.55,30,0,3187890
BANKNIFTY-I.NFO,17/02/2025,09:16:16,48940.1,48932.85,30,48947.2,30,150,3187890
BANKNIFTY-I.NFO,17/02/2025,09:16:17,48945.85,48930,270,48944.15,30,300,3187890
BANKNIFTY-I.NFO,17/02/2025,09:16:19,48931,48930,390,48932.85,30,480,3187890
BANKNIFTY-I.NFO,17/02/2025,09:16:21,48936.6,48932.85,30,48938.25,120,90,3187890
BANKNIFTY-I.NFO,17/02/2025,09:16:22,48910,48908.7,60,48914.95,30,930,3187890
BANKNIFTY-I.NFO,17/02/2025,09:16:22,48910,48908.7,60,48914.95,30,0,3187890
BANKNIFTY-I.NFO,17/02/2025,09:16:24,48900,48890,180,48898.65,90,2400,3187890
BANKNIFTY-I.NFO,17/02/2025,09:16:24,48890.05,48890,180,48898.65,90,0,3187890
BANKNIFTY-I.NFO,17/02/2025,09:16:26,48900.35,48890.05,210,48906.6,30,1200,3187890
BANKNIFTY-I.NFO,17/02/2025,09:16:26,48885,48890.05,210,48906.6,30,0,3187890
BANKNIFTY-I.NFO,17/02/2025,09:16:28,48918.3,48905.9,30,48917.95,30,960,3187890
BANKNIFTY-I.NFO,17/02/2025,09:16:29,48924.45,48906.35,150,48922.8,150,690,3187890
BANKNIFTY-I.NFO,17/02/2025,09:16:31,48900.5,48901.25,30,48908.4,120,480,3187890
BANKNIFTY-I.NFO,17/02/2025,09:16:33,48908.55,48908.3,150,48914.25,120,1620,3187890
BANKNIFTY-I.NFO,17/02/2025,09:16:34,48903.05,48900.5,90,48913,120,750,3187890
BANKNIFTY-I.NFO,17/02/2025,09:16:36,48906.25,48906.25,30,48921.85,120,600,3187890
BANKNIFTY-I.NFO,17/02/2025,09:16:38,48908.3,48908.3,120,48912.35,30,210,3187890
BANKNIFTY-I.NFO,17/02/2025,09:16:39,48927.45,48909.2,150,48928,120,1200,3187890
BANKNIFTY-I.NFO,17/02/2025,09:16:41,48918.05,48918.35,120,48929.7,30,480,3187890
BANKNIFTY-I.NFO,17/02/2025,09:16:43,48925.75,48918.35,60,48925,30,420,3187890
BANKNIFTY-I.NFO,17/02/2025,09:16:44,48917.6,48914.6,150,48927.45,30,150,3187890
BANKNIFTY-I.NFO,17/02/2025,09:16:46,48918.35,48918.35,120,48926.8,60,480,3187890
BANKNIFTY-I.NFO,17/02/2025,09:16:48,48922.3,48915,60,48923.8,30,540,3187890
BANKNIFTY-I.NFO,17/02/2025,09:16:49,48906.25,48906.25,60,48915.05,30,330,3187890
BANKNIFTY-I.NFO,17/02/2025,09:16:51,48905,48905,150,48915.55,300,420,3187890
BANKNIFTY-I.NFO,17/02/2025,09:16:53,48905,48905,120,48915.5,30,90,3187890
BANKNIFTY-I.NFO,17/02/2025,09:16:54,48905,48901,90,48910.6,30,360,3187890
BANKNIFTY-I.NFO,17/02/2025,09:16:56,48901,48901,90,48911.7,60,390,3187890
BANKNIFTY-I.NFO,17/02/2025,09:16:58,48911.55,48911.55,30,48918,120,360,3187890
BANKNIFTY-I.NFO,17/02/2025,09:16:59,48905,48911.55,30,48918.05,210,510,3187890
BANKNIFTY-I.NFO,17/02/2025,09:17:01,48911.55,48906.4,30,48918.05,150,120,3187890
BANKNIFTY-I.NFO,17/02/2025,09:17:03,48918.05,48911.55,60,48918.35,150,150,3187890
BANKNIFTY-I.NFO,17/02/2025,09:17:04,48911.55,48905,90,48915.3,120,330,3187890
BANKNIFTY-I.NFO,17/02/2025,09:17:06,48908.3,48905,60,48912.85,30,90,3187890
BANKNIFTY-I.NFO,17/02/2025,09:17:08,48924.85,48910.75,120,48926.25,30,660,3187890
BANKNIFTY-I.NFO,17/02/2025,09:17:09,48910,48905.05,90,48920.2,120,1080,3187890
BANKNIFTY-I.NFO,17/02/2025,09:17:11,48901,48908.3,60,48919.35,120,930,3187890
BANKNIFTY-I.NFO,17/02/2025,09:17:13,48916.15,48901.15,60,48917.7,120,270,3187890
BANKNIFTY-I.NFO,17/02/2025,09:17:14,48911.15,48911.15,30,48911.55,30,480,3187890
BANKNIFTY-I.NFO,17/02/2025,09:17:16,48911.15,48911.15,120,48915.2,120,360,3187890
BANKNIFTY-I.NFO,17/02/2025,09:17:18,48911.15,48911.15,120,48914.95,120,300,3187890
BANKNIFTY-I.NFO,17/02/2025,09:17:19,48909.2,48900,840,48912.35,60,210,3187890
BANKNIFTY-I.NFO,17/02/2025,09:17:21,48908.85,48900,210,48906.75,300,750,3187890
BANKNIFTY-I.NFO,17/02/2025,09:17:23,48900,48895,30,48903.05,30,210,3187890
BANKNIFTY-I.NFO,17/02/2025,09:17:24,48899.65,48892.9,30,48899.65,30,150,3187890
BANKNIFTY-I.NFO,17/02/2025,09:17:26,48888,48884,30,48890.6,180,330,3187890
BANKNIFTY-I.NFO,17/02/2025,09:17:28,48887.95,48884.05,60,48887.8,330,330,3187890
BANKNIFTY-I.NFO,17/02/2025,09:17:28,48881.15,48884.05,60,48887.8,330,0,3187890
BANKNIFTY-I.NFO,17/02/2025,09:17:29,48875.95,48870.15,180,48882.65,30,630,3187890
BANKNIFTY-I.NFO,17/02/2025,09:17:29,48874.4,48870.15,180,48882.65,30,0,3187890
BANKNIFTY-I.NFO,17/02/2025,09:17:31,48882.65,48880.85,90,48889.1,180,360,3187890
BANKNIFTY-I.NFO,17/02/2025,09:17:33,48885.3,48880.1,30,48885.3,30,360,3187890
BANKNIFTY-I.NFO,17/02/2025,09:17:34,48880.2,48880.25,30,48887,60,930,3187890
BANKNIFTY-I.NFO,17/02/2025,09:17:36,48880.55,48880.6,150,48889.6,30,240,3187890
BANKNIFTY-I.NFO,17/02/2025,09:17:38,48883.9,48883.9,150,48898.5,450,1050,3187890
BANKNIFTY-I.NFO,17/02/2025,09:17:39,48884.5,48884.5,60,48899.3,120,240,3187890
BANKNIFTY-I.NFO,17/02/2025,09:17:41,48890.1,48884.55,90,48889.9,30,570,3187890
BANKNIFTY-I.NFO,17/02/2025,09:17:43,48899.4,48883.55,120,48899.4,60,750,3187890
BANKNIFTY-I.NFO,17/02/2025,09:17:44,48894.05,48880,60,48891.8,120,720,3187890
BANKNIFTY-I.NFO,17/02/2025,09:17:46,48891.7,48880,60,48891.85,150,210,3187890
BANKNIFTY-I.NFO,17/02/2025,09:17:48,48875.05,48875.05,150,48892,120,450,3187890
BANKNIFTY-I.NFO,17/02/2025,09:17:49,48891.9,48891.9,30,48892.3,30,210,3187890
BANKNIFTY-I.NFO,17/02/2025,09:17:51,48892.25,48891.9,30,48898.85,120,90,3187890
BANKNIFTY-I.NFO,17/02/2025,09:17:53,48892.25,48891.9,60,48893.95,30,180,3187890
BANKNIFTY-I.NFO,17/02/2025,09:17:54,48899,48892.3,120,48900,1680,180,3187890
BANKNIFTY-I.NFO,17/02/2025,09:17:56,48894.05,48892.35,30,48900,1590,120,3187890
BANKNIFTY-I.NFO,17/02/2025,09:17:58,48900,48895,150,48913.85,60,1710,3187890
BANKNIFTY-I.NFO,17/02/2025,09:17:59,48915,48900.15,120,48915,630,960,3187890
BANKNIFTY-I.NFO,17/02/2025,09:18:01,48915,48904.9,60,48915,330,420,3187890
BANKNIFTY-I.NFO,17/02/2025,09:18:03,48908.1,48905.05,90,48915,240,120,3187890
BANKNIFTY-I.NFO,17/02/2025,09:18:04,48915,48905.05,30,48914.85,120,180,3187890
BANKNIFTY-I.NFO,17/02/2025,09:18:06,48894.05,48894.05,60,48905.2,60,480,3187890
BANKNIFTY-I.NFO,17/02/2025,09:18:08,48894.05,48900,30,48903.3,60,0,3187890
BANKNIFTY-I.NFO,17/02/2025,09:18:09,48900,48895.1,90,48912.45,120,120,3187890
BANKNIFTY-I.NFO,17/02/2025,09:18:11,48908.1,48900,30,48908.6,150,60,3187890
BANKNIFTY-I.NFO,17/02/2025,09:18:13,48894.1,48901,30,48909.95,30,120,3187890
BANKNIFTY-I.NFO,17/02/2025,09:18:14,48901,48900.05,60,48914,120,120,3187890
BANKNIFTY-I.NFO,17/02/2025,09:18:16,48914.15,48901,300,48911.05,120,180,3187890
BANKNIFTY-I.NFO,17/02/2025,09:18:18,48920,48915.55,60,48920,570,570,3187890
BANKNIFTY-I.NFO,17/02/2025,09:18:19,48920,48916.5,150,48920.2,30,690,3187890
BANKNIFTY-I.NFO,17/02/2025,09:18:21,48930,48922.45,150,48930,30,210,3187890
BANKNIFTY-I.NFO,17/02/2025,09:18:23,48916.85,48914.05,900,48920.2,60,180,3187890
BANKNIFTY-I.NFO,17/02/2025,09:18:24,48927.5,48916.6,30,48929.55,120,330,3187890
BANKNIFTY-I.NFO,17/02/2025,09:18:26,48930.95,48916.85,90,48930.25,150,90,3187890
BANKNIFTY-I.NFO,17/02/2025,09:18:28,48928.75,48920.25,90,48927.55,30,540,3187890
BANKNIFTY-I.NFO,17/02/2025,09:18:29,48920.3,48920.4,30,48930,30,180,3187890
BANKNIFTY-I.NFO,17/02/2025,09:18:31,48930,48927.6,90,48931,270,60,3187890
BANKNIFTY-I.NFO,17/02/2025,09:18:33,48928.85,48928.8,90,48935.05,60,330,3187890
BANKNIFTY-I.NFO,17/02/2025,09:18:34,48928.8,48928.8,120,48935.05,60,90,3187890
BANKNIFTY-I.NFO,17/02/2025,09:18:36,48930,48928.8,30,48935,30,510,3188940
BANKNIFTY-I.NFO,17/02/2025,09:18:38,48934.55,48928.85,30,48934.65,30,270,3188940
BANKNIFTY-I.NFO,17/02/2025,09:18:39,48945.45,48930.15,120,48946.75,30,360,3188940
BANKNIFTY-I.NFO,17/02/2025,09:18:41,48935,48935,450,48948.5,120,990,3188940
BANKNIFTY-I.NFO,17/02/2025,09:18:43,48945.6,48939.3,120,48950,60,240,3188940
BANKNIFTY-I.NFO,17/02/2025,09:18:44,48942.05,48942.05,120,48949.4,60,210,3188940
BANKNIFTY-I.NFO,17/02/2025,09:18:46,48948.6,48942.05,270,48952.8,30,810,3188940
BANKNIFTY-I.NFO,17/02/2025,09:18:48,48955,48952.85,120,48955,210,120,3188940
BANKNIFTY-I.NFO,17/02/2025,09:18:49,48955,48952.85,120,48955,90,210,3188940
BANKNIFTY-I.NFO,17/02/2025,09:18:51,48948.3,48945,30,48948.3,30,660,3188940
BANKNIFTY-I.NFO,17/02/2025,09:18:53,48950,48945,30,48950,240,390,3188940
BANKNIFTY-I.NFO,17/02/2025,09:18:54,48945,48940.15,120,48945,150,330,3188940
BANKNIFTY-I.NFO,17/02/2025,09:18:56,48945,48940.45,120,48945,270,270,3188940
BANKNIFTY-I.NFO,17/02/2025,09:18:58,48945,48940.2,60,48945,210,60,3188940
BANKNIFTY-I.NFO,17/02/2025,09:18:59,48940.35,48940.2,60,48940.35,480,1170,3188940
BANKNIFTY-I.NFO,17/02/2025,09:19:01,48955,48942.05,120,48955,270,900,3188940
BANKNIFTY-I.NFO,17/02/2025,09:19:03,48944.8,48943.1,150,48959,60,810,3188940
BANKNIFTY-I.NFO,17/02/2025,09:19:04,48959,48959,270,48963.2,120,120,3188940
BANKNIFTY-I.NFO,17/02/2025,09:19:06,48969,48963.8,30,48968.65,120,60,3188940
BANKNIFTY-I.NFO,17/02/2025,09:19:08,48970.2,48956.85,300,48977.45,150,1920,3188940
BANKNIFTY-I.NFO,17/02/2025,09:19:09,48977.2,48958.05,30,48974.9,120,90,3188940
BANKNIFTY-I.NFO,17/02/2025,09:19:11,48978,48970.35,120,48978,60,240,3188940
BANKNIFTY-I.NFO,17/02/2025,09:19:13,48985.95,48970.65,150,48986.3,30,2580,3188940
BANKNIFTY-I.NFO,17/02/2025,09:19:14,48975,48971.15,120,48975,90,2580,3188940
BANKNIFTY-I.NFO,17/02/2025,09:19:16,48990.35,48977.85,90,48994.4,150,2100,3188940
BANKNIFTY-I.NFO,17/02/2025,09:19:18,48994,48992.3,120,49012.8,60,360,3188940
BANKNIFTY-I.NFO,17/02/2025,09:19:19,48992.3,48995.55,120,49012.8,60,1410,3188940
BANKNIFTY-I.NFO,17/02/2025,09:19:21,49002.95,49003.2,180,49022.7,60,360,3188940
BANKNIFTY-I.NFO,17/02/2025,09:19:23,49025,49007.55,150,49026.6,30,960,3188940
BANKNIFTY-I.NFO,17/02/2025,09:19:24,49008.45,48997.2,30,49004.9,30,1200,3188940
BANKNIFTY-I.NFO,17/02/2025,09:19:26,49006.85,48997.15,30,49004.3,60,300,3188940
BANKNIFTY-I.NFO,17/02/2025,09:19:28,49019,48997.8,90,49005,30,1860,3188940
BANKNIFTY-I.NFO,17/02/2025,09:19:29,48997.85,49000,60,49006.15,120,150,3188940
BANKNIFTY-I.NFO,17/02/2025,09:19:31,49004.75,49000.9,120,49004.8,60,90,3188940
BANKNIFTY-I.NFO,17/02/2025,09:19:33,49011.25,49009.05,60,49024.95,120,390,3188940
BANKNIFTY-I.NFO,17/02/2025,09:19:34,49018.2,48998.45,30,49016.6,120,1530,3188940
BANKNIFTY-I.NFO,17/02/2025,09:19:36,49012.7,48998.5,30,49010.35,90,330,3188940
BANKNIFTY-I.NFO,17/02/2025,09:19:38,49016.5,49009.7,120,49024.95,30,690,3188940
BANKNIFTY-I.NFO,17/02/2025,09:19:39,49024.8,49012.6,30,49016,900,300,3188940
BANKNIFTY-I.NFO,17/02/2025,09:19:41,49016,49008.25,240,49016,720,270,3188940
BANKNIFTY-I.NFO,17/02/2025,09:19:43,49008.25,49010.4,60,49016,690,420,3188940
BANKNIFTY-I.NFO,17/02/2025,09:19:44,49027.05,49011.65,120,49029.25,120,1650,3188940
BANKNIFTY-I.NFO,17/02/2025,09:19:46,49022.7,49001.3,120,49020.05,120,1860,3188940
BANKNIFTY-I.NFO,17/02/2025,09:19:48,49026.8,49015,30,49027.95,30,1830,3188940
BANKNIFTY-I.NFO,17/02/2025,09:19:49,49015,49003.2,120,49021.4,30,960,3188940
BANKNIFTY-I.NFO,17/02/2025,09:19:51,49026.8,49023.95,120,49029.75,30,990,3188940
BANKNIFTY-I.NFO,17/02/2025,09:19:53,49030,49024.1,120,49030,30,120,3188940
BANKNIFTY-I.NFO,17/02/2025,09:19:54,49023.65,49005.15,120,49021.9,30,270,3188940
BANKNIFTY-I.NFO,17/02/2025,09:19:56,49015.9,49017.7,120,49030,30,90,3188940
BANKNIFTY-I.NFO,17/02/2025,09:19:58,49022.85,49018.55,150,49033,30,390,3188940
BANKNIFTY-I.NFO,17/02/2025,09:19:59,49030.05,49009.5,30,49031.15,120,930,3188940
BANKNIFTY-I.NFO,17/02/2025,09:20:01,49029.2,49030.05,840,49032.95,60,3120,3188940
BANKNIFTY-I.NFO,17/02/2025,09:20:03,49030.05,49030.05,720,49032.9,30,150,3188940
BANKNIFTY-I.NFO,17/02/2025,09:20:04,49030.05,49032.5,570,49032.9,30,150,3188940
BANKNIFTY-I.NFO,17/02/2025,09:20:06,49038.45,49030.05,30,49039,30,2610,3188940
BANKNIFTY-I.NFO,17/02/2025,09:20:08,49039.5,49039.85,120,49048,30,1650,3188940
BANKNIFTY-I.NFO,17/02/2025,09:20:09,49049.15,49048.5,120,49060,30,2190,3188940
BANKNIFTY-I.NFO,17/02/2025,09:20:11,49065.4,49050,60,49062.3,150,270,3188940
BANKNIFTY-I.NFO,17/02/2025,09:20:13,49040.9,49040.85,240,49045.2,120,270,3188940
BANKNIFTY-I.NFO,17/02/2025,09:20:14,49051.85,49041.35,210,49050,30,690,3188940
BANKNIFTY-I.NFO,17/02/2025,09:20:16,49039.65,49047.15,30,49049.25,900,60,3188940
BANKNIFTY-I.NFO,17/02/2025,09:20:18,49049.25,49038.6,30,49049.25,750,600,3188940
BANKNIFTY-I.NFO,17/02/2025,09:20:19,49039.4,49040.25,30,49049.25,120,750,3188940
BANKNIFTY-I.NFO,17/02/2025,09:20:21,49049.25,49035.15,300,49049.25,90,150,3188940
BANKNIFTY-I.NFO,17/02/2025,09:20:23,49040,49035,30,49037.45,90,150,3188940
BANKNIFTY-I.NFO,17/02/2025,09:20:24,49048,49035,30,49042.25,120,120,3188940
BANKNIFTY-I.NFO,17/02/2025,09:20:26,49041.85,49037.55,120,49049.25,30,90,3188940
BANKNIFTY-I.NFO,17/02/2025,09:20:28,49049.65,49043.95,60,49049.65,120,180,3188940
BANKNIFTY-I.NFO,17/02/2025,09:20:29,49043.5,49037,30,49045,30,240,3188940
BANKNIFTY-I.NFO,17/02/2025,09:20:31,49045.05,49045.75,60,49049.8,30,180,3188940
BANKNIFTY-I.NFO,17/02/2025,09:20:33,49050,49054.5,60,49060,150,90,3188940
BANKNIFTY-I.NFO,17/02/2025,09:20:35,49060,49066.45,30,49070,30,150,3188940
BANKNIFTY-I.NFO,17/02/2025,09:20:36,49091.75,49075.2,60,49091.15,120,330,3188940
BANKNIFTY-I.NFO,17/02/2025,09:20:38,49076.85,49079.95,120,49097.15,60,600,3188940
BANKNIFTY-I.NFO,17/02/2025,09:20:40,49090,49086.8,120,49099,60,120,3188940
BANKNIFTY-I.NFO,17/02/2025,09:20:41,49114,49113,1260,49115,390,840,3188940
BANKNIFTY-I.NFO,17/02/2025,09:20:43,49113,49105,60,49115,330,1590,3188940
BANKNIFTY-I.NFO,17/02/2025,09:20:45,49120,49113.1,300,49130.35,120,540,3188940
BANKNIFTY-I.NFO,17/02/2025,09:20:46,49145,49131.2,120,49145,60,1410,3188940
BANKNIFTY-I.NFO,17/02/2025,09:20:48,49113.9,49100.1,60,49112.85,60,720,3188940
BANKNIFTY-I.NFO,17/02/2025,09:20:50,49112.15,49100,60,49113.6,60,600,3188940
BANKNIFTY-I.NFO,17/02/2025,09:20:51,49118.95,49102.55,120,49119.5,30,510,3188940
BANKNIFTY-I.NFO,17/02/2025,09:20:53,49108.5,49106.55,120,49120,30,330,3188940
BANKNIFTY-I.NFO,17/02/2025,09:20:55,49120.5,49106.7,180,49119.7,30,90,3188940
BANKNIFTY-I.NFO,17/02/2025,09:20:56,49119.05,49106.7,30,49114.8,60,450,3188940
BANKNIFTY-I.NFO,17/02/2025,09:20:58,49119.9,49114.8,30,49120,30,180,3188940
BANKNIFTY-I.NFO,17/02/2025,09:21:00,49130.35,49134.75,60,49145,60,690,3188940
BANKNIFTY-I.NFO,17/02/2025,09:21:01,49136.25,49134.75,150,49142.4,120,210,3188940
BANKNIFTY-I.NFO,17/02/2025,09:21:03,49129.6,49120.5,60,49131.75,30,660,3188940
BANKNIFTY-I.NFO,17/02/2025,09:21:05,49142.7,49128.15,120,49142.65,30,120,3188940
BANKNIFTY-I.NFO,17/02/2025,09:21:06,49134.6,49136,90,49140,60,240,3188940
BANKNIFTY-I.NFO,17/02/2025,09:21:08,49146,49138.85,60,49147,60,210,3188940
BANKNIFTY-I.NFO,17/02/2025,09:21:10,49142.1,49142,30,49154.25,120,750,3188940
BANKNIFTY-I.NFO,17/02/2025,09:21:11,49139.75,49130,30,49138.35,120,270,3188940
BANKNIFTY-I.NFO,17/02/2025,09:21:13,49153.8,49125,120,49144.45,360,5340,3188940
BANKNIFTY-I.NFO,17/02/2025,09:21:15,49127.8,49127.6,120,49146.1,60,420,3188940
BANKNIFTY-I.NFO,17/02/2025,09:21:16,49131.65,49120.35,30,49132.85,180,7440,3188940
BANKNIFTY-I.NFO,17/02/2025,09:21:18,49114.95,49114.9,30,49122.65,30,90,3188940
BANKNIFTY-I.NFO,17/02/2025,09:21:20,49114.9,49111.15,30,49115.5,30,360,3188940
BANKNIFTY-I.NFO,17/02/2025,09:21:21,49116,49107.2,30,49118.2,30,300,3188940
BANKNIFTY-I.NFO,17/02/2025,09:21:23,49101,49101,120,49107.45,30,180,3188940
BANKNIFTY-I.NFO,17/02/2025,09:21:25,49120.1,49101,120,49120.1,210,780,3188940
BANKNIFTY-I.NFO,17/02/2025,09:21:26,49106.75,49106.75,120,49119.35,90,540,3188940
BANKNIFTY-I.NFO,17/02/2025,09:21:28,49120.1,49114.95,30,49125,30,90,3188940
BANKNIFTY-I.NFO,17/02/2025,09:21:30,49118.3,49106.8,120,49122.55,30,300,3188940
BANKNIFTY-I.NFO,17/02/2025,09:21:31,49124.3,49114.3,30,49123.95,30,60,3188940
BANKNIFTY-I.NFO,17/02/2025,09:21:33,49125,49116.35,120,49125,60,240,3188940
BANKNIFTY-I.NFO,17/02/2025,09:21:35,49120.4,49120.4,30,49132.65,60,180,3188940
BANKNIFTY-I.NFO,17/02/2025,09:21:36,49120.4,49122.35,30,49124.3,90,90,3177150
BANKNIFTY-I.NFO,17/02/2025,09:21:38,49124.3,49113,30,49124.45,120,510,3177150
BANKNIFTY-I.NFO,17/02/2025,09:21:40,49100.8,49100.65,30,49114.55,30,990,3177150
BANKNIFTY-I.NFO,17/02/2025,09:21:41,49111.3,49100.05,30,49111.7,30,1800,3177150
BANKNIFTY-I.NFO,17/02/2025,09:21:43,49100.25,49100.3,30,49112.35,30,1350,3177150
BANKNIFTY-I.NFO,17/02/2025,09:21:44,49111.85,49111.85,870,49115,60,60,3177150
BANKNIFTY-I.NFO,17/02/2025,09:21:46,49112.45,49100.35,30,49111.75,60,1140,3177150
BANKNIFTY-I.NFO,17/02/2025,09:21:48,49111.05,49101.65,120,49117.05,30,870,3177150
BANKNIFTY-I.NFO,17/02/2025,09:21:49,49103.2,49103.4,150,49119.05,60,270,3177150
BANKNIFTY-I.NFO,17/02/2025,09:21:51,49121.15,49113,30,49120.35,60,900,3177150
BANKNIFTY-I.NFO,17/02/2025,09:21:53,49117.3,49106.1,30,49115.35,60,270,3177150
BANKNIFTY-I.NFO,17/02/2025,09:21:54,49100.4,49100.4,60,49112.35,30,240,3177150
BANKNIFTY-I.NFO,17/02/2025,09:21:56,49111.9,49106.25,30,49112.35,30,180,3177150
BANKNIFTY-I.NFO,17/02/2025,09:21:58,49112.45,49107.5,150,49112.45,30,180,3177150
BANKNIFTY-I.NFO,17/02/2025,09:21:59,49112.35,49112.45,30,49117.3,30,120,3177150
BANKNIFTY-I.NFO,17/02/2025,09:22:01,49112.35,49114.85,30,49117.25,30,0,3177150
BANKNIFTY-I.NFO,17/02/2025,09:22:03,49117.3,49114.85,90,49120.35,90,150,3177150
BANKNIFTY-I.NFO,17/02/2025,09:22:04,49108.85,49102.35,30,49116.25,360,360,3177150
BANKNIFTY-I.NFO,17/02/2025,09:22:06,49120.35,49111.85,120,49125.75,30,60,3177150
BANKNIFTY-I.NFO,17/02/2025,09:22:07,49111.95,49111.95,120,49119.8,60,450,3177150
BANKNIFTY-I.NFO,17/02/2025,09:22:09,49114.5,49102.35,30,49110.55,30,390,3177150
BANKNIFTY-I.NFO,17/02/2025,09:22:11,49114.35,49108.55,30,49115.5,120,930,3177150
BANKNIFTY-I.NFO,17/02/2025,09:22:12,49112.75,49101.95,120,49118.05,30,60,3177150
BANKNIFTY-I.NFO,17/02/2025,09:22:14,49103.25,49108.65,90,49118.05,30,30,3177150
BANKNIFTY-I.NFO,17/02/2025,09:22:16,49108.65,49114.6,30,49118.05,30,30,3177150
BANKNIFTY-I.NFO,17/02/2025,09:22:17,49114.6,49098.1,360,49114.5,30,210,3177150
BANKNIFTY-I.NFO,17/02/2025,09:22:19,49103.55,49108,120,49118.05,120,180,3177150
BANKNIFTY-I.NFO,17/02/2025,09:22:21,49118.05,49113.05,30,49118.05,60,60,3177150
BANKNIFTY-I.NFO,17/02/2025,09:22:22,49108,49096.9,30,49109.7,120,210,3177150
BANKNIFTY-I.NFO,17/02/2025,09:22:24,49097,49088.55,30,49101.65,120,30,3177150
BANKNIFTY-I.NFO,17/02/2025,09:22:25,49097,49088.55,60,49095.25,300,0,3177150
BANKNIFTY-I.NFO,17/02/2025,09:22:27,49079.7,49075.2,30,49078.65,120,240,3177150
BANKNIFTY-I.NFO,17/02/2025,09:22:29,49075,49065.75,300,49075.75,300,150,3177150
BANKNIFTY-I.NFO,17/02/2025,09:22:30,49065.9,49061.55,120,49076.9,120,90,3177150
BANKNIFTY-I.NFO,17/02/2025,09:22:32,49088.9,49070.35,120,49084.8,60,1590,3177150
BANKNIFTY-I.NFO,17/02/2025,09:22:34,49061.45,49064.1,300,49075.65,90,30,3177150
BANKNIFTY-I.NFO,17/02/2025,09:22:35,49064.1,49060.35,30,49071.8,30,90,3177150
BANKNIFTY-I.NFO,17/02/2025,09:22:37,49066.05,49060.35,30,49065.95,30,30,3177150
BANKNIFTY-I.NFO,17/02/2025,09:22:39,49049,49040,30,49050,150,300,3177150
BANKNIFTY-I.NFO,17/02/2025,09:22:40,49050,49035,300,49045,60,270,3177150
BANKNIFTY-I.NFO,17/02/2025,09:22:42,49040.3,49035.3,150,49045,60,30,3177150
BANKNIFTY-I.NFO,17/02/2025,09:22:44,49050,49038.35,150,49050,30,240,3177150
BANKNIFTY-I.NFO,17/02/2025,09:22:45,49038.95,49038.5,30,49050,30,120,3177150
BANKNIFTY-I.NFO,17/02/2025,09:22:47,49035.8,49036.8,150,49050,30,360,3177150
BANKNIFTY-I.NFO,17/02/2025,09:22:49,49040,49039.5,60,49050,30,90,3177150
BANKNIFTY-I.NFO,17/02/2025,09:22:50,49050,49046.3,120,49059.8,60,60,3177150
BANKNIFTY-I.NFO,17/02/2025,09:22:52,49050,49040,60,49050,60,240,3177150
BANKNIFTY-I.NFO,17/02/2025,09:22:54,49050,49040,90,49050,60,0,3177150
BANKNIFTY-I.NFO,17/02/2025,09:22:55,49050,49036.95,60,49053.7,30,330,3177150
BANKNIFTY-I.NFO,17/02/2025,09:22:57,49052.1,49040.55,60,49054.35,30,150,3177150
BANKNIFTY-I.NFO,17/02/2025,09:22:59,49040,49035.8,30,49048.45,120,30,3177150
BANKNIFTY-I.NFO,17/02/2025,09:23:00,49059.35,49041.05,60,49059.35,120,480,3177150
BANKNIFTY-I.NFO,17/02/2025,09:23:02,49060,49060.05,60,49077.6,120,60,3177150
BANKNIFTY-I.NFO,17/02/2025,09:23:04,49060.05,49066.35,30,49083.45,120,150,3177150
BANKNIFTY-I.NFO,17/02/2025,09:23:05,49062.3,49063.35,30,49080.35,120,150,3177150
BANKNIFTY-I.NFO,17/02/2025,09:23:07,49070.95,49068.1,150,49080,30,60,3177150
BANKNIFTY-I.NFO,17/02/2025,09:23:09,49077.4,49077.7,150,49092,90,150,3177150
BANKNIFTY-I.NFO,17/02/2025,09:23:10,49092,49082.85,150,49099.65,150,120,3177150
BANKNIFTY-I.NFO,17/02/2025,09:23:12,49080,49076.5,30,49093.1,150,120,3177150
BANKNIFTY-I.NFO,17/02/2025,09:23:14,49096.3,49076.15,120,49094.45,90,570,3177150
BANKNIFTY-I.NFO,17/02/2025,09:23:15,49098.15,49083.95,30,49098.3,180,270,3177150
BANKNIFTY-I.NFO,17/02/2025,09:23:17,49091.15,49080,30,49083.95,30,60,3177150
BANKNIFTY-I.NFO,17/02/2025,09:23:19,49094.4,49086.4,60,49099.7,150,60,3177150
BANKNIFTY-I.NFO,17/02/2025,09:23:20,49098.15,49084.2,240,49101.9,120,210,3177150
BANKNIFTY-I.NFO,17/02/2025,09:23:22,49107.6,49090.55,240,49099,30,360,3177150
BANKNIFTY-I.NFO,17/02/2025,09:23:24,49113.85,49102.95,30,49115,60,60,3177150
BANKNIFTY-I.NFO,17/02/2025,09:23:25,49113.85,49103.1,30,49107.6,30,0,3177150
BANKNIFTY-I.NFO,17/02/2025,09:23:27,49103,49102.95,30,49107.6,30,300,3177150
BANKNIFTY-I.NFO,17/02/2025,09:23:29,49102.95,49091.3,240,49109.1,30,60,3177150
BANKNIFTY-I.NFO,17/02/2025,09:23:30,49100,49094.6,240,49109.8,30,30,3177150
BANKNIFTY-I.NFO,17/02/2025,09:23:32,49101.5,49091.25,30,49103.65,30,30,3177150
BANKNIFTY-I.NFO,17/02/2025,09:23:34,49091.3,49083.05,240,49100,60,60,3177150
BANKNIFTY-I.NFO,17/02/2025,09:23:35,49090.85,49080,60,49092.6,30,60,3177150
BANKNIFTY-I.NFO,17/02/2025,09:23:37,49089.4,49080,60,49087.6,30,30,3177150
BANKNIFTY-I.NFO,17/02/2025,09:23:39,49094.8,49085,30,49095.2,30,30,3177150
BANKNIFTY-I.NFO,17/02/2025,09:23:40,49085,49080,60,49089,30,180,3177150
BANKNIFTY-I.NFO,17/02/2025,09:23:42,49080,49080,30,49090.95,60,60,3177150
BANKNIFTY-I.NFO,17/02/2025,09:23:44,49093,49080,30,49090.75,30,60,3177150
BANKNIFTY-I.NFO,17/02/2025,09:23:45,49081.65,49082.35,240,49089.8,30,90,3177150
BANKNIFTY-I.NFO,17/02/2025,09:23:47,49094.8,49086.75,240,49094.8,60,150,3177150
BANKNIFTY-I.NFO,17/02/2025,09:23:49,49095,49091.85,240,49100,60,150,3177150
BANKNIFTY-I.NFO,17/02/2025,09:23:50,49105,49097.2,30,49107.95,150,150,3177150
BANKNIFTY-I.NFO,17/02/2025,09:23:52,49085,49085,30,49092.45,150,150,3177150
BANKNIFTY-I.NFO,17/02/2025,09:23:54,49080,49081.6,240,49085,30,60,3177150
BANKNIFTY-I.NFO,17/02/2025,09:23:55,49096.85,49086.35,30,49096.9,30,1020,3177150
BANKNIFTY-I.NFO,17/02/2025,09:23:57,49091.05,49089.5,240,49104.95,240,120,3177150
BANKNIFTY-I.NFO,17/02/2025,09:23:59,49091.05,49096.85,30,49105,60,0,3177150
BANKNIFTY-I.NFO,17/02/2025,09:24:00,49105,49101.15,210,49105,30,210,3177150
BANKNIFTY-I.NFO,17/02/2025,09:24:02,49105,49103.05,30,49114.9,30,30,3177150
BANKNIFTY-I.NFO,17/02/2025,09:24:04,49115,49100.65,210,49114.8,240,90,3177150
BANKNIFTY-I.NFO,17/02/2025,09:24:05,49111.95,49111.95,120,49115,330,120,3177150
BANKNIFTY-I.NFO,17/02/2025,09:24:07,49111.6,49100.2,120,49114.95,240,30,3177150
BANKNIFTY-I.NFO,17/02/2025,09:24:09,49096.85,49091.05,30,49103.7,240,210,3177150
BANKNIFTY-I.NFO,17/02/2025,09:24:10,49100.05,49091.05,30,49100.2,270,30,3177150
BANKNIFTY-I.NFO,17/02/2025,09:24:12,49095.35,49091.5,180,49105.05,30,60,3177150
BANKNIFTY-I.NFO,17/02/2025,09:24:14,49100.05,49091.05,30,49102.25,240,30,3177150
BANKNIFTY-I.NFO,17/02/2025,09:24:15,49091.1,49091.05,30,49105,240,30,3177150
BANKNIFTY-I.NFO,17/02/2025,09:24:17,49100.05,49097.3,30,49105.05,60,30,3177150
BANKNIFTY-I.NFO,17/02/2025,09:24:19,49091.05,49090,30,49100,30,60,3177150
BANKNIFTY-I.NFO,17/02/2025,09:24:20,49101.3,49090.2,30,49101.85,240,60,3177150
BANKNIFTY-I.NFO,17/02/2025,09:24:22,49096.35,49090,30,49095.35,180,120,3177150
BANKNIFTY-I.NFO,17/02/2025,09:24:24,49096.35,49090.1,30,49095.35,210,0,3177150
BANKNIFTY-I.NFO,17/02/2025,09:24:25,49095.35,49094.4,240,49099.8,60,240,3177150
BANKNIFTY-I.NFO,17/02/2025,09:24:27,49096,49090,90,49104.65,240,60,3177150
BANKNIFTY-I.NFO,17/02/2025,09:24:29,49089,49086.1,30,49092.85,180,240,3177150
BANKNIFTY-I.NFO,17/02/2025,09:24:30,49086.1,49078.3,30,49093.5,180,30,3177150
BANKNIFTY-I.NFO,17/02/2025,09:24:32,49086.1,49085.8,30,49091.6,180,0,3177150
BANKNIFTY-I.NFO,17/02/2025,09:24:33,49085.8,49085.8,30,49091.1,210,60,3177150
BANKNIFTY-I.NFO,17/02/2025,09:24:35,49085.8,49072.85,90,49088.95,210,30,3177150
BANKNIFTY-I.NFO,17/02/2025,09:24:37,49085.8,49074.75,240,49091.1,180,0,3177150
BANKNIFTY-I.NFO,17/02/2025,09:24:38,49074.75,49070.05,30,49085.4,180,60,3177180
BANKNIFTY-I.NFO,17/02/2025,09:24:40,49074.75,49086,30,49090.8,30,0,3177180
BANKNIFTY-I.NFO,17/02/2025,09:24:42,49090.8,49086.25,240,49104.7,180,30,3177180
BANKNIFTY-I.NFO,17/02/2025,09:24:43,49090.8,49086,30,49094.8,60,0,3177180
BANKNIFTY-I.NFO,17/02/2025,09:24:45,49086,49079.45,30,49093.7,180,90,3177180
BANKNIFTY-I.NFO,17/02/2025,09:24:47,49099.85,49084.05,240,49099.95,180,150,3177180
BANKNIFTY-I.NFO,17/02/2025,09:24:48,49090.8,49089.9,210,49100,300,120,3177180
BANKNIFTY-I.NFO,17/02/2025,09:24:50,49100,49099.35,90,49105,30,420,3177180
BANKNIFTY-I.NFO,17/02/2025,09:24:52,49106,49106,30,49113,30,60,3177180
BANKNIFTY-I.NFO,17/02/2025,09:24:53,49111,49107.55,90,49113,30,30,3177180
BANKNIFTY-I.NFO,17/02/2025,09:24:55,49106.8,49106,60,49112.9,30,450,3177180
BANKNIFTY-I.NFO,17/02/2025,09:24:57,49113,49106,30,49116,30,120,3177180
BANKNIFTY-I.NFO,17/02/2025,09:24:58,49123.45,49116.05,150,49124,30,90,3177180
BANKNIFTY-I.NFO,17/02/2025,09:25:00,49118,49123.25,210,49132.7,30,420,3177180
BANKNIFTY-I.NFO,17/02/2025,09:25:02,49123.25,49122.1,30,49132.65,90,600,3177180
BANKNIFTY-I.NFO,17/02/2025,09:25:03,49123.25,49112,30,49125.05,120,0,3177180
BANKNIFTY-I.NFO,17/02/2025,09:25:05,49120.3,49114.95,60,49125.05,120,90,3177180
BANKNIFTY-I.NFO,17/02/2025,09:25:07,49117.25,49117.55,30,49125.05,30,180,3177180
BANKNIFTY-I.NFO,17/02/2025,09:25:08,49123.25,49123.25,150,49132,60,120,3177180
BANKNIFTY-I.NFO,17/02/2025,09:25:10,49138,49138.4,180,49144.45,30,330,3177180
BANKNIFTY-I.NFO,17/02/2025,09:25:12,49151,49140.35,30,49152.45,30,660,3177180
BANKNIFTY-I.NFO,17/02/2025,09:25:13,49156,49143.25,30,49156,30,270,3177180
BANKNIFTY-I.NFO,17/02/2025,09:25:15,49147.85,49147.85,90,49163.25,120,1200,3177180
BANKNIFTY-I.NFO,17/02/2025,09:25:17,49166.8,49154.6,240,49169.65,30,60,3177180
BANKNIFTY-I.NFO,17/02/2025,09:25:18,49154.7,49154.7,240,49169.85,30,60,3177180
BANKNIFTY-I.NFO,17/02/2025,09:25:20,49170,49156.65,270,49173.75,150,60,3177180
BANKNIFTY-I.NFO,17/02/2025,09:25:22,49185,49175.2,270,49187,60,420,3177180
BANKNIFTY-I.NFO,17/02/2025,09:25:22,49185,49175.2,270,49187,60,0,3177180
BANKNIFTY-I.NFO,17/02/2025,09:25:23,49190,49189.7,240,49195.05,30,5130,3177180
BANKNIFTY-I.NFO,17/02/2025,09:25:23,49190,49189.7,240,49195.05,30,0,3177180
BANKNIFTY-I.NFO,17/02/2025,09:25:25,49214.95,49202.1,60,49209.35,120,930,3177180
BANKNIFTY-I.NFO,17/02/2025,09:25:25,49214.95,49202.1,60,49209.35,120,0,3177180
BANKNIFTY-I.NFO,17/02/2025,09:25:27,49199.6,49193.8,30,49199.7,30,1410,3177180
BANKNIFTY-I.NFO,17/02/2025,09:25:28,49212.75,49198.05,30,49213.35,30,150,3177180
BANKNIFTY-I.NFO,17/02/2025,09:25:30,49193.8,49189.65,240,49208.45,30,270,3177180
BANKNIFTY-I.NFO,17/02/2025,09:25:32,49198.95,49199.25,330,49214.9,90,120,3177180
BANKNIFTY-I.NFO,17/02/2025,09:25:34,49201.9,49200.2,240,49214.85,120,30,3177180
BANKNIFTY-I.NFO,17/02/2025,09:25:35,49200.2,49200.2,30,49214.85,90,60,3177180
BANKNIFTY-I.NFO,17/02/2025,09:25:37,49201.8,49200.2,30,49211.95,150,120,3177180
BANKNIFTY-I.NFO,17/02/2025,09:25:39,49190,49182.85,240,49201.5,240,900,3177180
BANKNIFTY-I.NFO,17/02/2025,09:25:40,49182.85,49180,30,49196.15,210,180,3177180
BANKNIFTY-I.NFO,17/02/2025,09:25:42,49183.4,49180,90,49183.3,150,60,3177180
BANKNIFTY-I.NFO,17/02/2025,09:25:43,49183.35,49180.05,300,49183.4,270,180,3177180
BANKNIFTY-I.NFO,17/02/2025,09:25:45,49198.25,49186.3,240,49200,30,330,3177180
BANKNIFTY-I.NFO,17/02/2025,09:25:47,49197.5,49186.3,30,49197.4,30,150,3177180
BANKNIFTY-I.NFO,17/02/2025,09:25:48,49198.8,49186.3,30,49198.6,30,210,3177180
BANKNIFTY-I.NFO,17/02/2025,09:25:50,49200.8,49186.35,30,49200.55,30,60,3177180
BANKNIFTY-I.NFO,17/02/2025,09:25:52,49187.5,49187.45,240,49200,30,300,3177180
BANKNIFTY-I.NFO,17/02/2025,09:25:53,49200,49187.5,300,49201.9,60,30,3177180
BANKNIFTY-I.NFO,17/02/2025,09:25:55,49199,49187.6,30,49194.4,120,210,3177180
BANKNIFTY-I.NFO,17/02/2025,09:25:57,49176.65,49175,90,49185.65,120,330,3177180
BANKNIFTY-I.NFO,17/02/2025,09:25:58,49167.8,49166.7,150,49179.15,240,510,3177180
BANKNIFTY-I.NFO,17/02/2025,09:26:00,49160,49156.7,30,49164.95,270,330,3177180
BANKNIFTY-I.NFO,17/02/2025,09:26:02,49155.85,49150.1,60,49159.85,60,120,3177180
BANKNIFTY-I.NFO,17/02/2025,09:26:03,49150.1,49150.1,60,49154.45,240,60,3177180
BANKNIFTY-I.NFO,17/02/2025,09:26:05,49123.7,49123.7,60,49141.1,240,1260,3177180
BANKNIFTY-I.NFO,17/02/2025,09:26:07,49142.8,49126.7,30,49142.9,240,930,3177180
BANKNIFTY-I.NFO,17/02/2025,09:26:08,49139.7,49126.75,30,49139.7,240,90,3177180
BANKNIFTY-I.NFO,17/02/2025,09:26:10,49131.1,49120,390,49132.75,270,120,3177180
BANKNIFTY-I.NFO,17/02/2025,09:26:12,49133.2,49120.05,210,49135.95,240,90,3177180
BANKNIFTY-I.NFO,17/02/2025,09:26:13,49135.65,49122.9,210,49139.2,240,90,3177180
BANKNIFTY-I.NFO,17/02/2025,09:26:15,49128.95,49124.5,30,49134.8,60,60,3177180
BANKNIFTY-I.NFO,17/02/2025,09:26:17,49132.15,49124.5,60,49129.45,240,90,3177180
BANKNIFTY-I.NFO,17/02/2025,09:26:18,49124.5,49120,360,49127.3,240,180,3177180
BANKNIFTY-I.NFO,17/02/2025,09:26:20,49127.3,49120,750,49128.4,240,90,3177180
BANKNIFTY-I.NFO,17/02/2025,09:26:22,49120,49110.5,30,49119.05,240,1110,3177180
BANKNIFTY-I.NFO,17/02/2025,09:26:23,49100,49100.05,60,49110.1,30,120,3177180
BANKNIFTY-I.NFO,17/02/2025,09:26:25,49115.1,49109.45,60,49115.1,30,120,3177180
BANKNIFTY-I.NFO,17/02/2025,09:26:27,49120,49120,300,49122.8,60,150,3177180
BANKNIFTY-I.NFO,17/02/2025,09:26:28,49120.7,49102.2,150,49119.5,240,420,3177180
BANKNIFTY-I.NFO,17/02/2025,09:26:30,49120.7,49106.6,150,49122.65,240,0,3177180
BANKNIFTY-I.NFO,17/02/2025,09:26:32,49120,49109.65,180,49122.8,30,60,3177180
BANKNIFTY-I.NFO,17/02/2025,09:26:33,49122.8,49113.5,150,49119,60,30,3177180
BANKNIFTY-I.NFO,17/02/2025,09:26:35,49120,49120,300,49123.25,30,90,3177180
BANKNIFTY-I.NFO,17/02/2025,09:26:37,49124.8,49124.15,150,49139.85,240,90,3177180
BANKNIFTY-I.NFO,17/02/2025,09:26:38,49120,49124.15,60,49132.6,240,90,3177180
BANKNIFTY-I.NFO,17/02/2025,09:26:40,49124.15,49119,60,49123.05,240,330,3177180
BANKNIFTY-I.NFO,17/02/2025,09:26:42,49120,49119,30,49122.9,60,90,3177180
BANKNIFTY-I.NFO,17/02/2025,09:26:43,49129.4,49115.15,270,49131.05,90,960,3177180
BANKNIFTY-I.NFO,17/02/2025,09:26:45,49120,49121.25,240,49139.65,60,60,3177180
BANKNIFTY-I.NFO,17/02/2025,09:26:47,49139.85,49139.85,1980,49145,30,30,3177180
BANKNIFTY-I.NFO,17/02/2025,09:26:48,49150,49140.15,240,49150,60,90,3177180
BANKNIFTY-I.NFO,17/02/2025,09:26:50,49150.1,49140.4,270,49156.4,90,90,3177180
BANKNIFTY-I.NFO,17/02/2025,09:26:52,49160.7,49142.45,30,49154.1,30,240,3177180
BANKNIFTY-I.NFO,17/02/2025,09:26:53,49157.7,49142.6,30,49155.7,180,120,3177180
BANKNIFTY-I.NFO,17/02/2025,09:26:55,49156.2,49147.45,240,49159.8,90,90,3177180
BANKNIFTY-I.NFO,17/02/2025,09:26:57,49156.2,49148.05,30,49159.8,90,0,3177180
BANKNIFTY-I.NFO,17/02/2025,09:26:58,49148.05,49148.05,300,49159,90,270,3177180
BANKNIFTY-I.NFO,17/02/2025,09:27:00,49155.65,49148.25,120,49155.7,120,210,3177180
BANKNIFTY-I.NFO,17/02/2025,09:27:02,49139.85,49139.85,1890,49145,60,630,3177180
BANKNIFTY-I.NFO,17/02/2025,09:27:03,49139.85,49139.95,60,49145.85,30,60,3177180
BANKNIFTY-I.NFO,17/02/2025,09:27:05,49126.4,49126.4,240,49138,30,2040,3177180
BANKNIFTY-I.NFO,17/02/2025,09:27:07,49126.4,49126.45,60,49134.9,30,0,3177180
BANKNIFTY-I.NFO,17/02/2025,09:27:08,49126.5,49120.05,240,49134.45,30,60,3177180
BANKNIFTY-I.NFO,17/02/2025,09:27:10,49126.5,49120,450,49132.25,90,0,3177180
BANKNIFTY-I.NFO,17/02/2025,09:27:12,49121.05,49120,450,49124.25,120,30,3177180
BANKNIFTY-I.NFO,17/02/2025,09:27:13,49115.1,49111,30,49115.5,60,930,3177180
BANKNIFTY-I.NFO,17/02/2025,09:27:15,49110,49102.65,30,49112.35,30,60,3177180
BANKNIFTY-I.NFO,17/02/2025,09:27:17,49100.85,49102.7,90,49109.45,150,240,3177180
BANKNIFTY-I.NFO,17/02/2025,09:27:18,49102.7,49102.7,60,49109.8,60,30,3177180
BANKNIFTY-I.NFO,17/02/2025,09:27:20,49102.7,49102.7,30,49109.8,30,120,3177180
BANKNIFTY-I.NFO,17/02/2025,09:27:22,49102.7,49100.3,30,49109.75,60,60,3177180
BANKNIFTY-I.NFO,17/02/2025,09:27:23,49100.85,49100.3,60,49109.75,60,60,3177180
BANKNIFTY-I.NFO,17/02/2025,09:27:25,49100.3,49100.05,240,49109.5,30,600,3177180
BANKNIFTY-I.NFO,17/02/2025,09:27:27,49109.75,49095.2,300,49112.35,120,1140,3177180
BANKNIFTY-I.NFO,17/02/2025,09:27:28,49109.75,49095.25,120,49106.85,120,0,3177180
BANKNIFTY-I.NFO,17/02/2025,09:27:30,49102.7,49095.25,60,49100,150,90,3177180
BANKNIFTY-I.NFO,17/02/2025,09:27:31,49095.3,49095.3,30,49100,150,30,3177180
BANKNIFTY-I.NFO,17/02/2025,09:27:33,49095.3,49095.3,90,49099.95,90,30,3177180
BANKNIFTY-I.NFO,17/02/2025,09:27:35,49095.3,49083.95,240,49100,180,90,3177180
BANKNIFTY-I.NFO,17/02/2025,09:27:36,49085.8,49087.55,240,49100,180,150,3177180
BANKNIFTY-I.NFO,17/02/2025,09:27:38,49086.9,49087.55,30,49100,180,930,3178620
BANKNIFTY-I.NFO,17/02/2025,09:27:40,49094.05,49094.05,30,49102.7,30,300,3178620
BANKNIFTY-I.NFO,17/02/2025,09:27:41,49101.35,49100.4,90,49118.5,60,270,3178620
BANKNIFTY-I.NFO,17/02/2025,09:27:43,49101.6,49105.95,150,49118.5,60,60,3178620
BANKNIFTY-I.NFO,17/02/2025,09:27:45,49118.5,49105.95,120,49118.35,300,60,3178620
BANKNIFTY-I.NFO,17/02/2025,09:27:46,49115,49105.95,120,49118.4,240,60,3178620
BANKNIFTY-I.NFO,17/02/2025,09:27:48,49119.8,49119.05,30,49126.5,30,90,3178620
BANKNIFTY-I.NFO,17/02/2025,09:27:50,49126.5,49123.6,60,49141.75,240,30,3178620
BANKNIFTY-I.NFO,17/02/2025,09:27:51,49127.8,49127.45,60,49142.65,30,90,3178620
BANKNIFTY-I.NFO,17/02/2025,09:27:53,49127.5,49127.45,120,49144.85,240,120,3178620
BANKNIFTY-I.NFO,17/02/2025,09:27:55,49127.45,49132,210,49144.95,30,30,3178620
BANKNIFTY-I.NFO,17/02/2025,09:27:56,49132.05,49136,30,49140,30,30,3178620
BANKNIFTY-I.NFO,17/02/2025,09:27:58,49136,49122.75,60,49136.55,240,180,3178620
BANKNIFTY-I.NFO,17/02/2025,09:28:00,49118.45,49111,300,49120,30,90,3178620
BANKNIFTY-I.NFO,17/02/2025,09:28:01,49118.45,49111,330,49115.4,30,0,3178620
BANKNIFTY-I.NFO,17/02/2025,09:28:03,49111,49111,330,49115.35,30,120,3178620
BANKNIFTY-I.NFO,17/02/2025,09:28:05,49111,49105.95,30,49111.15,240,390,3178620
BANKNIFTY-I.NFO,17/02/2025,09:28:06,49105.95,49100,150,49110.05,30,30,3178620
BANKNIFTY-I.NFO,17/02/2025,09:28:08,49110.95,49100.05,30,49111,30,60,3178620
BANKNIFTY-I.NFO,17/02/2025,09:28:10,49111,49103,90,49119.8,90,60,3178620
BANKNIFTY-I.NFO,17/02/2025,09:28:11,49110.05,49112,60,49119.8,90,30,3178620
BANKNIFTY-I.NFO,17/02/2025,09:28:13,49135.2,49119.75,60,49134.1,240,150,3178620
BANKNIFTY-I.NFO,17/02/2025,09:28:15,49138.25,49119.8,30,49127.7,240,60,3178620
BANKNIFTY-I.NFO,17/02/2025,09:28:16,49138.25,49119.95,90,49126.9,30,0,3178620
BANKNIFTY-I.NFO,17/02/2025,09:28:18,49119.95,49121,60,49126.9,30,30,3178620
BANKNIFTY-I.NFO,17/02/2025,09:28:20,49121,49121,60,49126.9,30,120,3178620
BANKNIFTY-I.NFO,17/02/2025,09:28:21,49121,49121.05,60,49126.9,30,0,3178620
BANKNIFTY-I.NFO,17/02/2025,09:28:23,49121,49121.1,60,49126.85,90,0,3178620
BANKNIFTY-I.NFO,17/02/2025,09:28:24,49121.1,49121.1,60,49126.85,90,90,3178620
BANKNIFTY-I.NFO,17/02/2025,09:28:26,49124.5,49124.85,60,49129.8,60,120,3178620
BANKNIFTY-I.NFO,17/02/2025,09:28:28,49129.8,49124.85,90,49129.8,30,60,3178620
BANKNIFTY-I.NFO,17/02/2025,09:28:29,49129.8,49126,30,49133.3,30,30,3178620
BANKNIFTY-I.NFO,17/02/2025,09:28:31,49133.3,49127.4,120,49136.65,30,60,3178620
BANKNIFTY-I.NFO,17/02/2025,09:28:33,49127.6,49127.45,30,49133.05,240,30,3178620
BANKNIFTY-I.NFO,17/02/2025,09:28:34,49118.45,49105.15,60,49120.85,240,390,3178620
BANKNIFTY-I.NFO,17/02/2025,09:28:36,49106.4,49105.15,90,49120.95,240,90,3178620
BANKNIFTY-I.NFO,17/02/2025,09:28:38,49118.85,49107.15,120,49123.7,240,30,3178620
BANKNIFTY-I.NFO,17/02/2025,09:28:39,49118.85,49107.15,90,49116.55,240,0,3178620
BANKNIFTY-I.NFO,17/02/2025,09:28:41,49118.25,49107.15,90,49119.6,300,150,3178620
BANKNIFTY-I.NFO,17/02/2025,09:28:43,49107.15,49105.15,30,49116.8,30,120,3178620
BANKNIFTY-I.NFO,17/02/2025,09:28:44,49105.05,49105,90,49113.25,240,30,3178620
BANKNIFTY-I.NFO,17/02/2025,09:28:46,49105,49100.1,30,49108.95,180,150,3178620
BANKNIFTY-I.NFO,17/02/2025,09:28:48,49113.2,49102.25,240,49118.9,180,30,3178620
BANKNIFTY-I.NFO,17/02/2025,09:28:49,49100.1,49100.05,30,49108.2,30,120,3178620
BANKNIFTY-I.NFO,17/02/2025,09:28:51,49099.95,49090,30,49100.15,90,240,3178620
BANKNIFTY-I.NFO,17/02/2025,09:28:53,49100.15,49095.95,240,49104.8,30,90,3178620
BANKNIFTY-I.NFO,17/02/2025,09:28:54,49105,49105.1,210,49118.95,60,150,3178620
BANKNIFTY-I.NFO,17/02/2025,09:28:56,49105.4,49105.05,60,49113.55,240,60,3178620
BANKNIFTY-I.NFO,17/02/2025,09:28:58,49105.4,49105.15,150,49118.95,60,0,3178620
BANKNIFTY-I.NFO,17/02/2025,09:28:59,49105.4,49116.45,30,49118.95,60,0,3178620
BANKNIFTY-I.NFO,17/02/2025,09:29:01,49106.1,49116.45,90,49118.65,30,60,3178620
BANKNIFTY-I.NFO,17/02/2025,09:29:03,49120,49108.9,90,49124.9,30,300,3178620
BANKNIFTY-I.NFO,17/02/2025,09:29:04,49124.9,49114.3,120,49125,120,60,3178620
BANKNIFTY-I.NFO,17/02/2025,09:29:06,49118.3,49115.35,60,49125,120,30,3178620
BANKNIFTY-I.NFO,17/02/2025,09:29:08,49125,49115.35,90,49122.15,270,30,3178620
BANKNIFTY-I.NFO,17/02/2025,09:29:09,49115.35,49105.1,60,49123,240,90,3178620
BANKNIFTY-I.NFO,17/02/2025,09:29:11,49118.25,49105.1,120,49119.8,30,30,3178620
BANKNIFTY-I.NFO,17/02/2025,09:29:13,49105.15,49108.1,60,49119.8,30,30,3178620
BANKNIFTY-I.NFO,17/02/2025,09:29:14,49105.15,49108,30,49119.8,30,0,3178620
BANKNIFTY-I.NFO,17/02/2025,09:29:16,49105.15,49108,60,49119.8,30,0,3178620
BANKNIFTY-I.NFO,17/02/2025,09:29:18,49119.65,49108,90,49114.8,60,30,3178620
BANKNIFTY-I.NFO,17/02/2025,09:29:19,49107.15,49105.05,30,49110,240,150,3178620
BANKNIFTY-I.NFO,17/02/2025,09:29:21,49105.1,49105.05,60,49110.9,240,30,3178620
BANKNIFTY-I.NFO,17/02/2025,09:29:23,49114.8,49112.2,60,49119,60,180,3178620
BANKNIFTY-I.NFO,17/02/2025,09:29:24,49115.25,49115.25,30,49125,90,120,3178620
BANKNIFTY-I.NFO,17/02/2025,09:29:26,49125,49116.35,90,49125,30,60,3178620
BANKNIFTY-I.NFO,17/02/2025,09:29:28,49131.25,49116.4,120,49120,30,150,3178620
BANKNIFTY-I.NFO,17/02/2025,09:29:29,49121.2,49116.45,180,49125.05,240,60,3178620
BANKNIFTY-I.NFO,17/02/2025,09:29:31,49128.55,49116.45,150,49119.8,60,60,3178620
BANKNIFTY-I.NFO,17/02/2025,09:29:33,49128.55,49116.5,150,49119.8,60,0,3178620
BANKNIFTY-I.NFO,17/02/2025,09:29:34,49116.55,49116.55,60,49119.75,30,30,3178620
BANKNIFTY-I.NFO,17/02/2025,09:29:36,49119.75,49105.45,240,49119.8,60,450,3178620
BANKNIFTY-I.NFO,17/02/2025,09:29:38,49119.8,49109.7,210,49119.8,30,30,3178620
BANKNIFTY-I.NFO,17/02/2025,09:29:39,49108.6,49119.75,30,49119.8,30,30,3178620
BANKNIFTY-I.NFO,17/02/2025,09:29:41,49125.8,49119.75,30,49130.4,240,60,3178620
BANKNIFTY-I.NFO,17/02/2025,09:29:43,49122.85,49122.85,180,49131,60,30,3178620
BANKNIFTY-I.NFO,17/02/2025,09:29:44,49135,49135.9,30,49136,30,90,3178620
BANKNIFTY-I.NFO,17/02/2025,09:29:46,49137.65,49138.35,120,49145,360,300,3178620
BANKNIFTY-I.NFO,17/02/2025,09:29:48,49145,49145.15,60,49149,30,360,3178620
BANKNIFTY-I.NFO,17/02/2025,09:29:49,49145.15,49136,60,49149,30,30,3178620
BANKNIFTY-I.NFO,17/02/2025,09:29:51,49144.8,49143.9,30,49149,30,30,3178620
BANKNIFTY-I.NFO,17/02/2025,09:29:54,49143.9,49139,150,49143.85,30,90,3178620
BANKNIFTY-I.NFO,17/02/2025,09:29:56,49139.05,49139.05,60,49143.8,240,120,3178620
BANKNIFTY-I.NFO,17/02/2025,09:29:58,49136.25,49122.05,150,49136.35,30,360,3178620
BANKNIFTY-I.NFO,17/02/2025,09:29:59,49134.5,49122.1,60,49134.5,270,60,3178620
BANKNIFTY-I.NFO,17/02/2025,09:30:01,49124.7,49122.15,150,49141.3,240,120,3178620
BANKNIFTY-I.NFO,17/02/2025,09:30:03,49123.55,49122.15,30,49123.6,90,90,3178620
BANKNIFTY-I.NFO,17/02/2025,09:30:04,49119.75,49105.6,60,49123.4,240,90,3178620
BANKNIFTY-I.NFO,17/02/2025,09:30:06,49124.7,49135.3,90,49140.95,90,120,3178620
BANKNIFTY-I.NFO,17/02/2025,09:30:08,49124.55,49122.4,90,49140.9,240,150,3178620
BANKNIFTY-I.NFO,17/02/2025,09:30:09,49139.2,49115.55,30,49131.1,30,30,3178620
BANKNIFTY-I.NFO,17/02/2025,09:30:11,49115.3,49111.8,30,49119.8,30,30,3178620
BANKNIFTY-I.NFO,17/02/2025,09:30:13,49118.7,49118.15,150,49134.85,240,1080,3178620
BANKNIFTY-I.NFO,17/02/2025,09:30:14,49135,49130.3,150,49140.95,90,120,3178620
BANKNIFTY-I.NFO,17/02/2025,09:30:16,49130.35,49130.35,30,49136.05,240,180,3178620
BANKNIFTY-I.NFO,17/02/2025,09:30:18,49126,49126,60,49139.2,30,150,3178620
BANKNIFTY-I.NFO,17/02/2025,09:30:19,49139.2,49125.65,90,49140.8,240,120,3178620
BANKNIFTY-I.NFO,17/02/2025,09:30:21,49139.2,49125.8,180,49139.2,30,0,3178620
BANKNIFTY-I.NFO,17/02/2025,09:30:23,49139.2,49129.45,30,49139.05,240,0,3178620
BANKNIFTY-I.NFO,17/02/2025,09:30:24,49129.45,49125.9,60,49132,240,60,3178620
BANKNIFTY-I.NFO,17/02/2025,09:30:26,49122.55,49122.5,30,49132.3,240,150,3178620
BANKNIFTY-I.NFO,17/02/2025,09:30:28,49122.55,49122.6,30,49137.8,240,0,3178620
BANKNIFTY-I.NFO,17/02/2025,09:30:29,49138.85,49127.6,150,49139,30,60,3178620
BANKNIFTY-I.NFO,17/02/2025,09:30:31,49130.4,49130.55,120,49139,30,60,3178620
BANKNIFTY-I.NFO,17/02/2025,09:30:33,49139.2,49140.95,30,49143.85,30,60,3178620
BANKNIFTY-I.NFO,17/02/2025,09:30:34,49140.95,49122.6,30,49139.4,270,300,3178620
BANKNIFTY-I.NFO,17/02/2025,09:30:36,49140.95,49122.7,30,49131.55,240,0,3178620
BANKNIFTY-I.NFO,17/02/2025,09:30:38,49122.5,49120.05,120,49123.8,240,180,3179580
BANKNIFTY-I.NFO,17/02/2025,09:30:39,49122.5,49120.05,180,49129.8,240,0,3179580
BANKNIFTY-I.NFO,17/02/2025,09:30:41,49122.5,49120.05,180,49128.05,240,0,3179580
BANKNIFTY-I.NFO,17/02/2025,09:30:43,49120.05,49120.1,30,49122.45,60,120,3179580
BANKNIFTY-I.NFO,17/02/2025,09:30:44,49133.2,49122.55,30,49136.3,240,90,3179580
BANKNIFTY-I.NFO,17/02/2025,09:30:46,49137.7,49134.7,210,49140.2,90,30,3179580
BANKNIFTY-I.NFO,17/02/2025,09:30:48,49143.85,49136.65,210,49145,60,120,3179580
BANKNIFTY-I.NFO,17/02/2025,09:30:49,49136.7,49136.75,30,49145,60,30,3179580
BANKNIFTY-I.NFO,17/02/2025,09:30:51,49145,49136.75,180,49145,30,30,3179580
BANKNIFTY-I.NFO,17/02/2025,09:30:53,49145,49136.85,30,49143.85,30,0,3179580
BANKNIFTY-I.NFO,17/02/2025,09:30:54,49145,49136.95,30,49143.85,60,0,3179580
BANKNIFTY-I.NFO,17/02/2025,09:30:56,49135.05,49122.5,240,49139.85,240,330,3179580
BANKNIFTY-I.NFO,17/02/2025,09:30:58,49135.05,49122.8,270,49138.9,240,0,3179580
BANKNIFTY-I.NFO,17/02/2025,09:30:59,49135.05,49125.45,240,49139.85,240,0,3179580
BANKNIFTY-I.NFO,17/02/2025,09:31:01,49139.65,49130.85,240,49138.35,30,30,3179580
BANKNIFTY-I.NFO,17/02/2025,09:31:03,49138.35,49127.2,240,49138.35,30,30,3179580
BANKNIFTY-I.NFO,17/02/2025,09:31:04,49138.35,49129.35,90,49139.05,210,30,3179580
BANKNIFTY-I.NFO,17/02/2025,09:31:06,49138.35,49129.4,30,49136.7,210,0,3179580
BANKNIFTY-I.NFO,17/02/2025,09:31:08,49143.25,49129.45,30,49139.7,210,90,3179580
BANKNIFTY-I.NFO,17/02/2025,09:31:09,49122.45,49120,30,49128,180,210,3179580
BANKNIFTY-I.NFO,17/02/2025,09:31:11,49115.1,49115.5,180,49132.3,240,150,3179580
BANKNIFTY-I.NFO,17/02/2025,09:31:13,49122.35,49126.6,150,49138.35,90,30,3179580
BANKNIFTY-I.NFO,17/02/2025,09:31:14,49127.05,49115.05,60,49128.55,240,90,3179580
BANKNIFTY-I.NFO,17/02/2025,09:31:16,49127.05,49115.1,180,49131.3,240,0,3179580
BANKNIFTY-I.NFO,17/02/2025,09:31:18,49127.05,49126.15,1500,49135.8,240,0,3179580
BANKNIFTY-I.NFO,17/02/2025,09:31:19,49126.15,49115.05,60,49125.5,240,1530,3179580
BANKNIFTY-I.NFO,17/02/2025,09:31:21,49115.05,49110.05,210,49125,240,60,3179580
BANKNIFTY-I.NFO,17/02/2025,09:31:23,49115.05,49110.05,30,49116.05,240,60,3179580
BANKNIFTY-I.NFO,17/02/2025,09:31:24,49115.05,49110.05,30,49115.05,150,0,3179580
BANKNIFTY-I.NFO,17/02/2025,09:31:26,49115.05,49110.05,30,49115.05,120,30,3179580
BANKNIFTY-I.NFO,17/02/2025,09:31:28,49110,49108,30,49111.3,240,120,3179580
BANKNIFTY-I.NFO,17/02/2025,09:31:29,49108,49107.7,30,49110.05,30,30,3179580
BANKNIFTY-I.NFO,17/02/2025,09:31:31,49096.05,49095,30,49105.55,30,420,3179580
BANKNIFTY-I.NFO,17/02/2025,09:31:33,49104.05,49095,30,49108.15,240,30,3179580
BANKNIFTY-I.NFO,17/02/2025,09:31:34,49087.05,49085.45,60,49101.9,240,330,3179580
BANKNIFTY-I.NFO,17/02/2025,09:31:36,49110.05,49101.7,60,49115,30,150,3179580
BANKNIFTY-I.NFO,17/02/2025,09:31:37,49101.7,49101.35,60,49109.8,30,30,3179580
BANKNIFTY-I.NFO,17/02/2025,09:31:39,49111,49106.15,150,49114.95,90,60,3179580
BANKNIFTY-I.NFO,17/02/2025,09:31:41,49100,49106.15,30,49114.25,240,6300,3179580
BANKNIFTY-I.NFO,17/02/2025,09:31:42,49100,49110.05,30,49115,30,0,3179580
BANKNIFTY-I.NFO,17/02/2025,09:31:44,49110.05,49110.05,30,49118.05,240,360,3179580
BANKNIFTY-I.NFO,17/02/2025,09:31:46,49110.05,49104.95,180,49120,30,30,3179580
BANKNIFTY-I.NFO,17/02/2025,09:31:47,49120,49112.85,30,49129.65,240,60,3179580
BANKNIFTY-I.NFO,17/02/2025,09:31:49,49120.25,49119.65,30,49129.8,30,120,3179580
BANKNIFTY-I.NFO,17/02/2025,09:31:51,49119.4,49114.6,30,49129.6,30,330,3179580
BANKNIFTY-I.NFO,17/02/2025,09:31:52,49113.4,49113.15,150,49120,30,90,3179580
BANKNIFTY-I.NFO,17/02/2025,09:31:54,49120,49124.7,60,49129.8,30,30,3179580
BANKNIFTY-I.NFO,17/02/2025,09:31:56,49122.4,49110.05,30,49119.8,240,30,3179580
BANKNIFTY-I.NFO,17/02/2025,09:31:57,49110.05,49102.8,30,49119.25,240,30,3179580
BANKNIFTY-I.NFO,17/02/2025,09:31:59,49110.05,49109.9,90,49126.05,30,0,3179580
BANKNIFTY-I.NFO,17/02/2025,09:32:01,49110.05,49111.7,60,49120,60,0,3179580
BANKNIFTY-I.NFO,17/02/2025,09:32:02,49110.05,49111.7,30,49120,60,60,3179580
BANKNIFTY-I.NFO,17/02/2025,09:32:04,49120,49120,30,49129.8,60,90,3179580
BANKNIFTY-I.NFO,17/02/2025,09:32:06,49129.8,49121.55,30,49129.8,30,30,3179580
BANKNIFTY-I.NFO,17/02/2025,09:32:07,49129.8,49121.55,30,49129.8,30,0,3179580
BANKNIFTY-I.NFO,17/02/2025,09:32:09,49129.8,49125.1,120,49129.75,30,0,3179580
BANKNIFTY-I.NFO,17/02/2025,09:32:11,49125.85,49102,30,49116.2,240,120,3179580
BANKNIFTY-I.NFO,17/02/2025,09:32:12,49125.85,49110.15,60,49114,30,0,3179580
BANKNIFTY-I.NFO,17/02/2025,09:32:14,49114,49110.6,60,49119.7,60,30,3179580
BANKNIFTY-I.NFO,17/02/2025,09:32:15,49114.2,49114.2,60,49119.7,60,30,3179580
BANKNIFTY-I.NFO,17/02/2025,09:32:17,49119.7,49121,60,49129.75,90,60,3179580
BANKNIFTY-I.NFO,17/02/2025,09:32:19,49119.7,49121,60,49129.7,240,0,3179580
BANKNIFTY-I.NFO,17/02/2025,09:32:20,49121,49105.45,30,49124.1,240,60,3179580
BANKNIFTY-I.NFO,17/02/2025,09:32:22,49121,49108.75,60,49124.5,90,0,3179580
BANKNIFTY-I.NFO,17/02/2025,09:32:24,49125,49114.25,30,49125,60,60,3179580
BANKNIFTY-I.NFO,17/02/2025,09:32:25,49114.6,49112.55,30,49120,30,30,3179580
BANKNIFTY-I.NFO,17/02/2025,09:32:27,49109.15,49112.55,30,49120,30,1020,3179580
BANKNIFTY-I.NFO,17/02/2025,09:32:29,49119.7,49112.55,30,49119.85,240,30,3179580
BANKNIFTY-I.NFO,17/02/2025,09:32:30,49119.7,49112.85,90,49119.8,30,0,3179580
BANKNIFTY-I.NFO,17/02/2025,09:32:32,49114.6,49114.85,60,49125,90,330,3179580
BANKNIFTY-I.NFO,17/02/2025,09:32:34,49114.6,49114.85,30,49124.85,240,0,3179580
BANKNIFTY-I.NFO,17/02/2025,09:32:35,49114.85,49102,30,49117.75,240,150,3179580
BANKNIFTY-I.NFO,17/02/2025,09:32:37,49116.05,49102,30,49114.45,240,30,3179580
BANKNIFTY-I.NFO,17/02/2025,09:32:39,49116.05,49102,60,49115.8,270,0,3179580
BANKNIFTY-I.NFO,17/02/2025,09:32:40,49116.05,49102,60,49108.2,240,0,3179580
BANKNIFTY-I.NFO,17/02/2025,09:32:42,49100,49085.05,30,49101.5,240,240,3179580
BANKNIFTY-I.NFO,17/02/2025,09:32:44,49102.45,49086,60,49102.15,240,30,3179580
BANKNIFTY-I.NFO,17/02/2025,09:32:45,49102.45,49085.05,30,49098.85,240,0,3179580
BANKNIFTY-I.NFO,17/02/2025,09:32:47,49102.45,49085.05,90,49094.25,240,0,3179580
BANKNIFTY-I.NFO,17/02/2025,09:32:49,49085.05,49085.05,150,49091.1,240,60,3179580
BANKNIFTY-I.NFO,17/02/2025,09:32:50,49070,49064.05,90,49070,30,420,3179580
BANKNIFTY-I.NFO,17/02/2025,09:32:52,49060.15,49059.5,90,49063.85,120,180,3179580
BANKNIFTY-I.NFO,17/02/2025,09:32:54,49052.75,49058.25,120,49063.85,120,90,3179580
BANKNIFTY-I.NFO,17/02/2025,09:32:55,49058.35,49051.05,30,49063.85,120,90,3179580
BANKNIFTY-I.NFO,17/02/2025,09:32:57,49058.25,49053.05,30,49063.85,120,60,3179580
BANKNIFTY-I.NFO,17/02/2025,09:32:59,49036.95,49035,210,49043.45,30,1320,3179580
BANKNIFTY-I.NFO,17/02/2025,09:33:00,49044,49045.25,90,49053.5,30,60,3179580
BANKNIFTY-I.NFO,17/02/2025,09:33:02,49053.45,49043.6,30,49053.45,30,60,3179580
BANKNIFTY-I.NFO,17/02/2025,09:33:04,49036.45,49035,210,49038,30,300,3179580
BANKNIFTY-I.NFO,17/02/2025,09:33:05,49035,49038,30,49041,30,420,3179580
BANKNIFTY-I.NFO,17/02/2025,09:33:07,49039.25,49038,30,49049.65,240,180,3179580
BANKNIFTY-I.NFO,17/02/2025,09:33:09,49035,49035,60,49039.25,30,90,3179580
BANKNIFTY-I.NFO,17/02/2025,09:33:10,49034.3,49033.8,30,49045,30,150,3179580
BANKNIFTY-I.NFO,17/02/2025,09:33:12,49041.3,49044.45,30,49058.15,300,150,3179580
BANKNIFTY-I.NFO,17/02/2025,09:33:14,49047.85,49036.05,30,49054.35,240,90,3179580
BANKNIFTY-I.NFO,17/02/2025,09:33:15,49037.15,49044.45,60,49058.2,270,30,3179580
BANKNIFTY-I.NFO,17/02/2025,09:33:17,49055,49047.85,30,49058.2,270,30,3179580
BANKNIFTY-I.NFO,17/02/2025,09:33:19,49052.8,49043.55,30,49059.85,240,270,3179580
BANKNIFTY-I.NFO,17/02/2025,09:33:20,49052.8,49047.85,30,49059,240,0,3179580
BANKNIFTY-I.NFO,17/02/2025,09:33:22,49047.85,49045.2,60,49059.15,270,30,3179580
BANKNIFTY-I.NFO,17/02/2025,09:33:24,49039.65,49047.85,30,49055.25,240,60,3179580
BANKNIFTY-I.NFO,17/02/2025,09:33:25,49046,49037.15,30,49046.7,240,90,3179580
BANKNIFTY-I.NFO,17/02/2025,09:33:27,49047.95,49035,30,49045.65,240,180,3179580
BANKNIFTY-I.NFO,17/02/2025,09:33:29,49044.7,49034.8,60,49040.45,240,120,3179580
BANKNIFTY-I.NFO,17/02/2025,09:33:30,49027.2,49025.25,60,49032.15,240,390,3179580
BANKNIFTY-I.NFO,17/02/2025,09:33:32,49036.4,49032.15,30,49036.4,180,210,3179580
BANKNIFTY-I.NFO,17/02/2025,09:33:33,49015.05,49014.8,120,49028.3,180,1740,3179580
BANKNIFTY-I.NFO,17/02/2025,09:33:35,49012.4,49017.75,30,49029.95,30,180,3179580
BANKNIFTY-I.NFO,17/02/2025,09:33:37,49012,49017.75,60,49027.05,240,330,3179580
BANKNIFTY-I.NFO,17/02/2025,09:33:38,49017.75,49012.4,30,49024,240,90,3184890
BANKNIFTY-I.NFO,17/02/2025,09:33:40,49025,49022,600,49027.2,30,30,3184890
BANKNIFTY-I.NFO,17/02/2025,09:33:42,49027.2,49022.05,30,49028.3,30,180,3184890
BANKNIFTY-I.NFO,17/02/2025,09:33:43,49029.95,49026.35,60,49035,30,120,3184890
BANKNIFTY-I.NFO,17/02/2025,09:33:45,49030.8,49030.8,30,49047.95,240,90,3184890
BANKNIFTY-I.NFO,17/02/2025,09:33:47,49031.1,49035.55,90,49051.7,240,90,3184890
BANKNIFTY-I.NFO,17/02/2025,09:33:48,49031.1,49036.55,30,49051.6,150,0,3184890
BANKNIFTY-I.NFO,17/02/2025,09:33:50,49044.85,49049.45,30,49059.3,150,300,3184890
BANKNIFTY-I.NFO,17/02/2025,09:33:52,49059.3,49046.75,90,49050,30,30,3184890
BANKNIFTY-I.NFO,17/02/2025,09:33:53,49059.3,49046.8,90,49049.85,30,0,3184890
BANKNIFTY-I.NFO,17/02/2025,09:33:55,49046.85,49046.8,90,49054.8,30,90,3184890
BANKNIFTY-I.NFO,17/02/2025,09:33:57,49046.75,49050.05,30,49054.8,30,270,3184890
BANKNIFTY-I.NFO,17/02/2025,09:33:58,49058.85,49046.75,30,49058.85,240,120,3184890
BANKNIFTY-I.NFO,17/02/2025,09:34:00,49058.85,49049.3,30,49059,60,0,3184890
BANKNIFTY-I.NFO,17/02/2025,09:34:02,49060,49060.45,60,49070,60,180,3184890
BANKNIFTY-I.NFO,17/02/2025,09:34:03,49069.45,49060.45,30,49069.45,240,180,3184890
BANKNIFTY-I.NFO,17/02/2025,09:34:05,49054.1,49054.75,30,49060.45,30,60,3184890
BANKNIFTY-I.NFO,17/02/2025,09:34:07,49054.1,49054.1,30,49060.45,30,0,3184890
BANKNIFTY-I.NFO,17/02/2025,09:34:08,49044.1,49041.55,30,49057.45,240,510,3184890
BANKNIFTY-I.NFO,17/02/2025,09:34:10,49057.45,49057.05,30,49060,30,30,3184890
BANKNIFTY-I.NFO,17/02/2025,09:34:12,49060.45,49057.05,30,49057.65,30,120,3184890
BANKNIFTY-I.NFO,17/02/2025,09:34:14,49062,49063.45,30,49069,30,90,3184890
BANKNIFTY-I.NFO,17/02/2025,09:34:15,49063.45,49063.45,60,49069,30,60,3184890
BANKNIFTY-I.NFO,17/02/2025,09:34:17,49063.45,49063.45,60,49069,30,0,3184890
BANKNIFTY-I.NFO,17/02/2025,09:34:19,49080,49077.1,30,49084.8,30,120,3184890
BANKNIFTY-I.NFO,17/02/2025,09:34:20,49085,49077.1,90,49090,30,90,3184890
BANKNIFTY-I.NFO,17/02/2025,09:34:22,49090,49089,30,49100,30,60,3184890
BANKNIFTY-I.NFO,17/02/2025,09:34:24,49100,49099.75,30,49113.95,60,120,3184890
BANKNIFTY-I.NFO,17/02/2025,09:34:25,49103,49102.2,30,49119.25,240,150,3184890
BANKNIFTY-I.NFO,17/02/2025,09:34:27,49099.7,49083.95,30,49101.75,240,150,3184890
BANKNIFTY-I.NFO,17/02/2025,09:34:29,49100.95,49084.4,240,49103.1,30,810,3184890
BANKNIFTY-I.NFO,17/02/2025,09:34:30,49084.45,49084.45,60,49088.8,30,60,3184890
BANKNIFTY-I.NFO,17/02/2025,09:34:32,49096.45,49084.5,90,49097.55,60,90,3184890
BANKNIFTY-I.NFO,17/02/2025,09:34:33,49096.45,49084.6,300,49103,30,0,3184890
BANKNIFTY-I.NFO,17/02/2025,09:34:35,49093.55,49097.15,270,49103,30,30,3184890
BANKNIFTY-I.NFO,17/02/2025,09:34:37,49100.15,49102.5,60,49117.3,30,120,3184890
BANKNIFTY-I.NFO,17/02/2025,09:34:38,49100.15,49102.5,240,49110.75,30,0,3184890
BANKNIFTY-I.NFO,17/02/2025,09:34:40,49119.1,49102.75,30,49119.15,60,60,3184890
BANKNIFTY-I.NFO,17/02/2025,09:34:42,49124.75,49118.55,30,49124.75,30,120,3184890
BANKNIFTY-I.NFO,17/02/2025,09:34:43,49119.1,49118.55,210,49123.15,30,90,3184890
BANKNIFTY-I.NFO,17/02/2025,09:34:45,49118.55,49099.5,30,49114.05,30,210,3184890
BANKNIFTY-I.NFO,17/02/2025,09:34:47,49104.3,49104.8,270,49123.85,30,90,3184890
BANKNIFTY-I.NFO,17/02/2025,09:34:48,49104.3,49114.9,300,49121.75,30,0,3184890
BANKNIFTY-I.NFO,17/02/2025,09:34:50,49121.75,49120.85,30,49124.8,30,60,3184890
BANKNIFTY-I.NFO,17/02/2025,09:34:52,49120.9,49120.9,30,49124.8,30,60,3184890
BANKNIFTY-I.NFO,17/02/2025,09:34:53,49120.9,49120.9,180,49124.8,30,30,3184890
BANKNIFTY-I.NFO,17/02/2025,09:34:55,49121.95,49121.05,30,49124.8,30,600,3184890
BANKNIFTY-I.NFO,17/02/2025,09:34:57,49124.95,49121.05,30,49125,210,60,3184890
BANKNIFTY-I.NFO,17/02/2025,09:34:58,49121,49110.75,120,49121.7,270,210,3184890
BANKNIFTY-I.NFO,17/02/2025,09:35:00,49110.75,49110.75,90,49117.05,270,30,3184890
BANKNIFTY-I.NFO,17/02/2025,09:35:02,49088.4,49088.4,270,49102,30,570,3184890
BANKNIFTY-I.NFO,17/02/2025,09:35:03,49101,49085.55,300,49103.8,90,60,3184890
BANKNIFTY-I.NFO,17/02/2025,09:35:05,49101,49090.55,240,49103.55,30,0,3184890
BANKNIFTY-I.NFO,17/02/2025,09:35:07,49090.55,49090.6,60,49103.3,30,30,3184890
BANKNIFTY-I.NFO,17/02/2025,09:35:08,49101,49090.6,90,49101.1,150,30,3184890
BANKNIFTY-I.NFO,17/02/2025,09:35:10,49100.8,49100.05,300,49118.35,150,60,3184890
BANKNIFTY-I.NFO,17/02/2025,09:35:12,49101.35,49103.1,150,49120.95,240,930,3184890
BANKNIFTY-I.NFO,17/02/2025,09:35:13,49101.35,49117.45,30,49124.45,270,0,3184890
BANKNIFTY-I.NFO,17/02/2025,09:35:15,49117.45,49117.45,30,49124.6,270,150,3184890
BANKNIFTY-I.NFO,17/02/2025,09:35:17,49115,49101.3,120,49118.35,240,300,3184890
BANKNIFTY-I.NFO,17/02/2025,09:35:18,49113.35,49101.25,60,49109.45,270,30,3184890
BANKNIFTY-I.NFO,17/02/2025,09:35:20,49117.7,49101.25,60,49112.4,270,30,3184890
BANKNIFTY-I.NFO,17/02/2025,09:35:22,49112.9,49103.15,300,49119.95,90,780,3184890
BANKNIFTY-I.NFO,17/02/2025,09:35:23,49120,49106.9,270,49122,30,300,3184890
BANKNIFTY-I.NFO,17/02/2025,09:35:25,49120,49107.45,270,49122,30,0,3184890
BANKNIFTY-I.NFO,17/02/2025,09:35:27,49109.35,49110.85,240,49122,30,60,3184890
BANKNIFTY-I.NFO,17/02/2025,09:35:28,49120,49110.95,240,49122,30,30,3184890
BANKNIFTY-I.NFO,17/02/2025,09:35:30,49120,49114.95,330,49120,180,0,3184890
BANKNIFTY-I.NFO,17/02/2025,09:35:32,49124.4,49121.1,390,49133,30,450,3184890
BANKNIFTY-I.NFO,17/02/2025,09:35:33,49124.4,49121.2,30,49131.7,210,0,3184890
BANKNIFTY-I.NFO,17/02/2025,09:35:35,49107.25,49100,60,49106.9,210,210,3184890
BANKNIFTY-I.NFO,17/02/2025,09:35:37,49100,49090,150,49101.3,210,180,3184890
BANKNIFTY-I.NFO,17/02/2025,09:35:38,49097.1,49090,150,49097.75,60,150,3184890
BANKNIFTY-I.NFO,17/02/2025,09:35:40,49090.05,49074.4,270,49092.25,30,300,3184890
BANKNIFTY-I.NFO,17/02/2025,09:35:42,49095.85,49079.8,330,49096.1,60,30,3184890
BANKNIFTY-I.NFO,17/02/2025,09:35:43,49095.85,49084.8,270,49099.9,30,0,3184890
BANKNIFTY-I.NFO,17/02/2025,09:35:45,49095.85,49092.3,120,49095.6,30,0,3184890
BANKNIFTY-I.NFO,17/02/2025,09:35:47,49095.85,49092.35,90,49099.8,60,0,3184890
BANKNIFTY-I.NFO,17/02/2025,09:35:48,49092.35,49092.35,30,49098.4,60,90,3184890
BANKNIFTY-I.NFO,17/02/2025,09:35:50,49092.35,49095,900,49100,900,0,3184890
BANKNIFTY-I.NFO,17/02/2025,09:35:52,49100,49095.05,60,49100,870,30,3184890
BANKNIFTY-I.NFO,17/02/2025,09:35:53,49092.35,49092.3,120,49099.55,60,1110,3184890
BANKNIFTY-I.NFO,17/02/2025,09:35:55,49092.35,49092.35,30,49100,870,0,3184890
BANKNIFTY-I.NFO,17/02/2025,09:35:57,49099.9,49092.35,30,49099.75,60,120,3184890
BANKNIFTY-I.NFO,17/02/2025,09:35:58,49099.9,49092.35,90,49100,870,0,3184890
BANKNIFTY-I.NFO,17/02/2025,09:36:00,49092.35,49081.05,240,49093.7,60,90,3184890
BANKNIFTY-I.NFO,17/02/2025,09:36:02,49081,49080.05,240,49093.65,30,30,3184890
BANKNIFTY-I.NFO,17/02/2025,09:36:03,49080.05,49080,30,49089.35,30,30,3184890
BANKNIFTY-I.NFO,17/02/2025,09:36:05,49081,49081,60,49089.35,30,30,3184890
BANKNIFTY-I.NFO,17/02/2025,09:36:07,49080,49080,30,49082.95,30,150,3184890
BANKNIFTY-I.NFO,17/02/2025,09:36:08,49080,49064.3,270,49080.3,30,90,3184890
BANKNIFTY-I.NFO,17/02/2025,09:36:10,49060.05,49061.1,240,49070,60,90,3184890
BANKNIFTY-I.NFO,17/02/2025,09:36:12,49070,49062.1,30,49070.75,90,60,3184890
BANKNIFTY-I.NFO,17/02/2025,09:36:13,49070,49063.1,30,49070.55,30,0,3184890
BANKNIFTY-I.NFO,17/02/2025,09:36:15,49070,49064.15,30,49070.55,30,0,3184890
BANKNIFTY-I.NFO,17/02/2025,09:36:17,49064.2,49064.15,90,49078.35,120,720,3184890
BANKNIFTY-I.NFO,17/02/2025,09:36:18,49079.85,49071.2,30,49081,120,30,3184890
BANKNIFTY-I.NFO,17/02/2025,09:36:20,49077.1,49071.2,60,49076.45,210,210,3184890
BANKNIFTY-I.NFO,17/02/2025,09:36:22,49077.1,49071.2,60,49079.65,210,0,3184890
BANKNIFTY-I.NFO,17/02/2025,09:36:23,49071.2,49064.05,240,49078.85,210,60,3184890
BANKNIFTY-I.NFO,17/02/2025,09:36:25,49071.2,49075,60,49081,120,0,3184890
BANKNIFTY-I.NFO,17/02/2025,09:36:27,49080,49075,60,49081,120,150,3184890
BANKNIFTY-I.NFO,17/02/2025,09:36:29,49075,49064.1,30,49078.25,210,60,3184890
BANKNIFTY-I.NFO,17/02/2025,09:36:30,49075,49069.6,240,49081,120,0,3184890
BANKNIFTY-I.NFO,17/02/2025,09:36:32,49081,49077.4,360,49095.25,210,120,3184890
BANKNIFTY-I.NFO,17/02/2025,09:36:33,49081,49077.45,240,49094.45,210,0,3184890
BANKNIFTY-I.NFO,17/02/2025,09:36:35,49081,49087.65,240,49099,30,180,3184890
BANKNIFTY-I.NFO,17/02/2025,09:36:37,49100,49098,240,49115.2,210,1020,3184890
BANKNIFTY-I.NFO,17/02/2025,09:36:38,49100,49102.35,330,49119.9,210,0,3184890
BANKNIFTY-I.NFO,17/02/2025,09:36:40,49100,49094.75,240,49111.95,240,0,3184890
BANKNIFTY-I.NFO,17/02/2025,09:36:42,49100,49115.5,240,49120,60,0,3184890
BANKNIFTY-I.NFO,17/02/2025,09:36:43,49125,49124.6,30,49130,30,180,3185700
BANKNIFTY-I.NFO,17/02/2025,09:36:45,49145,49144.35,60,49148,30,540,3185700
BANKNIFTY-I.NFO,17/02/2025,09:36:47,49158.1,49160.05,240,49165,30,810,3185700
BANKNIFTY-I.NFO,17/02/2025,09:36:48,49159.4,49150.1,300,49159.4,60,510,3185700
BANKNIFTY-I.NFO,17/02/2025,09:36:50,49150.15,49142.35,30,49150,30,810,3185700
BANKNIFTY-I.NFO,17/02/2025,09:36:52,49142.35,49142.35,30,49149.8,90,120,3185700
BANKNIFTY-I.NFO,17/02/2025,09:36:53,49143.3,49149.35,240,49164.8,30,600,3185700
BANKNIFTY-I.NFO,17/02/2025,09:36:55,49143.3,49149.4,30,49159.35,240,0,3185700
BANKNIFTY-I.NFO,17/02/2025,09:36:57,49149.4,49148.1,30,49149.35,30,60,3185700
BANKNIFTY-I.NFO,17/02/2025,09:36:58,49147.4,49140,30,49147.8,270,60,3185700
BANKNIFTY-I.NFO,17/02/2025,09:37:00,49112.9,49112.9,270,49131.75,300,60,3185700
BANKNIFTY-I.NFO,17/02/2025,09:37:02,49129.7,49115.15,300,49132.4,210,120,3185700
BANKNIFTY-I.NFO,17/02/2025,09:37:03,49129.7,49124.75,240,49134,60,0,3185700
BANKNIFTY-I.NFO,17/02/2025,09:37:05,49124.8,49119.45,300,49137.15,210,30,3185700
BANKNIFTY-I.NFO,17/02/2025,09:37:07,49129.7,49115.85,300,49133.65,210,30,3185700
BANKNIFTY-I.NFO,17/02/2025,09:37:08,49137.8,49114.4,240,49131.75,240,30,3185700
BANKNIFTY-I.NFO,17/02/2025,09:37:10,49122.15,49102.95,120,49120.25,240,840,3185700
BANKNIFTY-I.NFO,17/02/2025,09:37:12,49112.6,49103,90,49113.75,30,300,3185700
BANKNIFTY-I.NFO,17/02/2025,09:37:13,49112.6,49105,30,49116.5,240,0,3185700
BANKNIFTY-I.NFO,17/02/2025,09:37:15,49112.6,49105,60,49116.3,210,0,3185700
BANKNIFTY-I.NFO,17/02/2025,09:37:17,49108.35,49103,60,49108.35,120,180,3185700
BANKNIFTY-I.NFO,17/02/2025,09:37:18,49100,49094.95,270,49100,510,90,3185700
BANKNIFTY-I.NFO,17/02/2025,09:37:20,49100,49103.3,270,49115,30,510,3185700
BANKNIFTY-I.NFO,17/02/2025,09:37:22,49100,49094.9,30,49112.3,840,0,3185700
BANKNIFTY-I.NFO,17/02/2025,09:37:23,49100,49090.65,390,49108.5,120,0,3185700
BANKNIFTY-I.NFO,17/02/2025,09:37:25,49114.95,49099.05,240,49114.95,90,30,3185700
BANKNIFTY-I.NFO,17/02/2025,09:37:27,49114.95,49096.4,30,49110.5,90,0,3185700
BANKNIFTY-I.NFO,17/02/2025,09:37:28,49114.95,49100,120,49110.65,90,0,3185700
BANKNIFTY-I.NFO,17/02/2025,09:37:30,49114.95,49100,150,49110,30,0,3185700
BANKNIFTY-I.NFO,17/02/2025,09:37:32,49100.1,49100.1,270,49115,30,240,3185700
BANKNIFTY-I.NFO,17/02/2025,09:37:33,49100.1,49100.15,300,49115,30,0,3185700
BANKNIFTY-I.NFO,17/02/2025,09:37:35,49100.1,49100.2,30,49113.75,60,0,3185700
BANKNIFTY-I.NFO,17/02/2025,09:37:37,49100.1,49100.75,330,49115,30,0,3185700
BANKNIFTY-I.NFO,17/02/2025,09:37:38,49100.1,49102.65,240,49115,30,0,3185700
BANKNIFTY-I.NFO,17/02/2025,09:37:40,49100.1,49103.1,270,49115,30,0,3185700
BANKNIFTY-I.NFO,17/02/2025,09:37:42,49100.1,49103.3,60,49115,30,0,3185700
BANKNIFTY-I.NFO,17/02/2025,09:37:43,49100.1,49110,90,49115,30,0,3185700
BANKNIFTY-I.NFO,17/02/2025,09:37:45,49113.75,49110.2,30,49115,30,60,3185700
BANKNIFTY-I.NFO,17/02/2025,09:37:47,49110.2,49110.2,120,49115,30,30,3185700
BANKNIFTY-I.NFO,17/02/2025,09:37:48,49115,49110.2,60,49114.95,240,90,3185700
BANKNIFTY-I.NFO,17/02/2025,09:37:50,49101.3,49100.2,210,49115,120,210,3185700
BANKNIFTY-I.NFO,17/02/2025,09:37:52,49114.85,49100.2,330,49115,120,60,3185700
BANKNIFTY-I.NFO,17/02/2025,09:37:53,49115,49100.4,300,49114.95,240,30,3185700
BANKNIFTY-I.NFO,17/02/2025,09:37:55,49100.55,49100.15,60,49114,240,120,3185700
BANKNIFTY-I.NFO,17/02/2025,09:37:57,49100.15,49100.75,330,49115,120,90,3185700
BANKNIFTY-I.NFO,17/02/2025,09:37:58,49100.15,49100.8,240,49115,120,0,3185700
BANKNIFTY-I.NFO,17/02/2025,09:38:00,49100.15,49100.85,60,49114.15,90,0,3185700
BANKNIFTY-I.NFO,17/02/2025,09:38:02,49100.15,49101.85,30,49103.05,240,0,3185700
BANKNIFTY-I.NFO,17/02/2025,09:38:03,49103.05,49102.85,30,49103.05,210,30,3185700
BANKNIFTY-I.NFO,17/02/2025,09:38:05,49100.55,49101,30,49102.75,30,180,3185700
BANKNIFTY-I.NFO,17/02/2025,09:38:07,49100.55,49101,30,49102.75,30,0,3185700
BANKNIFTY-I.NFO,17/02/2025,09:38:08,49103.05,49102.75,540,49115,150,240,3185700
BANKNIFTY-I.NFO,17/02/2025,09:38:10,49115,49111.95,270,49125.05,120,180,3185700
BANKNIFTY-I.NFO,17/02/2025,09:38:12,49115,49111.95,30,49123.55,210,0,3185700
BANKNIFTY-I.NFO,17/02/2025,09:38:13,49115,49111.95,210,49115,5400,0,3185700
BANKNIFTY-I.NFO,17/02/2025,09:38:15,49115,49112.25,300,49125.05,120,5400,3185700
BANKNIFTY-I.NFO,17/02/2025,09:38:17,49115,49112.35,30,49124.9,210,0,3185700
BANKNIFTY-I.NFO,17/02/2025,09:38:18,49115,49112.4,240,49125.05,120,0,3185700
BANKNIFTY-I.NFO,17/02/2025,09:38:20,49115,49112.45,30,49125,210,0,3185700
BANKNIFTY-I.NFO,17/02/2025,09:38:22,49125,49112.5,240,49125.05,120,30,3185700
BANKNIFTY-I.NFO,17/02/2025,09:38:23,49125,49112.6,30,49125,180,0,3185700
BANKNIFTY-I.NFO,17/02/2025,09:38:25,49125.05,49118.55,240,49125.05,30,90,3185700
BANKNIFTY-I.NFO,17/02/2025,09:38:27,49125.05,49122.2,270,49129.85,30,30,3185700
BANKNIFTY-I.NFO,17/02/2025,09:38:29,49125.05,49122.3,240,49129.85,30,0,3185700
BANKNIFTY-I.NFO,17/02/2025,09:38:30,49129,49125,900,49133.5,180,60,3185700
BANKNIFTY-I.NFO,17/02/2025,09:38:32,49129.85,49125.1,240,49129,30,30,3185700
BANKNIFTY-I.NFO,17/02/2025,09:38:33,49139.95,49126.6,270,49140,30,120,3185700
BANKNIFTY-I.NFO,17/02/2025,09:38:35,49140,49126.7,30,49137.65,90,30,3185700
BANKNIFTY-I.NFO,17/02/2025,09:38:37,49126.7,49113.45,300,49130.5,90,1380,3185700
BANKNIFTY-I.NFO,17/02/2025,09:38:38,49125,49113.55,30,49126.1,60,120,3185700
BANKNIFTY-I.NFO,17/02/2025,09:38:40,49113.65,49113.6,30,49128.1,180,30,3185700
BANKNIFTY-I.NFO,17/02/2025,09:38:42,49113.6,49112.7,30,49120,30,30,3185700
BANKNIFTY-I.NFO,17/02/2025,09:38:43,49113.6,49112.75,270,49120,30,0,3185700
BANKNIFTY-I.NFO,17/02/2025,09:38:45,49113.6,49112.7,30,49119.95,120,0,3185700
BANKNIFTY-I.NFO,17/02/2025,09:38:47,49113.6,49112.75,240,49120,30,0,3185700
BANKNIFTY-I.NFO,17/02/2025,09:38:48,49113.6,49112.7,30,49119.95,120,0,3185700
BANKNIFTY-I.NFO,17/02/2025,09:38:50,49105,49102,30,49111.75,30,1110,3185700
BANKNIFTY-I.NFO,17/02/2025,09:38:52,49100.55,49100.15,30,49105.55,30,270,3185700
BANKNIFTY-I.NFO,17/02/2025,09:38:53,49100.15,49100.1,30,49112.2,60,120,3185700
BANKNIFTY-I.NFO,17/02/2025,09:38:55,49110.15,49105.05,60,49114.4,30,30,3185700
BANKNIFTY-I.NFO,17/02/2025,09:38:57,49107.8,49105.05,60,49108.2,60,150,3185700
BANKNIFTY-I.NFO,17/02/2025,09:38:58,49105.05,49105.05,30,49107.15,30,210,3185700
BANKNIFTY-I.NFO,17/02/2025,09:39:00,49100,49092,30,49100,30,390,3185700
BANKNIFTY-I.NFO,17/02/2025,09:39:02,49092,49084.35,240,49094.7,30,60,3185700
BANKNIFTY-I.NFO,17/02/2025,09:39:03,49082.05,49082,30,49084.35,60,1020,3185700
BANKNIFTY-I.NFO,17/02/2025,09:39:05,49071.05,49079.9,60,49086.2,90,300,3185700
BANKNIFTY-I.NFO,17/02/2025,09:39:07,49079.9,49079.9,60,49086.55,90,180,3185700
BANKNIFTY-I.NFO,17/02/2025,09:39:08,49079.9,49075.05,30,49081.65,90,90,3185700
BANKNIFTY-I.NFO,17/02/2025,09:39:10,49083.4,49071,30,49082.35,30,120,3185700
BANKNIFTY-I.NFO,17/02/2025,09:39:12,49085,49076.65,270,49090,30,90,3185700
BANKNIFTY-I.NFO,17/02/2025,09:39:13,49090,49080,30,49088.65,60,30,3185700
BANKNIFTY-I.NFO,17/02/2025,09:39:15,49076.7,49071,30,49078.3,150,90,3185700
BANKNIFTY-I.NFO,17/02/2025,09:39:17,49073.7,49066,30,49073.7,30,180,3185700
BANKNIFTY-I.NFO,17/02/2025,09:39:18,49073.7,49066.05,240,49072.35,30,0,3185700
BANKNIFTY-I.NFO,17/02/2025,09:39:20,49062.7,49063.7,30,49065,30,90,3185700
BANKNIFTY-I.NFO,17/02/2025,09:39:22,49066.05,49064.75,30,49074.55,180,90,3185700
BANKNIFTY-I.NFO,17/02/2025,09:39:23,49066.05,49064.75,30,49069,60,0,3185700
BANKNIFTY-I.NFO,17/02/2025,09:39:25,49053.35,49053.3,90,49060.55,150,360,3185700
BANKNIFTY-I.NFO,17/02/2025,09:39:27,49039.45,49038.9,90,49040.9,30,1260,3185700
BANKNIFTY-I.NFO,17/02/2025,09:39:28,49054.4,49037,240,49054.75,30,360,3185700
BANKNIFTY-I.NFO,17/02/2025,09:39:30,49054.6,49042.8,210,49058.05,30,60,3185700
BANKNIFTY-I.NFO,17/02/2025,09:39:32,49042.8,49052.25,180,49067.85,300,30,3185700
BANKNIFTY-I.NFO,17/02/2025,09:39:33,49042.8,49051.9,120,49069.55,30,0,3185700
BANKNIFTY-I.NFO,17/02/2025,09:39:35,49060.75,49047.1,240,49064.3,240,120,3185700
BANKNIFTY-I.NFO,17/02/2025,09:39:37,49047.85,49053.5,210,49068.15,30,30,3185700
BANKNIFTY-I.NFO,17/02/2025,09:39:38,49053.5,49050.65,60,49062.8,30,210,3185700
BANKNIFTY-I.NFO,17/02/2025,09:39:40,49053.5,49050.7,60,49060.7,30,0,3185700
BANKNIFTY-I.NFO,17/02/2025,09:39:42,49053.5,49051.35,60,49060.7,30,0,3185700
BANKNIFTY-I.NFO,17/02/2025,09:39:43,49060.7,49060.7,30,49062.8,30,30,3184440
BANKNIFTY-I.NFO,17/02/2025,09:39:45,49065.05,49061.25,30,49075,30,150,3184440
BANKNIFTY-I.NFO,17/02/2025,09:39:47,49065.05,49061.25,30,49075,30,0,3184440
BANKNIFTY-I.NFO,17/02/2025,09:39:48,49061.25,49052,30,49064.25,240,120,3184440
BANKNIFTY-I.NFO,17/02/2025,09:39:50,49061.2,49052,30,49058.95,240,180,3184440
BANKNIFTY-I.NFO,17/02/2025,09:39:52,49057.05,49052,30,49059.85,240,180,3184440
BANKNIFTY-I.NFO,17/02/2025,09:39:53,49047.85,49047.05,30,49057.7,30,60,3184440
BANKNIFTY-I.NFO,17/02/2025,09:39:55,49047.1,49049.9,240,49067.55,150,240,3184440
BANKNIFTY-I.NFO,17/02/2025,09:39:57,49069.8,49053.65,300,49069.8,120,30,3184440
BANKNIFTY-I.NFO,17/02/2025,09:39:58,49054.05,49055.6,150,49074.3,240,270,3184440
BANKNIFTY-I.NFO,17/02/2025,09:40:00,49071.2,49055.65,150,49071.2,240,30,3184440
BANKNIFTY-I.NFO,17/02/2025,09:40:02,49062.65,49055.65,60,49065.05,240,900,3184440
BANKNIFTY-I.NFO,17/02/2025,09:40:03,49043.3,49041,30,49045.15,30,120,3184440
BANKNIFTY-I.NFO,17/02/2025,09:40:05,49046.35,49046.35,150,49061.95,240,30,3184440
BANKNIFTY-I.NFO,17/02/2025,09:40:07,49040,49046.35,30,49054.45,240,150,3184440
BANKNIFTY-I.NFO,17/02/2025,09:40:08,49059.7,49051.35,240,49069.8,270,60,3184440
BANKNIFTY-I.NFO,17/02/2025,09:40:10,49075,49077.8,210,49085,30,30,3184440
BANKNIFTY-I.NFO,17/02/2025,09:40:12,49082.85,49079.85,150,49098.75,270,60,3184440
BANKNIFTY-I.NFO,17/02/2025,09:40:13,49082.85,49086.75,210,49103.45,240,0,3184440
BANKNIFTY-I.NFO,17/02/2025,09:40:15,49086.75,49068.5,210,49087.9,240,150,3184440
BANKNIFTY-I.NFO,17/02/2025,09:40:17,49068.2,49076,180,49093.8,240,30,3184440
BANKNIFTY-I.NFO,17/02/2025,09:40:18,49068.2,49081.35,180,49099.85,240,0,3184440
BANKNIFTY-I.NFO,17/02/2025,09:40:20,49068.2,49071.05,120,49092,300,0,3184440
BANKNIFTY-I.NFO,17/02/2025,09:40:22,49068.2,49071.4,180,49087.7,30,0,3184440
BANKNIFTY-I.NFO,17/02/2025,09:40:23,49089.9,49076,30,49090.1,300,60,3184440
BANKNIFTY-I.NFO,17/02/2025,09:40:25,49089.9,49076.05,180,49093.55,240,0,3184440
BANKNIFTY-I.NFO,17/02/2025,09:40:27,49076,49076.05,30,49088.75,300,120,3184440
BANKNIFTY-I.NFO,17/02/2025,09:40:28,49080.45,49064.8,240,49080.5,30,60,3184440
BANKNIFTY-I.NFO,17/02/2025,09:40:30,49080.45,49064.8,60,49074.75,240,0,3184440
BANKNIFTY-I.NFO,17/02/2025,09:40:32,49080.45,49064.8,150,49073.65,240,0,3184440
BANKNIFTY-I.NFO,17/02/2025,09:40:33,49080.45,49064.8,210,49077.45,240,0,3184440
BANKNIFTY-I.NFO,17/02/2025,09:40:35,49080.45,49064.8,210,49073.6,60,0,3184440
BANKNIFTY-I.NFO,17/02/2025,09:40:37,49080.45,49064.9,30,49075.25,30,0,3184440
BANKNIFTY-I.NFO,17/02/2025,09:40:38,49061.95,49048.7,180,49067.3,240,270,3184440
BANKNIFTY-I.NFO,17/02/2025,09:40:40,49061.95,49043.45,180,49061.7,270,0,3184440
BANKNIFTY-I.NFO,17/02/2025,09:40:42,49045.05,49045.05,210,49060.7,60,30,3184440
BANKNIFTY-I.NFO,17/02/2025,09:40:44,49045.05,49047.65,240,49062.65,30,0,3184440
BANKNIFTY-I.NFO,17/02/2025,09:40:45,49051.7,49051.85,210,49069.1,240,30,3184440
BANKNIFTY-I.NFO,17/02/2025,09:40:47,49051.7,49056.35,240,49061.95,90,0,3184440
BANKNIFTY-I.NFO,17/02/2025,09:40:49,49061.95,49061.1,120,49078.35,240,90,3184440
BANKNIFTY-I.NFO,17/02/2025,09:40:50,49078.15,49061.1,90,49070.7,240,30,3184440
BANKNIFTY-I.NFO,17/02/2025,09:40:52,49061.1,49061.15,150,49077.85,240,30,3184440
BANKNIFTY-I.NFO,17/02/2025,09:40:54,49061.1,49061.95,30,49074.85,240,0,3184440
BANKNIFTY-I.NFO,17/02/2025,09:40:55,49079.85,49061.95,120,49077.25,240,30,3184440
BANKNIFTY-I.NFO,17/02/2025,09:40:57,49079.85,49064.75,210,49082.8,240,0,3184440
BANKNIFTY-I.NFO,17/02/2025,09:40:59,49079.85,49064.75,120,49073.55,240,0,3184440
BANKNIFTY-I.NFO,17/02/2025,09:41:00,49064.2,49051.7,30,49063.2,60,1170,3184440
BANKNIFTY-I.NFO,17/02/2025,09:41:02,49064.2,49051.7,30,49062.25,30,0,3184440
BANKNIFTY-I.NFO,17/02/2025,09:41:04,49064.2,49051.75,270,49065,30,0,3184440
BANKNIFTY-I.NFO,17/02/2025,09:41:05,49071,49059.75,270,49077.55,30,90,3184440
BANKNIFTY-I.NFO,17/02/2025,09:41:07,49074.25,49060.9,270,49079.6,30,60,3184440
BANKNIFTY-I.NFO,17/02/2025,09:41:09,49074.25,49070,30,49080.55,150,0,3184440
BANKNIFTY-I.NFO,17/02/2025,09:41:10,49074.25,49074.95,270,49090,30,0,3184440
BANKNIFTY-I.NFO,17/02/2025,09:41:12,49083.6,49080.5,240,49095,30,90,3184440
BANKNIFTY-I.NFO,17/02/2025,09:41:14,49089.2,49087.55,150,49106.95,330,1020,3184440
BANKNIFTY-I.NFO,17/02/2025,09:41:15,49089.2,49091.65,150,49109.95,240,0,3184440
BANKNIFTY-I.NFO,17/02/2025,09:41:17,49089.2,49091.65,270,49102.5,240,0,3184440
BANKNIFTY-I.NFO,17/02/2025,09:41:19,49091.65,49091.7,150,49105.3,240,30,3184440
BANKNIFTY-I.NFO,17/02/2025,09:41:20,49091.65,49091.8,150,49105,30,0,3184440
BANKNIFTY-I.NFO,17/02/2025,09:41:22,49109.35,49093.05,210,49108.55,240,90,3184440
BANKNIFTY-I.NFO,17/02/2025,09:41:24,49109.35,49093.05,300,49100.6,240,0,3184440
BANKNIFTY-I.NFO,17/02/2025,09:41:25,49085.4,49079,900,49088.5,240,360,3184440
BANKNIFTY-I.NFO,17/02/2025,09:41:27,49079.05,49070,30,49080.6,240,960,3184440
BANKNIFTY-I.NFO,17/02/2025,09:41:29,49078.65,49070,30,49076.75,240,30,3184440
BANKNIFTY-I.NFO,17/02/2025,09:41:30,49078.65,49070.05,240,49088.65,240,0,3184440
BANKNIFTY-I.NFO,17/02/2025,09:41:32,49070,49056.7,240,49075.45,240,30,3184440
BANKNIFTY-I.NFO,17/02/2025,09:41:34,49070,49060.55,240,49079.8,240,0,3184440
BANKNIFTY-I.NFO,17/02/2025,09:41:35,49060.6,49060.6,210,49077.4,240,90,3184440
BANKNIFTY-I.NFO,17/02/2025,09:41:37,49060.6,49060.6,30,49072,240,0,3184440
BANKNIFTY-I.NFO,17/02/2025,09:41:39,49060.6,49060.6,120,49072.55,60,0,3184440
BANKNIFTY-I.NFO,17/02/2025,09:41:40,49060.6,49060.65,210,49076.25,240,0,3184440
BANKNIFTY-I.NFO,17/02/2025,09:41:42,49060.65,49060.7,240,49077.25,240,60,3184440
BANKNIFTY-I.NFO,17/02/2025,09:41:44,49060.65,49064.05,240,49080,60,0,3184440
BANKNIFTY-I.NFO,17/02/2025,09:41:45,49062.35,49064.1,90,49073.8,240,30,3184440
BANKNIFTY-I.NFO,17/02/2025,09:41:47,49064.15,49064.1,120,49068.4,240,30,3184440
BANKNIFTY-I.NFO,17/02/2025,09:41:49,49064.1,49060.6,30,49065,240,120,3184440
BANKNIFTY-I.NFO,17/02/2025,09:41:50,49066.2,49060.6,60,49072.55,240,30,3184440
BANKNIFTY-I.NFO,17/02/2025,09:41:52,49070,49060.6,60,49073.25,240,30,3184440
BANKNIFTY-I.NFO,17/02/2025,09:41:54,49072.35,49067,30,49072.6,30,30,3184440
BANKNIFTY-I.NFO,17/02/2025,09:41:55,49067,49060.6,30,49067.1,300,60,3184440
BANKNIFTY-I.NFO,17/02/2025,09:41:57,49053,49053,30,49059.3,30,960,3184440
BANKNIFTY-I.NFO,17/02/2025,09:41:59,49051,49050,90,49050.15,30,60,3184440
BANKNIFTY-I.NFO,17/02/2025,09:42:00,49051.4,49045,60,49051.35,240,120,3184440
BANKNIFTY-I.NFO,17/02/2025,09:42:02,49043.6,49040,30,49044.7,30,120,3184440
BANKNIFTY-I.NFO,17/02/2025,09:42:04,49034,49032,210,49034,270,240,3184440
BANKNIFTY-I.NFO,17/02/2025,09:42:05,48985,48985,210,48995.55,60,6090,3184440
BANKNIFTY-I.NFO,17/02/2025,09:42:07,48982,48985,60,48991.7,30,420,3184440
BANKNIFTY-I.NFO,17/02/2025,09:42:09,48985,48985,30,48991.65,30,60,3184440
BANKNIFTY-I.NFO,17/02/2025,09:42:10,48991.6,48983.75,90,48991.6,60,300,3184440
BANKNIFTY-I.NFO,17/02/2025,09:42:12,48984.55,48984.35,180,48991.55,30,60,3184440
BANKNIFTY-I.NFO,17/02/2025,09:42:14,48983.55,48982,1530,48985,60,240,3184440
BANKNIFTY-I.NFO,17/02/2025,09:42:15,48985,48984.8,60,48997.25,60,90,3184440
BANKNIFTY-I.NFO,17/02/2025,09:42:17,48990,48990,240,48997.25,60,210,3184440
BANKNIFTY-I.NFO,17/02/2025,09:42:19,49000,48990,240,49000,360,120,3184440
BANKNIFTY-I.NFO,17/02/2025,09:42:20,49000,48990,240,49000,360,0,3184440
BANKNIFTY-I.NFO,17/02/2025,09:42:22,48990,48990,180,48992.3,60,60,3184440
BANKNIFTY-I.NFO,17/02/2025,09:42:24,48993.3,48982,1560,48997.55,30,330,3184440
BANKNIFTY-I.NFO,17/02/2025,09:42:25,48982.9,48982.85,60,48999.9,60,210,3184440
BANKNIFTY-I.NFO,17/02/2025,09:42:27,48982,48982,1500,48994.65,60,150,3184440
BANKNIFTY-I.NFO,17/02/2025,09:42:29,48982.05,48982,1500,48995,60,30,3184440
BANKNIFTY-I.NFO,17/02/2025,09:42:30,48982.05,48982,1440,48994.85,30,150,3184440
BANKNIFTY-I.NFO,17/02/2025,09:42:32,48982,48982,1320,48991.8,120,120,3184440
BANKNIFTY-I.NFO,17/02/2025,09:42:34,48985,48982.15,30,48995,60,180,3184440
BANKNIFTY-I.NFO,17/02/2025,09:42:35,48981,48978.05,30,48982,150,1530,3184440
BANKNIFTY-I.NFO,17/02/2025,09:42:37,48965,48960,60,48968.25,240,420,3184440
BANKNIFTY-I.NFO,17/02/2025,09:42:39,48967.3,48957.65,120,48976.1,330,240,3184440
BANKNIFTY-I.NFO,17/02/2025,09:42:40,48962,48960.65,60,48978.05,30,300,3180420
BANKNIFTY-I.NFO,17/02/2025,09:42:42,48978.05,48959.3,60,48977.25,240,30,3180420
BANKNIFTY-I.NFO,17/02/2025,09:42:44,48980,48979.95,60,48994,180,240,3180420
BANKNIFTY-I.NFO,17/02/2025,09:42:45,48995,48988.9,60,49000,360,270,3180420
BANKNIFTY-I.NFO,17/02/2025,09:42:47,48969.2,48962.35,30,48974.85,240,120,3180420
BANKNIFTY-I.NFO,17/02/2025,09:42:49,48970,48965.9,30,48985.55,240,60,3180420
BANKNIFTY-I.NFO,17/02/2025,09:42:50,48988.5,48976.65,60,48990,30,30,3180420
BANKNIFTY-I.NFO,17/02/2025,09:42:52,48973.1,48970.55,30,48989.3,240,90,3180420
BANKNIFTY-I.NFO,17/02/2025,09:42:54,48973.1,48967.9,30,48975.9,30,0,3180420
BANKNIFTY-I.NFO,17/02/2025,09:42:55,48977.4,48978.1,60,48990,60,180,3180420
BANKNIFTY-I.NFO,17/02/2025,09:42:57,48977.4,48983.1,60,48990,60,0,3180420
BANKNIFTY-I.NFO,17/02/2025,09:42:59,48995,48990,30,48995.65,240,120,3180420
BANKNIFTY-I.NFO,17/02/2025,09:43:00,48965.55,48967.1,30,48984.3,90,90,3180420
BANKNIFTY-I.NFO,17/02/2025,09:43:02,48965.55,48962.35,30,48981.4,240,0,3180420
BANKNIFTY-I.NFO,17/02/2025,09:43:04,48966.75,48970.3,60,48988.9,240,30,3180420
BANKNIFTY-I.NFO,17/02/2025,09:43:05,48966.95,48967.1,60,48982.75,30,30,3180420
BANKNIFTY-I.NFO,17/02/2025,09:43:07,48967.6,48969.1,90,48985.85,240,90,3180420
BANKNIFTY-I.NFO,17/02/2025,09:43:09,48985.05,48976.1,30,48983.5,240,90,3180420
BANKNIFTY-I.NFO,17/02/2025,09:43:10,48991.1,48976.15,90,48995.25,240,30,3180420
BANKNIFTY-I.NFO,17/02/2025,09:43:12,48980.1,48976.1,30,48979.2,360,150,3180420
BANKNIFTY-I.NFO,17/02/2025,09:43:14,48985.05,48977.85,120,48990,90,120,3180420
BANKNIFTY-I.NFO,17/02/2025,09:43:15,48975.6,48976.2,90,48990,90,30,3180420
BANKNIFTY-I.NFO,17/02/2025,09:43:17,48990,48974.95,90,48991.1,30,210,3180420
BANKNIFTY-I.NFO,17/02/2025,09:43:19,48989,48971.3,90,48989.55,330,30,3180420
BANKNIFTY-I.NFO,17/02/2025,09:43:20,48990,48973.7,120,48990,30,60,3180420
BANKNIFTY-I.NFO,17/02/2025,09:43:22,48990,48971.75,240,48989.3,240,0,3180420
BANKNIFTY-I.NFO,17/02/2025,09:43:24,48989.95,48970.8,120,48986.95,360,60,3180420
BANKNIFTY-I.NFO,17/02/2025,09:43:25,48970.8,48975.15,90,48990,30,30,3180420
BANKNIFTY-I.NFO,17/02/2025,09:43:27,48970.9,48970.8,60,48985.85,270,30,3180420
BANKNIFTY-I.NFO,17/02/2025,09:43:29,48970.9,48970.8,30,48983.55,240,0,3180420
BANKNIFTY-I.NFO,17/02/2025,09:43:30,48970.75,48970,60,48980.6,30,60,3180420
BANKNIFTY-I.NFO,17/02/2025,09:43:32,48980.6,48970,60,48979.8,240,30,3180420
BANKNIFTY-I.NFO,17/02/2025,09:43:34,48965.15,48965,30,48976,240,240,3180420
BANKNIFTY-I.NFO,17/02/2025,09:43:35,48962,48961.45,30,48965,30,120,3180420
BANKNIFTY-I.NFO,17/02/2025,09:43:37,48950,48950,270,48954.3,300,510,3180420
BANKNIFTY-I.NFO,17/02/2025,09:43:39,48944,48944,30,48948.6,240,420,3180420
BANKNIFTY-I.NFO,17/02/2025,09:43:40,48940,48942.1,240,48956.75,120,330,3180420
BANKNIFTY-I.NFO,17/02/2025,09:43:42,48955.1,48942.1,30,48954.1,120,90,3180420
BANKNIFTY-I.NFO,17/02/2025,09:43:44,48954.2,48942.1,30,48951.55,90,90,3180420
BANKNIFTY-I.NFO,17/02/2025,09:43:45,48946.55,48942.15,30,48948.4,120,90,3180420
BANKNIFTY-I.NFO,17/02/2025,09:43:47,48942.15,48940,180,48944.2,30,60,3180420
BANKNIFTY-I.NFO,17/02/2025,09:43:49,48951.8,48940,180,48952.8,30,180,3180420
BANKNIFTY-I.NFO,17/02/2025,09:43:50,48940,48948.55,30,48956.65,30,60,3180420
BANKNIFTY-I.NFO,17/02/2025,09:43:52,48940,48948.55,30,48950,30,0,3180420
BANKNIFTY-I.NFO,17/02/2025,09:43:54,48940.05,48940,150,48947.4,120,270,3180420
BANKNIFTY-I.NFO,17/02/2025,09:43:55,48941,48940,150,48941,90,120,3180420
BANKNIFTY-I.NFO,17/02/2025,09:43:57,48949.3,48940.55,240,48956.65,30,120,3180420
BANKNIFTY-I.NFO,17/02/2025,09:43:59,48945.2,48945.45,240,48955.1,120,90,3180420
BANKNIFTY-I.NFO,17/02/2025,09:44:00,48944.1,48941.9,240,48954.95,30,60,3180420
BANKNIFTY-I.NFO,17/02/2025,09:44:02,48944.1,48942.5,240,48954.95,30,0,3180420
BANKNIFTY-I.NFO,17/02/2025,09:44:04,48950,48947.6,90,48955.05,30,780,3180420
BANKNIFTY-I.NFO,17/02/2025,09:44:05,48952.15,48941.05,30,48952.2,60,240,3180420
BANKNIFTY-I.NFO,17/02/2025,09:44:07,48954.95,48941.15,30,48955,240,30,3180420
BANKNIFTY-I.NFO,17/02/2025,09:44:09,48954.95,48941.2,210,48954.95,30,0,3180420
BANKNIFTY-I.NFO,17/02/2025,09:44:10,48955.1,48943.8,210,48954.85,30,120,3180420
BANKNIFTY-I.NFO,17/02/2025,09:44:12,48948.35,48945.75,180,48956.55,30,180,3180420
BANKNIFTY-I.NFO,17/02/2025,09:44:14,48966.75,48943.05,240,48957.8,60,360,3180420
BANKNIFTY-I.NFO,17/02/2025,09:44:15,48950,48948.35,60,48961.75,90,60,3180420
BANKNIFTY-I.NFO,17/02/2025,09:44:17,48957.8,48951.8,240,48961.55,30,60,3180420
BANKNIFTY-I.NFO,17/02/2025,09:44:19,48964.2,48950,30,48960.15,360,180,3180420
BANKNIFTY-I.NFO,17/02/2025,09:44:20,48964.2,48951.05,30,48960,30,0,3180420
BANKNIFTY-I.NFO,17/02/2025,09:44:22,48962.75,48951,30,48958.85,60,270,3180420
BANKNIFTY-I.NFO,17/02/2025,09:44:24,48960,48952.05,240,48966.65,30,120,3180420
BANKNIFTY-I.NFO,17/02/2025,09:44:25,48966.65,48954.7,270,48972.15,30,30,3180420
BANKNIFTY-I.NFO,17/02/2025,09:44:27,48969.15,48960,30,48970.85,30,180,3180420
BANKNIFTY-I.NFO,17/02/2025,09:44:29,48969.15,48960,30,48971.1,30,0,3180420
BANKNIFTY-I.NFO,17/02/2025,09:44:32,48962.95,48951.05,240,48967.8,60,180,3180420
BANKNIFTY-I.NFO,17/02/2025,09:44:34,48969.15,48955.05,240,48971.2,90,90,3180420
BANKNIFTY-I.NFO,17/02/2025,09:44:35,48969.15,48960.05,30,48972.25,30,0,3180420
BANKNIFTY-I.NFO,17/02/2025,09:44:37,48976.25,48960.1,240,48976.85,30,150,3180420
BANKNIFTY-I.NFO,17/02/2025,09:44:39,48960.1,48960.2,240,48977.2,90,90,3180420
BANKNIFTY-I.NFO,17/02/2025,09:44:40,48960.1,48960.15,30,48965.65,90,0,3180420
BANKNIFTY-I.NFO,17/02/2025,09:44:42,48965.4,48965.4,90,48965.55,30,270,3180420
BANKNIFTY-I.NFO,17/02/2025,09:44:44,48964.4,48960,120,48965.95,30,510,3180420
BANKNIFTY-I.NFO,17/02/2025,09:44:45,48960.95,48955,30,48961,30,180,3180420
BANKNIFTY-I.NFO,17/02/2025,09:44:47,48955.05,48950.55,30,48956.25,30,270,3180420
BANKNIFTY-I.NFO,17/02/2025,09:44:49,48955.05,48950.55,30,48960.8,30,0,3180420
BANKNIFTY-I.NFO,17/02/2025,09:44:50,48960.2,48960.9,30,48971.55,60,60,3180420
BANKNIFTY-I.NFO,17/02/2025,09:44:52,48960.9,48960.9,30,48963.9,30,60,3180420
BANKNIFTY-I.NFO,17/02/2025,09:44:54,48940,48935.2,30,48940,60,690,3180420
BANKNIFTY-I.NFO,17/02/2025,09:44:55,48944.5,48935.2,30,48943.6,90,360,3180420
BANKNIFTY-I.NFO,17/02/2025,09:44:57,48940,48935.25,30,48938.7,30,90,3180420
BANKNIFTY-I.NFO,17/02/2025,09:44:59,48935.5,48938.7,30,48950.2,60,240,3180420
BANKNIFTY-I.NFO,17/02/2025,09:45:00,48925,48925,1050,48933.3,120,840,3180420
BANKNIFTY-I.NFO,17/02/2025,09:45:02,48925,48925,750,48928.3,90,300,3180420
BANKNIFTY-I.NFO,17/02/2025,09:45:04,48935.55,48927.8,240,48947.1,30,150,3180420
BANKNIFTY-I.NFO,17/02/2025,09:45:05,48930.4,48930.5,240,48947.2,120,240,3180420
BANKNIFTY-I.NFO,17/02/2025,09:45:07,48930.5,48930.5,180,48947.3,240,390,3180420
BANKNIFTY-I.NFO,17/02/2025,09:45:09,48940.75,48940.75,150,48955,30,630,3180420
BANKNIFTY-I.NFO,17/02/2025,09:45:10,48950.25,48930.75,60,48949.85,240,360,3180420
BANKNIFTY-I.NFO,17/02/2025,09:45:12,48931.6,48940.25,30,48959.15,240,210,3180420
BANKNIFTY-I.NFO,17/02/2025,09:45:14,48959.15,48940,60,48949.75,240,30,3180420
BANKNIFTY-I.NFO,17/02/2025,09:45:15,48930,48928.85,60,48946.75,30,510,3180420
BANKNIFTY-I.NFO,17/02/2025,09:45:17,48950.4,48937.8,90,48957.05,240,60,3180420
BANKNIFTY-I.NFO,17/02/2025,09:45:19,48939.7,48939.8,60,48950,60,600,3180420
BANKNIFTY-I.NFO,17/02/2025,09:45:20,48937.15,48937.95,60,48956.15,240,300,3180420
BANKNIFTY-I.NFO,17/02/2025,09:45:22,48956.1,48949.3,30,48953.65,30,30,3180420
BANKNIFTY-I.NFO,17/02/2025,09:45:24,48945,48938,30,48950,30,240,3180420
BANKNIFTY-I.NFO,17/02/2025,09:45:25,48948.15,48945,120,48948.5,240,630,3180420
BANKNIFTY-I.NFO,17/02/2025,09:45:27,48930,48928.5,240,48945.35,30,360,3180420
BANKNIFTY-I.NFO,17/02/2025,09:45:29,48951.85,48928.5,240,48943.85,120,930,3180420
BANKNIFTY-I.NFO,17/02/2025,09:45:30,48928.5,48930.3,300,48949.9,30,450,3180420
BANKNIFTY-I.NFO,17/02/2025,09:45:32,48930.05,48930.05,210,48946.35,240,240,3180420
BANKNIFTY-I.NFO,17/02/2025,09:45:34,48933.15,48934.3,210,48950,30,60,3180420
BANKNIFTY-I.NFO,17/02/2025,09:45:35,48943.1,48931.6,30,48940.65,210,60,3180420
BANKNIFTY-I.NFO,17/02/2025,09:45:37,48943.35,48933.7,240,48949.85,180,60,3180420
BANKNIFTY-I.NFO,17/02/2025,09:45:39,48952,48933.85,270,48949.4,30,450,3180420
BANKNIFTY-I.NFO,17/02/2025,09:45:40,48934.1,48940.65,150,48949.15,60,30,3174450
BANKNIFTY-I.NFO,17/02/2025,09:45:42,48935,48935,90,48940.95,60,360,3174450
BANKNIFTY-I.NFO,17/02/2025,09:45:44,48942.1,48935,90,48940,30,60,3174450
BANKNIFTY-I.NFO,17/02/2025,09:45:45,48949.4,48941.65,300,48956.1,30,60,3174450
BANKNIFTY-I.NFO,17/02/2025,09:45:47,48958.75,48942.7,300,48959.1,60,90,3174450
BANKNIFTY-I.NFO,17/02/2025,09:45:48,48956.1,48940,240,48956.25,30,30,3174450
BANKNIFTY-I.NFO,17/02/2025,09:45:50,48957.3,48942.65,270,48959.15,30,210,3174450
BANKNIFTY-I.NFO,17/02/2025,09:45:52,48942.75,48942.75,240,48959.1,60,60,3174450
BANKNIFTY-I.NFO,17/02/2025,09:45:53,48942.75,48958.15,30,48959.15,30,0,3174450
BANKNIFTY-I.NFO,17/02/2025,09:45:55,48942.75,48944.45,300,48959.15,30,0,3174450
BANKNIFTY-I.NFO,17/02/2025,09:45:57,48955.45,48942.7,30,48953.4,30,60,3174450
BANKNIFTY-I.NFO,17/02/2025,09:45:58,48959.15,48946.8,360,48960,60,30,3174450
BANKNIFTY-I.NFO,17/02/2025,09:46:00,48959.25,48943.5,330,48959.25,30,330,3174450
BANKNIFTY-I.NFO,17/02/2025,09:46:02,48955.9,48942.75,240,48955.95,30,540,3174450
BANKNIFTY-I.NFO,17/02/2025,09:46:03,48961.4,48944.9,240,48963.1,30,330,3174450
BANKNIFTY-I.NFO,17/02/2025,09:46:05,48961.4,48947.4,270,48959,30,0,3174450
BANKNIFTY-I.NFO,17/02/2025,09:46:07,48959,48947.6,330,48964.5,30,30,3174450
BANKNIFTY-I.NFO,17/02/2025,09:46:08,48959,48947.6,330,48964.3,60,0,3174450
BANKNIFTY-I.NFO,17/02/2025,09:46:10,48957.1,48947.65,30,48957.8,120,90,3174450
BANKNIFTY-I.NFO,17/02/2025,09:46:12,48944,48942.7,30,48946.7,150,120,3174450
BANKNIFTY-I.NFO,17/02/2025,09:46:13,48940,48938,30,48945.3,60,180,3174450
BANKNIFTY-I.NFO,17/02/2025,09:46:15,48944.4,48938,30,48942.75,120,30,3174450
BANKNIFTY-I.NFO,17/02/2025,09:46:17,48935.35,48935,120,48941.3,60,60,3174450
BANKNIFTY-I.NFO,17/02/2025,09:46:18,48940.15,48935,120,48945.35,120,30,3174450
BANKNIFTY-I.NFO,17/02/2025,09:46:20,48934.1,48931.05,240,48945.3,30,150,3174450
BANKNIFTY-I.NFO,17/02/2025,09:46:22,48931.15,48932,30,48941.6,60,720,3174450
BANKNIFTY-I.NFO,17/02/2025,09:46:23,48935.35,48935.35,240,48938,120,30,3174450
BANKNIFTY-I.NFO,17/02/2025,09:46:25,48930.85,48930,240,48931.2,30,480,3174450
BANKNIFTY-I.NFO,17/02/2025,09:46:27,48930,48930,30,48932.45,60,330,3174450
BANKNIFTY-I.NFO,17/02/2025,09:46:28,48930.05,48931.5,240,48938.45,30,330,3174450
BANKNIFTY-I.NFO,17/02/2025,09:46:30,48928.45,48929.6,120,48945.05,30,210,3174450
BANKNIFTY-I.NFO,17/02/2025,09:46:32,48935,48930,30,48940.9,240,60,3174450
BANKNIFTY-I.NFO,17/02/2025,09:46:33,48935,48930,30,48941.45,240,0,3174450
BANKNIFTY-I.NFO,17/02/2025,09:46:35,48948.55,48930.05,180,48948.9,240,60,3174450
BANKNIFTY-I.NFO,17/02/2025,09:46:37,48935,48935.5,150,48948.3,30,60,3174450
BANKNIFTY-I.NFO,17/02/2025,09:46:38,48935,48935.7,30,48949.7,270,0,3174450
BANKNIFTY-I.NFO,17/02/2025,09:46:40,48950.2,48935.65,240,48949.45,240,120,3174450
BANKNIFTY-I.NFO,17/02/2025,09:46:41,48935.05,48935,30,48946.65,30,30,3174450
BANKNIFTY-I.NFO,17/02/2025,09:46:43,48935.05,48935.1,30,48943.2,30,0,3174450
BANKNIFTY-I.NFO,17/02/2025,09:46:45,48951.75,48937.45,270,48953.2,30,270,3174450
BANKNIFTY-I.NFO,17/02/2025,09:46:46,48951.75,48940,30,48951.9,30,0,3174450
BANKNIFTY-I.NFO,17/02/2025,09:46:48,48950,48948.15,300,48960,60,60,3174450
BANKNIFTY-I.NFO,17/02/2025,09:46:50,48960,48956.45,270,48972.9,30,120,3174450
BANKNIFTY-I.NFO,17/02/2025,09:46:51,48975.6,48971.4,30,48975.05,60,60,3174450
BANKNIFTY-I.NFO,17/02/2025,09:46:53,48975.6,48971.4,60,48975.6,30,0,3174450
BANKNIFTY-I.NFO,17/02/2025,09:46:55,48966,48966.45,240,48976,60,90,3174450
BANKNIFTY-I.NFO,17/02/2025,09:46:56,48958.05,48954.75,240,48970,30,270,3174450
BANKNIFTY-I.NFO,17/02/2025,09:46:58,48951.7,48951.7,300,48967.45,30,270,3174450
BANKNIFTY-I.NFO,17/02/2025,09:47:00,48953.6,48953.2,240,48968.9,120,210,3174450
BANKNIFTY-I.NFO,17/02/2025,09:47:01,48956.95,48956.95,270,48968.55,30,120,3174450
BANKNIFTY-I.NFO,17/02/2025,09:47:03,48962,48967.65,750,48976,60,60,3174450
BANKNIFTY-I.NFO,17/02/2025,09:47:05,48967.65,48967.65,660,48967.7,30,90,3174450
BANKNIFTY-I.NFO,17/02/2025,09:47:06,48976,48967.65,660,48972.35,30,780,3174450
BANKNIFTY-I.NFO,17/02/2025,09:47:08,48967.7,48967.7,720,48973.7,30,150,3174450
BANKNIFTY-I.NFO,17/02/2025,09:47:10,48975,48975,720,48980,60,780,3174450
BANKNIFTY-I.NFO,17/02/2025,09:47:11,48967.7,48967.7,270,48968.1,60,1350,3174450
BANKNIFTY-I.NFO,17/02/2025,09:47:13,48968.1,48967.75,30,48975,30,840,3174450
BANKNIFTY-I.NFO,17/02/2025,09:47:15,48968.1,48968.15,330,48975,30,0,3174450
BANKNIFTY-I.NFO,17/02/2025,09:47:16,48980,48986.6,30,48988,30,90,3174450
BANKNIFTY-I.NFO,17/02/2025,09:47:18,48990,48986.6,30,48992.25,30,90,3174450
BANKNIFTY-I.NFO,17/02/2025,09:47:20,48996,48986.45,60,48996.35,120,270,3174450
BANKNIFTY-I.NFO,17/02/2025,09:47:21,48986.45,48981.7,60,48993.35,60,90,3174450
BANKNIFTY-I.NFO,17/02/2025,09:47:23,48981.75,48981.7,30,48988.35,30,30,3174450
BANKNIFTY-I.NFO,17/02/2025,09:47:25,48980,48976.05,300,48981.7,30,90,3174450
BANKNIFTY-I.NFO,17/02/2025,09:47:26,48991.65,48976.05,300,48992.5,60,90,3174450
BANKNIFTY-I.NFO,17/02/2025,09:47:28,48980.2,48980.2,270,48994.05,30,150,3174450
BANKNIFTY-I.NFO,17/02/2025,09:47:29,48996.15,48980.05,30,48990.95,30,30,3174450
BANKNIFTY-I.NFO,17/02/2025,09:47:31,48984.6,48971.2,60,48984.8,240,90,3174450
BANKNIFTY-I.NFO,17/02/2025,09:47:33,48989.3,48973.1,300,48990.25,30,390,3174450
BANKNIFTY-I.NFO,17/02/2025,09:47:35,48989.3,48973.85,330,48990,30,0,3174450
BANKNIFTY-I.NFO,17/02/2025,09:47:36,48986.95,48976.65,60,48988.15,30,120,3174450
BANKNIFTY-I.NFO,17/02/2025,09:47:38,48976.65,48970.15,30,48981.6,30,60,3174450
BANKNIFTY-I.NFO,17/02/2025,09:47:40,48976.65,48970.15,30,48975,30,0,3174450
BANKNIFTY-I.NFO,17/02/2025,09:47:41,48970,48970,30,48976.6,30,30,3174450
BANKNIFTY-I.NFO,17/02/2025,09:47:43,48970,48968.2,30,48979.8,60,30,3174450
BANKNIFTY-I.NFO,17/02/2025,09:47:45,48970,48968.2,30,48974.8,60,0,3174450
BANKNIFTY-I.NFO,17/02/2025,09:47:46,48967.3,48955,30,48966.9,60,1080,3174450
BANKNIFTY-I.NFO,17/02/2025,09:47:48,48967.3,48955.6,30,48964.8,60,0,3174450
BANKNIFTY-I.NFO,17/02/2025,09:47:49,48964.8,48969.3,270,48987,30,60,3174450
BANKNIFTY-I.NFO,17/02/2025,09:47:51,48985.8,48970.8,270,48985.55,210,120,3174450
BANKNIFTY-I.NFO,17/02/2025,09:47:53,48984.4,48972.2,270,48984.8,60,30,3174450
BANKNIFTY-I.NFO,17/02/2025,09:47:54,48972.2,48972.2,270,48979.8,30,30,3174450
BANKNIFTY-I.NFO,17/02/2025,09:47:56,48980,48966,240,48984.75,30,90,3174450
BANKNIFTY-I.NFO,17/02/2025,09:47:58,48969.1,48981,270,48991,90,90,3174450
BANKNIFTY-I.NFO,17/02/2025,09:47:59,48969.1,48981.35,270,48991,120,0,3174450
BANKNIFTY-I.NFO,17/02/2025,09:48:01,48991,48987.85,270,48992,60,210,3174450
BANKNIFTY-I.NFO,17/02/2025,09:48:03,49000,48997.35,300,49005,120,450,3174450
BANKNIFTY-I.NFO,17/02/2025,09:48:04,49005,48998.95,30,49005,90,60,3174450
BANKNIFTY-I.NFO,17/02/2025,09:48:06,48999,49001.05,30,49004.8,60,30,3174450
BANKNIFTY-I.NFO,17/02/2025,09:48:08,49026,49018.3,30,49028.25,30,1680,3174450
BANKNIFTY-I.NFO,17/02/2025,09:48:09,49033.4,49023.85,30,49032.85,30,1770,3174450
BANKNIFTY-I.NFO,17/02/2025,09:48:11,49010.6,49010.6,30,49025.7,60,840,3174450
BANKNIFTY-I.NFO,17/02/2025,09:48:13,49010.6,49013.85,300,49031.65,30,0,3174450
BANKNIFTY-I.NFO,17/02/2025,09:48:14,49033.65,49021.55,270,49033.4,30,750,3174450
BANKNIFTY-I.NFO,17/02/2025,09:48:16,49016.2,49013.05,270,49031.1,90,690,3174450
BANKNIFTY-I.NFO,17/02/2025,09:48:18,49030.05,49021,30,49027.95,360,210,3174450
BANKNIFTY-I.NFO,17/02/2025,09:48:19,49021,49013.85,30,49029.1,30,240,3174450
BANKNIFTY-I.NFO,17/02/2025,09:48:21,49021,49011.05,30,49017.45,60,0,3174450
BANKNIFTY-I.NFO,17/02/2025,09:48:23,49021,49011.05,30,49012.35,360,0,3174450
BANKNIFTY-I.NFO,17/02/2025,09:48:24,49012.3,49001.05,30,49012.35,360,60,3174450
BANKNIFTY-I.NFO,17/02/2025,09:48:26,49012,49001.05,30,49011.85,60,30,3174450
BANKNIFTY-I.NFO,17/02/2025,09:48:28,49012,49002.6,30,49012.35,360,0,3174450
BANKNIFTY-I.NFO,17/02/2025,09:48:29,49001,49001,30,49001.1,30,90,3174450
BANKNIFTY-I.NFO,17/02/2025,09:48:31,49008.65,49001,30,49009.05,30,60,3174450
BANKNIFTY-I.NFO,17/02/2025,09:48:33,49001,49000,30,49001,480,60,3174450
BANKNIFTY-I.NFO,17/02/2025,09:48:34,49000,49000,30,49001,480,30,3174450
BANKNIFTY-I.NFO,17/02/2025,09:48:36,49000,49000.1,30,49006.3,300,0,3174450
BANKNIFTY-I.NFO,17/02/2025,09:48:38,49000,48996.45,30,49004.2,30,960,3174450
BANKNIFTY-I.NFO,17/02/2025,09:48:39,48996.45,48987.4,270,48996.45,480,60,3174450
BANKNIFTY-I.NFO,17/02/2025,09:48:41,48996.45,48986.1,270,48996.45,480,0,3174450
BANKNIFTY-I.NFO,17/02/2025,09:48:43,48996.45,48979.55,270,48997.15,30,0,3174450
BANKNIFTY-I.NFO,17/02/2025,09:48:44,48986.1,48981.45,30,48986.1,450,30,3174540
BANKNIFTY-I.NFO,17/02/2025,09:48:46,48981.9,48981.9,330,48994.8,60,90,3174540
BANKNIFTY-I.NFO,17/02/2025,09:48:48,48994.8,48985.1,270,48994.8,30,30,3174540
BANKNIFTY-I.NFO,17/02/2025,09:48:49,49002.05,48994.8,120,49001.35,60,60,3174540
BANKNIFTY-I.NFO,17/02/2025,09:48:51,48992.15,48975.8,330,48992.15,30,540,3174540
BANKNIFTY-I.NFO,17/02/2025,09:48:53,48976.1,48976.95,30,48990.7,30,30,3174540
BANKNIFTY-I.NFO,17/02/2025,09:48:54,48976.6,48990.7,30,48994.8,60,30,3174540
BANKNIFTY-I.NFO,17/02/2025,09:48:56,48994.8,48979.45,270,48994.8,60,90,3174540
BANKNIFTY-I.NFO,17/02/2025,09:48:58,48976.25,48978.15,30,48990.7,60,30,3174540
BANKNIFTY-I.NFO,17/02/2025,09:48:59,48976,48976,840,48983.35,60,120,3174540
BANKNIFTY-I.NFO,17/02/2025,09:49:01,48970,48965,30,48966.95,30,1230,3174540
BANKNIFTY-I.NFO,17/02/2025,09:49:03,48971.9,48960.1,30,48971.9,240,960,3174540
BANKNIFTY-I.NFO,17/02/2025,09:49:04,48968.6,48960,90,48965.5,360,60,3174540
BANKNIFTY-I.NFO,17/02/2025,09:49:06,48966.55,48966.5,330,48969.8,60,60,3174540
BANKNIFTY-I.NFO,17/02/2025,09:49:08,48966.5,48960.05,30,48969.8,60,330,3174540
BANKNIFTY-I.NFO,17/02/2025,09:49:09,48966.5,48960,90,48966.5,120,390,3174540
BANKNIFTY-I.NFO,17/02/2025,09:49:11,48966.5,48960.05,30,48966.5,120,0,3174540
BANKNIFTY-I.NFO,17/02/2025,09:49:12,48969.8,48967.6,270,48974.8,60,270,3174540
BANKNIFTY-I.NFO,17/02/2025,09:49:14,48985.75,48974.8,30,48984.5,60,270,3174540
BANKNIFTY-I.NFO,17/02/2025,09:49:16,48984.5,48968.55,30,48982.8,30,360,3174540
BANKNIFTY-I.NFO,17/02/2025,09:49:17,48975.05,48975.05,270,48990.8,60,30,3174540
BANKNIFTY-I.NFO,17/02/2025,09:49:19,48975.05,48971.85,300,48990.35,30,0,3174540
BANKNIFTY-I.NFO,17/02/2025,09:49:21,48975.05,48982.3,270,48990,60,0,3174540
BANKNIFTY-I.NFO,17/02/2025,09:49:22,48994.8,48986.85,270,48994.8,30,90,3174540
BANKNIFTY-I.NFO,17/02/2025,09:49:24,48987.75,48986.95,30,48994.8,30,30,3174540
BANKNIFTY-I.NFO,17/02/2025,09:49:26,48986.9,48975.05,30,48986.85,30,60,3174540
BANKNIFTY-I.NFO,17/02/2025,09:49:27,48986.9,48975.1,30,48986.85,30,0,3174540
BANKNIFTY-I.NFO,17/02/2025,09:49:29,48986.9,48975.1,60,48986.85,30,0,3174540
BANKNIFTY-I.NFO,17/02/2025,09:49:31,48986.9,48975.1,60,48984.8,30,0,3174540
BANKNIFTY-I.NFO,17/02/2025,09:49:32,48975.1,48975.6,30,48986.9,30,30,3174540
BANKNIFTY-I.NFO,17/02/2025,09:49:34,48975.1,48977.15,30,48986.9,30,0,3174540
