Ticker,Date,Time,LTP,BuyPrice,BuyQty,SellPrice,SellQty,LTQ,OpenInterest
NIFTY-II.NFO,10/09/2024,09:15:00,25150,25148.75,100,25178.55,200,175,0
NIFTY-II.NFO,10/09/2024,09:15:00,25150,25148.75,100,25178.55,200,0,0
NIFTY-II.NFO,10/09/2024,09:15:00,25179,25148.75,100,25178.55,200,0,0
NIFTY-II.NFO,10/09/2024,09:15:00,25149.95,25148.75,100,25178.55,200,0,0
NIFTY-II.NFO,10/09/2024,09:15:01,25153.6,25153.7,50,25170.35,100,200,1146025
NIFTY-II.NFO,10/09/2024,09:15:03,25150,25150,25,25158.1,100,75,1146025
NIFTY-II.NFO,10/09/2024,09:15:04,25150.15,25149.35,225,25158.85,100,275,1146025
NIFTY-II.NFO,10/09/2024,09:15:04,25144.8,25149.35,225,25158.85,100,0,1146025
NIFTY-II.NFO,10/09/2024,09:15:06,25157.05,25150.3,25,25159.3,100,1050,1146025
NIFTY-II.NFO,10/09/2024,09:15:07,25149.6,25149.75,125,25158.45,100,1100,1146025
NIFTY-II.NFO,10/09/2024,09:15:09,25150.2,25147.8,125,25159.55,100,625,1146025
NIFTY-II.NFO,10/09/2024,09:15:11,25150.2,25150.9,25,25155,50,0,1146025
NIFTY-II.NFO,10/09/2024,09:15:12,25150.9,25147.4,250,25154.95,100,75,1146025
NIFTY-II.NFO,10/09/2024,09:15:14,25152.95,25150.15,25,25155,25,50,1146025
NIFTY-II.NFO,10/09/2024,09:15:15,25154.1,25154.15,100,25155,25,25,1146025
NIFTY-II.NFO,10/09/2024,09:15:17,25152.85,25151,25,25158.05,100,425,1146025
NIFTY-II.NFO,10/09/2024,09:15:19,25152.85,25152.05,25,25157.45,50,0,1146025
NIFTY-II.NFO,10/09/2024,09:15:20,25151.9,25152.3,250,25158,25,100,1146025
NIFTY-II.NFO,10/09/2024,09:15:22,25157,25154.8,225,25158,25,50,1146025
NIFTY-II.NFO,10/09/2024,09:15:23,25155.8,25155.85,25,25160,75,100,1146025
NIFTY-II.NFO,10/09/2024,09:15:25,25156.3,25156.5,25,25160,75,150,1146025
NIFTY-II.NFO,10/09/2024,09:15:27,25160,25158,125,25162,25,225,1146025
NIFTY-II.NFO,10/09/2024,09:15:28,25158.25,25158.15,125,25166.05,100,175,1146025
NIFTY-II.NFO,10/09/2024,09:15:30,25160,25158.7,25,25160.15,25,125,1146025
NIFTY-II.NFO,10/09/2024,09:15:32,25159.85,25160.5,125,25168.2,100,100,1146025
NIFTY-II.NFO,10/09/2024,09:15:33,25167.1,25160.9,100,25165.95,75,175,1146025
NIFTY-II.NFO,10/09/2024,09:15:35,25158.7,25161,50,25165.05,100,150,1146025
NIFTY-II.NFO,10/09/2024,09:15:37,25157.25,25155.6,125,25161.9,100,400,1146025
NIFTY-II.NFO,10/09/2024,09:15:38,25157.25,25155.65,25,25160,50,0,1146025
NIFTY-II.NFO,10/09/2024,09:15:40,25160,25159.25,200,25160,100,75,1146025
NIFTY-II.NFO,10/09/2024,09:15:41,25158.5,25158.55,25,25160,100,75,1146025
NIFTY-II.NFO,10/09/2024,09:15:43,25159.5,25159.5,725,25165.75,100,175,1146025
NIFTY-II.NFO,10/09/2024,09:15:45,25164.05,25158.25,650,25164.15,100,50,1146025
NIFTY-II.NFO,10/09/2024,09:15:46,25165.35,25159.35,100,25165.2,50,750,1145250
NIFTY-II.NFO,10/09/2024,09:15:48,25165.35,25157.25,25,25157.35,75,0,1145250
NIFTY-II.NFO,10/09/2024,09:15:50,25156.5,25155.85,100,25157.35,75,75,1145250
NIFTY-II.NFO,10/09/2024,09:15:51,25159.35,25156.55,100,25162.25,100,100,1145250
NIFTY-II.NFO,10/09/2024,09:15:53,25159.35,25156.55,100,25159.35,25,0,1145250
NIFTY-II.NFO,10/09/2024,09:15:55,25159.35,25156.2,100,25159.35,25,0,1145250
NIFTY-II.NFO,10/09/2024,09:15:56,25156.2,25156.2,50,25159.35,50,50,1145250
NIFTY-II.NFO,10/09/2024,09:15:58,25155,25155,25,25156.5,50,75,1145250
NIFTY-II.NFO,10/09/2024,09:16:00,25159.15,25157.05,25,25159.35,50,100,1145250
NIFTY-II.NFO,10/09/2024,09:16:01,25158.5,25158.95,75,25159.35,50,25,1145250
NIFTY-II.NFO,10/09/2024,09:16:03,25159.8,25159.75,450,25164.05,25,200,1145250
NIFTY-II.NFO,10/09/2024,09:16:05,25160.75,25159.75,200,25165.3,50,350,1145250
NIFTY-II.NFO,10/09/2024,09:16:06,25166,25162.7,75,25166,100,175,1145250
NIFTY-II.NFO,10/09/2024,09:16:08,25166,25165.65,75,25167,100,125,1145250
NIFTY-II.NFO,10/09/2024,09:16:10,25167,25164.95,75,25167,75,25,1145250
NIFTY-II.NFO,10/09/2024,09:16:11,25164.35,25164.25,125,25164.9,100,50,1145250
NIFTY-II.NFO,10/09/2024,09:16:13,25164.25,25164.3,125,25164.9,100,25,1145250
NIFTY-II.NFO,10/09/2024,09:16:15,25167.1,25164.5,200,25168.85,25,225,1145250
NIFTY-II.NFO,10/09/2024,09:16:16,25168.8,25164.95,125,25168.8,50,75,1145250
NIFTY-II.NFO,10/09/2024,09:16:18,25168.8,25165.2,125,25168.85,25,0,1145250
NIFTY-II.NFO,10/09/2024,09:16:20,25167.1,25165.05,250,25169,50,100,1145250
NIFTY-II.NFO,10/09/2024,09:16:21,25164.9,25165.05,125,25169,50,75,1145250
NIFTY-II.NFO,10/09/2024,09:16:23,25169.85,25165.1,100,25169.7,50,200,1145250
NIFTY-II.NFO,10/09/2024,09:16:25,25165.15,25168.8,100,25170,175,175,1145250
NIFTY-II.NFO,10/09/2024,09:16:26,25168.8,25168.8,75,25170,200,25,1145250
NIFTY-II.NFO,10/09/2024,09:16:28,25168.8,25168.8,50,25170,200,25,1145250
NIFTY-II.NFO,10/09/2024,09:16:30,25170,25168.8,2550,25168.85,25,25,1145250
NIFTY-II.NFO,10/09/2024,09:16:31,25170,25168.8,2550,25168.85,25,0,1145250
NIFTY-II.NFO,10/09/2024,09:16:33,25168.85,25168.8,2400,25170,175,175,1145250
NIFTY-II.NFO,10/09/2024,09:16:35,25168.8,25168.8,2225,25170,175,175,1145250
NIFTY-II.NFO,10/09/2024,09:16:36,25168.8,25168.8,2150,25170,200,75,1145250
NIFTY-II.NFO,10/09/2024,09:16:38,25168.8,25168.8,2100,25170,225,50,1145250
NIFTY-II.NFO,10/09/2024,09:16:40,25168.8,25168.8,2225,25170,275,0,1145250
NIFTY-II.NFO,10/09/2024,09:16:41,25170,25168.8,2150,25170,275,150,1145250
NIFTY-II.NFO,10/09/2024,09:16:43,25168.8,25168.8,2075,25170,200,75,1145250
NIFTY-II.NFO,10/09/2024,09:16:45,25168.8,25168.8,2050,25170,250,25,1145250
NIFTY-II.NFO,10/09/2024,09:16:46,25171.45,25171.45,75,25173,50,400,1145250
NIFTY-II.NFO,10/09/2024,09:16:48,25171.35,25168.8,1975,25173,125,125,1145250
NIFTY-II.NFO,10/09/2024,09:16:50,25169.3,25169,125,25172.1,25,50,1145250
NIFTY-II.NFO,10/09/2024,09:16:51,25169.3,25168.85,250,25172.1,25,0,1145250
NIFTY-II.NFO,10/09/2024,09:16:53,25170.75,25170.75,100,25172.1,25,25,1145250
NIFTY-II.NFO,10/09/2024,09:16:55,25170.75,25169.65,125,25170,100,0,1145250
NIFTY-II.NFO,10/09/2024,09:16:56,25172,25172,525,25172.1,25,175,1145250
NIFTY-II.NFO,10/09/2024,09:16:58,25172,25168.8,1275,25169.3,25,525,1145250
NIFTY-II.NFO,10/09/2024,09:17:00,25169.3,25168.85,125,25172.05,125,25,1145250
NIFTY-II.NFO,10/09/2024,09:17:01,25172.05,25168.8,1275,25170,25,25,1145250
NIFTY-II.NFO,10/09/2024,09:17:03,25168.8,25165.55,250,25169.15,50,1275,1145250
NIFTY-II.NFO,10/09/2024,09:17:05,25168.8,25166.85,250,25168.8,25,0,1145250
NIFTY-II.NFO,10/09/2024,09:17:06,25168.8,25167.4,250,25169,25,50,1145250
NIFTY-II.NFO,10/09/2024,09:17:08,25168.8,25168.15,125,25169,25,0,1145250
NIFTY-II.NFO,10/09/2024,09:17:10,25168.15,25167.3,125,25168.85,25,25,1145250
NIFTY-II.NFO,10/09/2024,09:17:11,25168.15,25167.3,125,25168.85,25,25,1145250
NIFTY-II.NFO,10/09/2024,09:17:13,25168.15,25166.65,125,25168.15,25,0,1145250
NIFTY-II.NFO,10/09/2024,09:17:15,25168.15,25166.3,125,25168,25,0,1145250
NIFTY-II.NFO,10/09/2024,09:17:16,25168.85,25166,250,25169,75,100,1145250
NIFTY-II.NFO,10/09/2024,09:17:18,25168.85,25166.35,200,25169,75,0,1145250
NIFTY-II.NFO,10/09/2024,09:17:20,25166.35,25166.85,325,25169,75,50,1145250
NIFTY-II.NFO,10/09/2024,09:17:21,25167.05,25166.95,50,25168.15,25,25,1145250
NIFTY-II.NFO,10/09/2024,09:17:23,25165.95,25165.95,25,25168,100,25,1145250
NIFTY-II.NFO,10/09/2024,09:17:25,25165.95,25165.45,250,25168,100,25,1145250
NIFTY-II.NFO,10/09/2024,09:17:26,25165,25165,250,25167.95,50,100,1145250
NIFTY-II.NFO,10/09/2024,09:17:28,25165,25165,250,25167.95,125,0,1145250
NIFTY-II.NFO,10/09/2024,09:17:30,25162.65,25163.85,125,25166.4,50,525,1145250
NIFTY-II.NFO,10/09/2024,09:17:31,25162.65,25163.85,125,25166.1,50,0,1145250
NIFTY-II.NFO,10/09/2024,09:17:33,25163.85,25162.35,125,25165.35,100,25,1145250
NIFTY-II.NFO,10/09/2024,09:17:35,25163.85,25161.35,125,25164.45,125,0,1145250
NIFTY-II.NFO,10/09/2024,09:17:36,25161.35,25161.5,250,25165.15,175,25,1145250
NIFTY-II.NFO,10/09/2024,09:17:38,25161.5,25161.35,125,25164,125,25,1145250
NIFTY-II.NFO,10/09/2024,09:17:40,25161.5,25161.35,125,25164.15,50,0,1145250
NIFTY-II.NFO,10/09/2024,09:17:41,25160.35,25160,75,25162.5,125,75,1145250
NIFTY-II.NFO,10/09/2024,09:17:43,25160,25160,25,25161.5,50,50,1145250
NIFTY-II.NFO,10/09/2024,09:17:45,25160.65,25161.25,250,25163,25,150,1145250
NIFTY-II.NFO,10/09/2024,09:17:46,25161.55,25160.25,25,25163,25,100,1145250
NIFTY-II.NFO,10/09/2024,09:17:48,25161.05,25160.65,250,25163,25,50,1145250
NIFTY-II.NFO,10/09/2024,09:17:50,25161.05,25160.1,250,25163,25,0,1145250
NIFTY-II.NFO,10/09/2024,09:17:51,25161.05,25160,25,25163,25,0,1145250
NIFTY-II.NFO,10/09/2024,09:17:53,25161.05,25160,25,25160.65,25,0,1145250
NIFTY-II.NFO,10/09/2024,09:17:55,25160,25159.8,175,25160.65,25,25,1145250
NIFTY-II.NFO,10/09/2024,09:17:56,25160,25159.8,175,25160.65,100,0,1145250
NIFTY-II.NFO,10/09/2024,09:17:58,25160.3,25159.8,175,25160.3,100,25,1145250
NIFTY-II.NFO,10/09/2024,09:18:00,25159.8,25157,50,25158.7,75,175,1145250
NIFTY-II.NFO,10/09/2024,09:18:01,25157,25157,25,25159.2,225,50,1145250
NIFTY-II.NFO,10/09/2024,09:18:03,25157.2,25153.5,125,25158.25,175,200,1145250
NIFTY-II.NFO,10/09/2024,09:18:05,25157.2,25154.8,250,25159.3,125,0,1145250
NIFTY-II.NFO,10/09/2024,09:18:06,25154.8,25154.95,250,25159.95,175,25,1145250
NIFTY-II.NFO,10/09/2024,09:18:08,25155.3,25155.4,125,25159.85,150,25,1145250
NIFTY-II.NFO,10/09/2024,09:18:10,25159.25,25155.4,125,25159.3,175,25,1145250
NIFTY-II.NFO,10/09/2024,09:18:11,25159.3,25155.35,125,25159.3,225,25,1145250
NIFTY-II.NFO,10/09/2024,09:18:13,25159.3,25153.5,500,25159.75,175,0,1145250
NIFTY-II.NFO,10/09/2024,09:18:15,25157,25155.15,125,25159.6,175,25,1145250
NIFTY-II.NFO,10/09/2024,09:18:16,25157,25155.25,125,25158.95,50,0,1145250
NIFTY-II.NFO,10/09/2024,09:18:18,25159.3,25154.7,125,25159.3,75,25,1145250
NIFTY-II.NFO,10/09/2024,09:18:20,25154.5,25154.5,25,25158.75,125,125,1145250
NIFTY-II.NFO,10/09/2024,09:18:21,25154.5,25155,125,25159.2,50,0,1145250
NIFTY-II.NFO,10/09/2024,09:18:23,25155,25154.4,25,25158.8,175,100,1145250
NIFTY-II.NFO,10/09/2024,09:18:25,25155,25153.5,25,25155,25,0,1145250
NIFTY-II.NFO,10/09/2024,09:18:26,25155,25153.5,25,25157.55,50,25,1145250
NIFTY-II.NFO,10/09/2024,09:18:28,25155,25153.5,25,25158.3,225,0,1145250
NIFTY-II.NFO,10/09/2024,09:18:30,25154.35,25154.25,125,25156.45,125,75,1145250
NIFTY-II.NFO,10/09/2024,09:18:31,25157.1,25153.3,125,25156.95,100,25,1145250
NIFTY-II.NFO,10/09/2024,09:18:33,25156.2,25153.3,75,25156.2,50,75,1145250
NIFTY-II.NFO,10/09/2024,09:18:35,25151.05,25151,100,25154.15,175,25,1145250
NIFTY-II.NFO,10/09/2024,09:18:36,25151.05,25151,100,25152.75,225,0,1145250
NIFTY-II.NFO,10/09/2024,09:18:38,25151.05,25151,100,25152.6,100,0,1145250
NIFTY-II.NFO,10/09/2024,09:18:40,25151.05,25151,100,25155.1,150,0,1145250
NIFTY-II.NFO,10/09/2024,09:18:41,25151.05,25151,100,25152.75,250,0,1145250
NIFTY-II.NFO,10/09/2024,09:18:43,25151.05,25151,150,25152.75,250,0,1145250
NIFTY-II.NFO,10/09/2024,09:18:45,25150,25148.8,25,25150,50,475,1145250
NIFTY-II.NFO,10/09/2024,09:18:46,25150,25148.8,25,25150,50,0,1145250
NIFTY-II.NFO,10/09/2024,09:18:50,25150,25148.8,25,25150,75,0,1145250
NIFTY-II.NFO,10/09/2024,09:18:51,25146.85,25146.85,350,25150,75,175,1144500
NIFTY-II.NFO,10/09/2024,09:18:53,25150,25147.5,250,25150,50,25,1144500
NIFTY-II.NFO,10/09/2024,09:18:55,25150,25148.25,250,25150,50,0,1144500
NIFTY-II.NFO,10/09/2024,09:18:56,25150,25146.7,250,25150,50,0,1144500
NIFTY-II.NFO,10/09/2024,09:18:58,25144.9,25145.2,225,25150,75,50,1144500
NIFTY-II.NFO,10/09/2024,09:19:00,25149.75,25146.1,175,25150,75,100,1144500
NIFTY-II.NFO,10/09/2024,09:19:01,25146.75,25147.05,225,25150,75,25,1144500
NIFTY-II.NFO,10/09/2024,09:19:03,25145.2,25144.8,50,25145.2,4925,5075,1144500
NIFTY-II.NFO,10/09/2024,09:19:04,25145.2,25142.65,125,25145.2,4425,500,1144500
NIFTY-II.NFO,10/09/2024,09:19:06,25145.2,25141.75,100,25145.2,4425,0,1144500
NIFTY-II.NFO,10/09/2024,09:19:08,25142.55,25143,100,25144,25,25,1144500
NIFTY-II.NFO,10/09/2024,09:19:08,25142.55,25143,100,25144,25,0,1144500
NIFTY-II.NFO,10/09/2024,09:19:09,25142.25,25142.15,50,25144,50,100,1144500
NIFTY-II.NFO,10/09/2024,09:19:09,25142.25,25142.15,50,25144,50,0,1144500
NIFTY-II.NFO,10/09/2024,09:19:11,25140.9,25142.1,50,25144,25,1650,1144500
NIFTY-II.NFO,10/09/2024,09:19:11,25140.9,25142.1,50,25144,25,0,1144500
NIFTY-II.NFO,10/09/2024,09:19:13,25144,25142.3,50,25144.9,100,50,1144500
NIFTY-II.NFO,10/09/2024,09:19:14,25144,25142,50,25144.9,100,0,1144500
NIFTY-II.NFO,10/09/2024,09:19:16,25142.8,25142.7,75,25144.9,100,25,1144500
NIFTY-II.NFO,10/09/2024,09:19:18,25142.7,25142.65,50,25144.9,100,25,1144500
NIFTY-II.NFO,10/09/2024,09:19:19,25142.7,25140.5,275,25144.85,50,0,1144500
NIFTY-II.NFO,10/09/2024,09:19:21,25140,25139.95,25,25140,175,875,1144500
NIFTY-II.NFO,10/09/2024,09:19:21,25140,25139.95,25,25140,175,0,1144500
NIFTY-II.NFO,10/09/2024,09:19:22,25140,25139.25,50,25140,175,0,1144500
NIFTY-II.NFO,10/09/2024,09:19:24,25144.9,25140.85,50,25144.9,50,275,1144500
NIFTY-II.NFO,10/09/2024,09:19:26,25144.9,25143,25,25144.9,50,0,1144500
NIFTY-II.NFO,10/09/2024,09:19:27,25144.9,25143,25,25144.9,25,25,1144500
NIFTY-II.NFO,10/09/2024,09:19:29,25144.9,25143.5,50,25144.9,25,0,1144500
NIFTY-II.NFO,10/09/2024,09:19:31,25145.2,25143.8,50,25145.2,1775,50,1144500
NIFTY-II.NFO,10/09/2024,09:19:32,25144.65,25144.15,50,25145.2,1775,50,1144500
NIFTY-II.NFO,10/09/2024,09:19:34,25143.9,25143.1,75,25144.9,25,25,1144500
NIFTY-II.NFO,10/09/2024,09:19:36,25142.65,25143.1,200,25144.9,25,1775,1144500
NIFTY-II.NFO,10/09/2024,09:19:37,25149,25147.45,50,25149,25,75,1144500
NIFTY-II.NFO,10/09/2024,09:19:39,25149,25147.55,50,25149,25,0,1144500
NIFTY-II.NFO,10/09/2024,09:19:41,25145.6,25145.65,100,25149,25,25,1144500
NIFTY-II.NFO,10/09/2024,09:19:42,25145.65,25145.6,350,25149,25,25,1144500
NIFTY-II.NFO,10/09/2024,09:19:44,25145.65,25144.9,50,25147.95,100,0,1144500
NIFTY-II.NFO,10/09/2024,09:19:46,25147.05,25144.9,50,25147.05,100,25,1144500
NIFTY-II.NFO,10/09/2024,09:19:47,25147.95,25144.9,50,25147.95,100,25,1144500
NIFTY-II.NFO,10/09/2024,09:19:49,25147.95,25144.9,50,25148,25,0,1144500
NIFTY-II.NFO,10/09/2024,09:19:51,25147.95,25144.9,50,25147.95,100,0,1144500
NIFTY-II.NFO,10/09/2024,09:19:52,25148.95,25144.05,150,25148.95,100,75,1144500
NIFTY-II.NFO,10/09/2024,09:19:54,25148.95,25145.15,250,25149,50,0,1144500
NIFTY-II.NFO,10/09/2024,09:19:56,25148.95,25144.65,250,25147.95,250,0,1144500
NIFTY-II.NFO,10/09/2024,09:19:57,25148.95,25144.45,250,25147.95,250,0,1144500
NIFTY-II.NFO,10/09/2024,09:19:59,25148.95,25144,25,25147.9,175,0,1144500
NIFTY-II.NFO,10/09/2024,09:20:01,25144.5,25140.3,50,25145.7,125,50,1144500
NIFTY-II.NFO,10/09/2024,09:20:02,25144.5,25142,50,25144.5,25,0,1144500
NIFTY-II.NFO,10/09/2024,09:20:04,25142.75,25143.1,50,25144,25,25,1144500
NIFTY-II.NFO,10/09/2024,09:20:06,25144,25140.55,100,25144.5,25,25,1144500
NIFTY-II.NFO,10/09/2024,09:20:07,25140.55,25141.25,100,25144.5,25,25,1144500
NIFTY-II.NFO,10/09/2024,09:20:09,25144.5,25140.7,150,25147.05,175,25,1144500
NIFTY-II.NFO,10/09/2024,09:20:11,25146,25141,25,25146.25,75,100,1144500
NIFTY-II.NFO,10/09/2024,09:20:12,25146,25141,25,25144.95,100,0,1144500
NIFTY-II.NFO,10/09/2024,09:20:16,25141.75,25141.35,125,25144.35,25,25,1144500
NIFTY-II.NFO,10/09/2024,09:20:17,25141.75,25141.35,125,25144.95,25,0,1144500
NIFTY-II.NFO,10/09/2024,09:20:19,25141.75,25141.45,100,25145,275,0,1144500
NIFTY-II.NFO,10/09/2024,09:20:21,25141.75,25142.45,250,25145,275,0,1144500
NIFTY-II.NFO,10/09/2024,09:20:22,25141.75,25141.6,100,25145,275,0,1144500
NIFTY-II.NFO,10/09/2024,09:20:24,25141.75,25141.35,125,25144,25,0,1144500
NIFTY-II.NFO,10/09/2024,09:20:26,25141.75,25141.15,100,25143.6,25,0,1144500
NIFTY-II.NFO,10/09/2024,09:20:27,25143.6,25141.15,100,25144,25,25,1144500
NIFTY-II.NFO,10/09/2024,09:20:29,25142.6,25142.55,100,25144,25,50,1144500
NIFTY-II.NFO,10/09/2024,09:20:31,25144,25143.2,100,25145,275,25,1144500
NIFTY-II.NFO,10/09/2024,09:20:32,25144,25143.65,100,25145,275,0,1144500
NIFTY-II.NFO,10/09/2024,09:20:34,25144,25143.25,100,25145,275,0,1144500
NIFTY-II.NFO,10/09/2024,09:20:36,25145,25145.05,350,25149,25,275,1144500
NIFTY-II.NFO,10/09/2024,09:20:37,25149.95,25147.1,250,25150,700,50,1144500
NIFTY-II.NFO,10/09/2024,09:20:39,25149.95,25146.95,100,25150,700,0,1144500
NIFTY-II.NFO,10/09/2024,09:20:41,25149.95,25147.4,250,25150,700,25,1144500
NIFTY-II.NFO,10/09/2024,09:20:42,25149.95,25147.4,250,25150,700,0,1144500
NIFTY-II.NFO,10/09/2024,09:20:44,25149.95,25147.1,100,25150,700,0,1144500
NIFTY-II.NFO,10/09/2024,09:20:46,25149.95,25148.4,100,25150,700,0,1144500
NIFTY-II.NFO,10/09/2024,09:20:47,25150,25149.15,250,25150,650,50,1144500
NIFTY-II.NFO,10/09/2024,09:20:49,25150,25149.05,250,25150,625,25,1144500
NIFTY-II.NFO,10/09/2024,09:20:51,25150.65,25150.15,50,25153.15,25,650,1144500
NIFTY-II.NFO,10/09/2024,09:20:52,25150.5,25150.45,50,25155.95,100,1100,1144500
NIFTY-II.NFO,10/09/2024,09:20:54,25150.5,25151.05,250,25155.95,100,0,1144500
NIFTY-II.NFO,10/09/2024,09:20:57,25150.5,25150.65,125,25155.7,100,0,1144500
NIFTY-II.NFO,10/09/2024,09:20:59,25150.5,25150,50,25153.45,175,0,1144500
NIFTY-II.NFO,10/09/2024,09:21:01,25150.5,25150.5,50,25153.5,25,0,1144500
NIFTY-II.NFO,10/09/2024,09:21:02,25150.5,25150.4,250,25155.95,175,0,1144500
NIFTY-II.NFO,10/09/2024,09:21:04,25150.5,25150,50,25154.05,175,0,1144500
NIFTY-II.NFO,10/09/2024,09:21:06,25150.05,25150.25,125,25155.95,100,50,1144500
NIFTY-II.NFO,10/09/2024,09:21:07,25155.95,25155,25,25155.95,100,25,1144500
NIFTY-II.NFO,10/09/2024,09:21:09,25155,25150,75,25155.1,225,50,1144500
NIFTY-II.NFO,10/09/2024,09:21:11,25155.95,25151,50,25155.95,100,25,1144500
NIFTY-II.NFO,10/09/2024,09:21:12,25155.95,25151.15,50,25155.95,100,0,1144500
NIFTY-II.NFO,10/09/2024,09:21:14,25155.95,25151.7,75,25156,25,0,1144500
NIFTY-II.NFO,10/09/2024,09:21:16,25155.95,25152.85,75,25156,25,0,1144500
NIFTY-II.NFO,10/09/2024,09:21:17,25155.95,25153.9,75,25156,25,0,1144500
NIFTY-II.NFO,10/09/2024,09:21:19,25155.95,25153.45,75,25156,25,0,1144500
NIFTY-II.NFO,10/09/2024,09:21:21,25155.95,25152.5,75,25155.95,75,0,1144500
NIFTY-II.NFO,10/09/2024,09:21:22,25155.95,25152.15,75,25155.95,75,0,1144500
NIFTY-II.NFO,10/09/2024,09:21:24,25155.95,25152.25,75,25155.95,75,0,1144500
NIFTY-II.NFO,10/09/2024,09:21:26,25155.95,25151.45,75,25155.9,100,0,1144500
NIFTY-II.NFO,10/09/2024,09:21:27,25155.95,25150.15,75,25155.6,225,0,1144500
NIFTY-II.NFO,10/09/2024,09:21:29,25154.75,25150,125,25154.7,175,25,1144500
NIFTY-II.NFO,10/09/2024,09:21:31,25154.75,25150,125,25152.15,150,0,1144500
NIFTY-II.NFO,10/09/2024,09:21:32,25150,25146.05,100,25149.95,50,125,1144500
NIFTY-II.NFO,10/09/2024,09:21:34,25147.3,25147.7,50,25152.15,50,50,1144500
NIFTY-II.NFO,10/09/2024,09:21:36,25150,25148.9,250,25150,1350,25,1144500
NIFTY-II.NFO,10/09/2024,09:21:37,25150,25149.4,100,25150,850,500,1144500
NIFTY-II.NFO,10/09/2024,09:21:39,25148.1,25148.15,50,25150,850,25,1144500
NIFTY-II.NFO,10/09/2024,09:21:41,25150,25148.35,75,25150,850,25,1144500
NIFTY-II.NFO,10/09/2024,09:21:42,25148.3,25147.65,250,25150,850,25,1144500
NIFTY-II.NFO,10/09/2024,09:21:44,25148.3,25144.65,100,25148.25,125,0,1144500
NIFTY-II.NFO,10/09/2024,09:21:46,25148.3,25145.5,275,25149.65,250,0,1144500
NIFTY-II.NFO,10/09/2024,09:21:47,25148.3,25146.85,75,25150,850,0,1144500
NIFTY-II.NFO,10/09/2024,09:21:49,25150,25147.5,25,25150,825,25,1145825
NIFTY-II.NFO,10/09/2024,09:21:51,25150,25145.65,50,25150,825,0,1145825
NIFTY-II.NFO,10/09/2024,09:21:52,25145.8,25146.15,250,25150,50,775,1145825
NIFTY-II.NFO,10/09/2024,09:21:54,25146.15,25145.95,250,25150,50,25,1145825
NIFTY-II.NFO,10/09/2024,09:21:56,25150,25147.95,50,25150,25,25,1145825
NIFTY-II.NFO,10/09/2024,09:21:57,25147.9,25146.7,250,25150,25,50,1145825
NIFTY-II.NFO,10/09/2024,09:21:59,25146.45,25145.65,250,25150,25,25,1145825
NIFTY-II.NFO,10/09/2024,09:22:01,25146.45,25149.65,250,25150,175,0,1145825
NIFTY-II.NFO,10/09/2024,09:22:02,25146.45,25148.55,125,25150,175,0,1145825
NIFTY-II.NFO,10/09/2024,09:22:04,25146.45,25146.75,75,25150,175,0,1145825
NIFTY-II.NFO,10/09/2024,09:22:06,25146.45,25146.5,250,25148,25,0,1145825
NIFTY-II.NFO,10/09/2024,09:22:07,25146.45,25146.05,250,25148,25,0,1145825
NIFTY-II.NFO,10/09/2024,09:22:09,25146.8,25146.7,25,25148,25,25,1145825
NIFTY-II.NFO,10/09/2024,09:22:11,25148,25148.05,25,25150,200,25,1145825
NIFTY-II.NFO,10/09/2024,09:22:12,25148,25148.45,250,25150,200,0,1145825
NIFTY-II.NFO,10/09/2024,09:22:14,25148.45,25147.65,625,25150,200,50,1145825
NIFTY-II.NFO,10/09/2024,09:22:16,25148.9,25148.9,225,25150,200,25,1145825
NIFTY-II.NFO,10/09/2024,09:22:17,25148.9,25148.9,25,25150,175,0,1145825
NIFTY-II.NFO,10/09/2024,09:22:19,25149.2,25149.45,225,25150,175,25,1145825
NIFTY-II.NFO,10/09/2024,09:22:21,25150,25150.3,50,25152,50,175,1145825
NIFTY-II.NFO,10/09/2024,09:22:22,25150,25151.35,250,25152,50,0,1145825
NIFTY-II.NFO,10/09/2024,09:22:24,25150.45,25151.15,250,25152,50,50,1145825
NIFTY-II.NFO,10/09/2024,09:22:26,25150.45,25148.9,25,25151.95,175,0,1145825
NIFTY-II.NFO,10/09/2024,09:22:29,25148.9,25147.55,250,25151.95,175,25,1145825
NIFTY-II.NFO,10/09/2024,09:22:31,25148.9,25148.35,50,25150,25,0,1145825
NIFTY-II.NFO,10/09/2024,09:22:32,25148.9,25148.65,25,25148.9,50,0,1145825
NIFTY-II.NFO,10/09/2024,09:22:34,25148.9,25147.15,125,25148.9,50,0,1145825
NIFTY-II.NFO,10/09/2024,09:22:36,25148.9,25147.45,250,25148.9,50,0,1145825
NIFTY-II.NFO,10/09/2024,09:22:37,25147.85,25147.25,250,25148.9,50,25,1145825
NIFTY-II.NFO,10/09/2024,09:22:39,25147.85,25147.85,250,25148.9,50,0,1145825
NIFTY-II.NFO,10/09/2024,09:22:42,25147.85,25148.15,50,25148.9,50,0,1145825
NIFTY-II.NFO,10/09/2024,09:22:44,25147.85,25147.75,250,25148.9,50,0,1145825
NIFTY-II.NFO,10/09/2024,09:22:46,25148.9,25148.4,50,25148.9,25,25,1145825
NIFTY-II.NFO,10/09/2024,09:22:47,25148.9,25148.3,125,25148.9,25,0,1145825
NIFTY-II.NFO,10/09/2024,09:22:49,25147,25146,125,25148.9,25,25,1145825
NIFTY-II.NFO,10/09/2024,09:22:51,25147,25147.4,250,25148.9,25,0,1145825
NIFTY-II.NFO,10/09/2024,09:22:52,25147,25145.7,250,25148.9,25,0,1145825
NIFTY-II.NFO,10/09/2024,09:22:54,25147,25147.35,25,25148.9,25,0,1145825
NIFTY-II.NFO,10/09/2024,09:22:56,25147,25147.25,25,25148.9,25,0,1145825
NIFTY-II.NFO,10/09/2024,09:22:57,25147,25148.45,125,25148.9,25,0,1145825
NIFTY-II.NFO,10/09/2024,09:22:59,25148.9,25149.65,125,25151.9,25,25,1145825
NIFTY-II.NFO,10/09/2024,09:23:01,25148.9,25148.95,250,25151.9,25,0,1145825
NIFTY-II.NFO,10/09/2024,09:23:02,25148.9,25149.35,250,25151.9,25,0,1145825
NIFTY-II.NFO,10/09/2024,09:23:04,25154.95,25151,125,25154.95,100,250,1145825
NIFTY-II.NFO,10/09/2024,09:23:06,25154.95,25151.2,250,25155,450,0,1145825
NIFTY-II.NFO,10/09/2024,09:23:07,25154.95,25151.9,250,25155,450,0,1145825
NIFTY-II.NFO,10/09/2024,09:23:09,25154.95,25152.55,125,25155,450,0,1145825
NIFTY-II.NFO,10/09/2024,09:23:11,25152.55,25151.7,200,25155,450,50,1145825
NIFTY-II.NFO,10/09/2024,09:23:12,25155,25154.35,25,25155.95,75,475,1145825
NIFTY-II.NFO,10/09/2024,09:23:14,25155,25154.35,25,25155.95,75,0,1145825
NIFTY-II.NFO,10/09/2024,09:23:16,25155,25154.35,25,25155.95,75,25,1145825
NIFTY-II.NFO,10/09/2024,09:23:17,25155,25154.35,25,25155.95,75,0,1145825
NIFTY-II.NFO,10/09/2024,09:23:19,25155,25154.45,25,25155.95,75,0,1145825
NIFTY-II.NFO,10/09/2024,09:23:21,25157.95,25157.25,25,25159,25,225,1145825
NIFTY-II.NFO,10/09/2024,09:23:22,25157.95,25157.35,25,25159,25,0,1145825
NIFTY-II.NFO,10/09/2024,09:23:24,25157.95,25155.4,25,25158.85,100,0,1145825
NIFTY-II.NFO,10/09/2024,09:23:26,25155.4,25155.1,125,25159,25,25,1145825
NIFTY-II.NFO,10/09/2024,09:23:27,25155.4,25155.45,25,25158.6,100,0,1145825
NIFTY-II.NFO,10/09/2024,09:23:29,25157.7,25157.8,50,25159,25,25,1145825
NIFTY-II.NFO,10/09/2024,09:23:31,25157.7,25157.95,25,25159,25,0,1145825
NIFTY-II.NFO,10/09/2024,09:23:32,25157.7,25157.85,25,25159,25,0,1145825
NIFTY-II.NFO,10/09/2024,09:23:34,25159.3,25158,25,25159.3,50,50,1145825
NIFTY-II.NFO,10/09/2024,09:23:36,25159.3,25159,50,25159.3,50,0,1145825
NIFTY-II.NFO,10/09/2024,09:23:37,25159.3,25159,50,25159.3,25,25,1145825
NIFTY-II.NFO,10/09/2024,09:23:39,25162.85,25159,50,25162.85,100,275,1145825
NIFTY-II.NFO,10/09/2024,09:23:41,25162.85,25160.35,25,25162.35,125,0,1145825
NIFTY-II.NFO,10/09/2024,09:23:42,25163,25160.35,25,25163,50,125,1145825
NIFTY-II.NFO,10/09/2024,09:23:44,25163,25161.75,25,25163,25,25,1145825
NIFTY-II.NFO,10/09/2024,09:23:46,25163,25161.95,25,25163,25,0,1145825
NIFTY-II.NFO,10/09/2024,09:23:47,25163,25161.3,50,25162.55,25,0,1145825
NIFTY-II.NFO,10/09/2024,09:23:49,25162.85,25159,50,25162.95,100,25,1145825
NIFTY-II.NFO,10/09/2024,09:23:51,25162.85,25159,50,25161.5,225,0,1145825
NIFTY-II.NFO,10/09/2024,09:23:52,25161.35,25159,50,25161.6,100,25,1145825
NIFTY-II.NFO,10/09/2024,09:23:54,25161.35,25160.05,250,25163,50,0,1145825
NIFTY-II.NFO,10/09/2024,09:23:56,25160.05,25159.45,125,25163.95,175,150,1145825
NIFTY-II.NFO,10/09/2024,09:23:57,25159,25159.6,50,25162.65,225,50,1145825
NIFTY-II.NFO,10/09/2024,09:23:59,25159,25158.3,50,25159.65,50,0,1145825
NIFTY-II.NFO,10/09/2024,09:24:01,25158.65,25155.55,25,25159.1,100,25,1145825
NIFTY-II.NFO,10/09/2024,09:24:02,25158.65,25156.05,25,25160.45,100,0,1145825
NIFTY-II.NFO,10/09/2024,09:24:04,25158.65,25155.95,25,25160.15,175,0,1145825
NIFTY-II.NFO,10/09/2024,09:24:06,25158.65,25155.95,25,25158.8,125,0,1145825
NIFTY-II.NFO,10/09/2024,09:24:07,25155.95,25156.3,125,25158.65,25,25,1145825
NIFTY-II.NFO,10/09/2024,09:24:09,25158.65,25155.75,125,25159.25,50,25,1145825
NIFTY-II.NFO,10/09/2024,09:24:11,25158.65,25155.85,125,25155.95,25,0,1145825
NIFTY-II.NFO,10/09/2024,09:24:12,25158.65,25154.85,25,25155.95,25,0,1145825
NIFTY-II.NFO,10/09/2024,09:24:14,25158.2,25155.3,25,25158.5,100,75,1145825
NIFTY-II.NFO,10/09/2024,09:24:16,25158.2,25155,25,25157.6,50,0,1145825
NIFTY-II.NFO,10/09/2024,09:24:17,25158.6,25155,25,25158.4,75,25,1145825
NIFTY-II.NFO,10/09/2024,09:24:19,25158.65,25155.05,25,25158.85,100,75,1145825
NIFTY-II.NFO,10/09/2024,09:24:21,25158.65,25155,25,25159,225,0,1145825
NIFTY-II.NFO,10/09/2024,09:24:22,25154.65,25154.75,25,25159,225,200,1145825
NIFTY-II.NFO,10/09/2024,09:24:24,25154.65,25156.45,125,25159,225,0,1145825
NIFTY-II.NFO,10/09/2024,09:24:26,25159,25156.55,25,25159,200,75,1145825
NIFTY-II.NFO,10/09/2024,09:24:27,25159,25157.85,125,25159,175,25,1145825
NIFTY-II.NFO,10/09/2024,09:24:29,25159,25158.9,25,25160,175,200,1145825
NIFTY-II.NFO,10/09/2024,09:24:31,25159.85,25159.85,25,25160,175,325,1145825
NIFTY-II.NFO,10/09/2024,09:24:32,25160,25158.4,50,25163,100,175,1145825
NIFTY-II.NFO,10/09/2024,09:24:34,25160,25160.05,25,25163,100,0,1145825
NIFTY-II.NFO,10/09/2024,09:24:36,25160,25159.5,50,25163,100,50,1145825
NIFTY-II.NFO,10/09/2024,09:24:37,25160,25159.5,50,25159.9,50,0,1145825
NIFTY-II.NFO,10/09/2024,09:24:39,25159.9,25159.9,25,25163,100,50,1145825
NIFTY-II.NFO,10/09/2024,09:24:41,25163,25159.9,375,25163,75,25,1145825
NIFTY-II.NFO,10/09/2024,09:24:42,25163,25159.6,250,25163,75,0,1145825
NIFTY-II.NFO,10/09/2024,09:24:44,25160.25,25160.25,225,25163,75,75,1145825
NIFTY-II.NFO,10/09/2024,09:24:46,25160.25,25160,250,25163,75,0,1145825
NIFTY-II.NFO,10/09/2024,09:24:47,25160.25,25160.1,250,25163,75,0,1145825
NIFTY-II.NFO,10/09/2024,09:24:49,25163,25160.1,250,25163,25,50,1145425
NIFTY-II.NFO,10/09/2024,09:24:51,25163,25159.9,100,25163,25,0,1145425
NIFTY-II.NFO,10/09/2024,09:24:52,25163,25160.35,25,25163,25,0,1145425
NIFTY-II.NFO,10/09/2024,09:24:54,25163,25160.5,250,25163,25,0,1145425
NIFTY-II.NFO,10/09/2024,09:24:56,25163,25162.4,175,25163.6,25,25,1145425
NIFTY-II.NFO,10/09/2024,09:24:57,25164.85,25163.75,25,25165,150,175,1145425
NIFTY-II.NFO,10/09/2024,09:24:59,25163.85,25164.15,250,25165,150,25,1145425
NIFTY-II.NFO,10/09/2024,09:25:01,25164.2,25164,25,25165,150,25,1145425
NIFTY-II.NFO,10/09/2024,09:25:02,25164,25161.45,250,25165.35,25,175,1145425
NIFTY-II.NFO,10/09/2024,09:25:04,25164,25163.3,50,25165.35,25,0,1145425
NIFTY-II.NFO,10/09/2024,09:25:06,25165.35,25161.95,50,25166,150,25,1145425
NIFTY-II.NFO,10/09/2024,09:25:07,25165.35,25162.75,250,25164.85,25,0,1145425
NIFTY-II.NFO,10/09/2024,09:25:09,25165.35,25164,25,25164.85,25,0,1145425
NIFTY-II.NFO,10/09/2024,09:25:11,25164,25161.7,25,25164.85,25,25,1145425
NIFTY-II.NFO,10/09/2024,09:25:12,25164,25161.3,50,25164.8,100,0,1145425
NIFTY-II.NFO,10/09/2024,09:25:14,25164,25160,25,25163.2,100,0,1145425
NIFTY-II.NFO,10/09/2024,09:25:16,25163.5,25160,25,25164.8,275,275,1145425
NIFTY-II.NFO,10/09/2024,09:25:17,25159.25,25163.5,25,25164.8,175,150,1145425
NIFTY-II.NFO,10/09/2024,09:25:19,25159.25,25163.5,25,25164.85,25,0,1145425
NIFTY-II.NFO,10/09/2024,09:25:21,25159.25,25163.5,25,25164.8,175,0,1145425
NIFTY-II.NFO,10/09/2024,09:25:22,25159.25,25163.5,25,25164.2,100,0,1145425
NIFTY-II.NFO,10/09/2024,09:25:24,25163.5,25157.05,250,25162,425,25,1145425
NIFTY-II.NFO,10/09/2024,09:25:26,25163.5,25157.05,250,25161.7,175,0,1145425
NIFTY-II.NFO,10/09/2024,09:25:27,25161.05,25156.1,250,25161.05,175,50,1145425
NIFTY-II.NFO,10/09/2024,09:25:29,25161.15,25158.25,375,25162.9,225,25,1145425
NIFTY-II.NFO,10/09/2024,09:25:31,25161.15,25157.5,350,25162.5,175,0,1145425
NIFTY-II.NFO,10/09/2024,09:25:32,25161.15,25157.1,250,25161.4,175,0,1145425
NIFTY-II.NFO,10/09/2024,09:25:34,25162.15,25157.3,25,25160,25,50,1145425
NIFTY-II.NFO,10/09/2024,09:25:36,25162.15,25158.7,250,25160,25,0,1145425
NIFTY-II.NFO,10/09/2024,09:25:39,25162.15,25158.6,250,25160,25,0,1145425
NIFTY-II.NFO,10/09/2024,09:25:41,25160,25157.5,100,25162.1,75,25,1145425
NIFTY-II.NFO,10/09/2024,09:25:42,25160,25156.5,25,25160.25,50,0,1145425
NIFTY-II.NFO,10/09/2024,09:25:44,25156.5,25156.2,25,25159.2,50,25,1145425
NIFTY-II.NFO,10/09/2024,09:25:45,25155.4,25156,350,25160.45,75,100,1145425
NIFTY-II.NFO,10/09/2024,09:25:47,25155.4,25157.8,100,25162.15,25,0,1145425
NIFTY-II.NFO,10/09/2024,09:25:49,25155.4,25158.1,250,25162.15,25,0,1145425
NIFTY-II.NFO,10/09/2024,09:25:50,25155.4,25157.75,350,25160,150,0,1145425
NIFTY-II.NFO,10/09/2024,09:25:52,25158.6,25158.55,250,25160,50,200,1145425
NIFTY-II.NFO,10/09/2024,09:25:54,25160,25160.25,25,25162.15,25,50,1145425
NIFTY-II.NFO,10/09/2024,09:25:55,25160,25160.7,250,25162.15,25,0,1145425
NIFTY-II.NFO,10/09/2024,09:25:57,25161.15,25161.3,25,25162.15,25,25,1145425
NIFTY-II.NFO,10/09/2024,09:25:59,25163,25163.3,225,25164,50,50,1145425
NIFTY-II.NFO,10/09/2024,09:26:00,25164,25163.95,50,25165,25,50,1145425
NIFTY-II.NFO,10/09/2024,09:26:02,25164,25164.9,25,25165,25,0,1145425
NIFTY-II.NFO,10/09/2024,09:26:04,25165,25164.9,25,25165.35,25,25,1145425
NIFTY-II.NFO,10/09/2024,09:26:05,25165,25162.1,25,25165.35,25,0,1145425
NIFTY-II.NFO,10/09/2024,09:26:07,25165,25164.3,25,25165.35,25,0,1145425
NIFTY-II.NFO,10/09/2024,09:26:09,25165.35,25162.95,25,25168.1,175,25,1145425
NIFTY-II.NFO,10/09/2024,09:26:10,25165.35,25163.55,25,25168.1,100,0,1145425
NIFTY-II.NFO,10/09/2024,09:26:12,25165.35,25162.85,250,25163.5,100,0,1145425
NIFTY-II.NFO,10/09/2024,09:26:14,25165.35,25160.95,25,25163.5,100,0,1145425
NIFTY-II.NFO,10/09/2024,09:26:15,25165.35,25160.9,250,25163.5,100,0,1145425
NIFTY-II.NFO,10/09/2024,09:26:17,25160.9,25161.8,50,25162.9,100,25,1145425
NIFTY-II.NFO,10/09/2024,09:26:19,25162.9,25160,25,25163.3,75,100,1145425
NIFTY-II.NFO,10/09/2024,09:26:20,25162.9,25160,25,25163.5,25,0,1145425
NIFTY-II.NFO,10/09/2024,09:26:22,25160,25159.35,25,25160,50,25,1145425
NIFTY-II.NFO,10/09/2024,09:26:24,25160,25160.9,25,25163.5,25,50,1145425
NIFTY-II.NFO,10/09/2024,09:26:25,25160,25162.15,250,25163.5,25,0,1145425
NIFTY-II.NFO,10/09/2024,09:26:27,25160,25158.7,275,25163.25,125,0,1145425
NIFTY-II.NFO,10/09/2024,09:26:29,25160,25160,125,25162.9,50,0,1145425
NIFTY-II.NFO,10/09/2024,09:26:30,25160,25160,175,25161.75,125,0,1145425
NIFTY-II.NFO,10/09/2024,09:26:32,25160,25160,175,25161.5,125,0,1145425
NIFTY-II.NFO,10/09/2024,09:26:34,25160.85,25160,175,25160.7,25,100,1145425
NIFTY-II.NFO,10/09/2024,09:26:35,25160.85,25160,200,25163.35,100,0,1145425
NIFTY-II.NFO,10/09/2024,09:26:37,25160,25160,175,25162.25,175,25,1145425
NIFTY-II.NFO,10/09/2024,09:26:39,25160,25160,125,25161.65,100,50,1145425
NIFTY-II.NFO,10/09/2024,09:26:40,25160,25160,25,25161.95,75,125,1145425
NIFTY-II.NFO,10/09/2024,09:26:42,25160,25160,25,25162.25,100,0,1145425
NIFTY-II.NFO,10/09/2024,09:26:44,25160,25160,25,25162.3,175,0,1145425
NIFTY-II.NFO,10/09/2024,09:26:45,25160,25160,25,25161.25,25,0,1145425
NIFTY-II.NFO,10/09/2024,09:26:47,25160,25157.35,125,25161.3,100,25,1145425
NIFTY-II.NFO,10/09/2024,09:26:49,25160,25156.6,125,25160.6,250,0,1145425
NIFTY-II.NFO,10/09/2024,09:26:50,25160,25157.4,125,25161.65,250,0,1145425
NIFTY-II.NFO,10/09/2024,09:26:52,25160,25158.3,125,25162.3,100,0,1145425
NIFTY-II.NFO,10/09/2024,09:26:54,25156.5,25155.2,100,25159.35,225,100,1145425
NIFTY-II.NFO,10/09/2024,09:26:55,25156.5,25155,75,25157.95,125,0,1145425
NIFTY-II.NFO,10/09/2024,09:26:57,25156.5,25155,75,25156.5,125,0,1145425
NIFTY-II.NFO,10/09/2024,09:26:59,25156.5,25155,75,25157.25,250,0,1145425
NIFTY-II.NFO,10/09/2024,09:27:00,25155,25152.85,100,25156.9,175,75,1145425
NIFTY-II.NFO,10/09/2024,09:27:02,25155,25152.1,250,25157.15,175,0,1145425
NIFTY-II.NFO,10/09/2024,09:27:04,25155,25155.75,250,25159.7,250,0,1145425
NIFTY-II.NFO,10/09/2024,09:27:05,25156.4,25156.85,250,25160,50,200,1145425
NIFTY-II.NFO,10/09/2024,09:27:07,25156.4,25157.2,250,25160,50,0,1145425
NIFTY-II.NFO,10/09/2024,09:27:09,25156.4,25157.05,250,25160,50,0,1145425
NIFTY-II.NFO,10/09/2024,09:27:10,25156.4,25156.4,125,25160,50,0,1145425
NIFTY-II.NFO,10/09/2024,09:27:12,25156.4,25157.3,125,25160,50,0,1145425
NIFTY-II.NFO,10/09/2024,09:27:14,25156.4,25156.75,125,25160,50,0,1145425
NIFTY-II.NFO,10/09/2024,09:27:16,25156.4,25155.2,125,25159.95,175,0,1145425
NIFTY-II.NFO,10/09/2024,09:27:17,25156,25156.25,25,25160,125,25,1145425
NIFTY-II.NFO,10/09/2024,09:27:19,25156,25155.35,250,25159.85,175,0,1145425
NIFTY-II.NFO,10/09/2024,09:27:21,25156.95,25156.9,250,25160,50,50,1145425
NIFTY-II.NFO,10/09/2024,09:27:22,25156.95,25157.25,250,25160,50,0,1145425
NIFTY-II.NFO,10/09/2024,09:27:24,25156.95,25156.4,250,25160,50,0,1145425
NIFTY-II.NFO,10/09/2024,09:27:26,25156.95,25155.25,100,25159.95,225,0,1145425
NIFTY-II.NFO,10/09/2024,09:27:27,25156.95,25155.25,100,25159.4,100,0,1145425
NIFTY-II.NFO,10/09/2024,09:27:29,25156.95,25155,375,25156.95,25,0,1145425
NIFTY-II.NFO,10/09/2024,09:27:31,25156.95,25155.85,250,25156.95,25,0,1145425
NIFTY-II.NFO,10/09/2024,09:27:32,25156.95,25156.85,250,25156.95,25,0,1145425
NIFTY-II.NFO,10/09/2024,09:27:34,25156.95,25155.1,375,25156.95,25,0,1145425
NIFTY-II.NFO,10/09/2024,09:27:36,25155.75,25155.45,250,25156.95,25,150,1145425
NIFTY-II.NFO,10/09/2024,09:27:37,25155.75,25155.95,250,25156.95,50,0,1145425
NIFTY-II.NFO,10/09/2024,09:27:39,25155.75,25156.5,250,25156.95,50,0,1145425
NIFTY-II.NFO,10/09/2024,09:27:41,25155.75,25156.05,125,25156.95,50,0,1145425
NIFTY-II.NFO,10/09/2024,09:27:42,25156.95,25156.1,75,25159.6,250,50,1145425
NIFTY-II.NFO,10/09/2024,09:27:44,25155.75,25155.75,50,25158.85,250,25,1145425
NIFTY-II.NFO,10/09/2024,09:27:45,25156.55,25156.3,250,25160,100,100,1145425
NIFTY-II.NFO,10/09/2024,09:27:47,25156.55,25157,100,25160,100,0,1145425
NIFTY-II.NFO,10/09/2024,09:27:49,25156.55,25156.65,25,25159.65,50,0,1145425
NIFTY-II.NFO,10/09/2024,09:27:50,25155,25155,75,25155.85,50,325,1145050
NIFTY-II.NFO,10/09/2024,09:27:52,25154,25150.5,25,25153.85,125,125,1145050
NIFTY-II.NFO,10/09/2024,09:27:54,25154.9,25150.5,25,25153.65,225,25,1145050
NIFTY-II.NFO,10/09/2024,09:27:55,25153.95,25150.5,25,25152,125,50,1145050
NIFTY-II.NFO,10/09/2024,09:27:57,25148,25146,25,25146.95,100,425,1145050
NIFTY-II.NFO,10/09/2024,09:27:59,25148,25146,25,25149.95,100,0,1145050
NIFTY-II.NFO,10/09/2024,09:28:00,25150,25150,75,25155.9,175,375,1145050
NIFTY-II.NFO,10/09/2024,09:28:02,25150,25149.95,150,25154.95,25,0,1145050
NIFTY-II.NFO,10/09/2024,09:28:04,25150,25150.25,75,25154.95,50,0,1145050
NIFTY-II.NFO,10/09/2024,09:28:05,25150,25150.55,125,25154.95,50,0,1145050
NIFTY-II.NFO,10/09/2024,09:28:07,25150.65,25150.05,350,25154.9,100,50,1145050
NIFTY-II.NFO,10/09/2024,09:28:09,25150.65,25149.4,25,25154.7,175,0,1145050
NIFTY-II.NFO,10/09/2024,09:28:10,25154.95,25150.35,100,25154.8,50,50,1145050
NIFTY-II.NFO,10/09/2024,09:28:12,25154.95,25147.8,50,25152.45,100,0,1145050
NIFTY-II.NFO,10/09/2024,09:28:14,25154.95,25148.65,25,25154.75,175,0,1145050
NIFTY-II.NFO,10/09/2024,09:28:15,25148.8,25149.1,50,25154.75,175,25,1145050
NIFTY-II.NFO,10/09/2024,09:28:17,25148.8,25149.85,125,25154.8,50,0,1145050
NIFTY-II.NFO,10/09/2024,09:28:19,25149.85,25150.9,125,25154.8,50,25,1145050
NIFTY-II.NFO,10/09/2024,09:28:20,25150.9,25151.1,175,25154.8,50,75,1145050
NIFTY-II.NFO,10/09/2024,09:28:22,25150.9,25151.4,50,25154.8,50,0,1145050
NIFTY-II.NFO,10/09/2024,09:28:24,25150.9,25152.05,50,25154.8,50,0,1145050
NIFTY-II.NFO,10/09/2024,09:28:25,25150.9,25152.05,50,25156,275,0,1145050
NIFTY-II.NFO,10/09/2024,09:28:27,25152.05,25152.1,50,25156.45,175,225,1145050
NIFTY-II.NFO,10/09/2024,09:28:29,25152.05,25151.1,50,25155.95,100,0,1145050
NIFTY-II.NFO,10/09/2024,09:28:30,25152.1,25152.05,25,25155.75,325,25,1145050
NIFTY-II.NFO,10/09/2024,09:28:32,25151.2,25152.1,50,25156.25,325,50,1145050
NIFTY-II.NFO,10/09/2024,09:28:34,25151.2,25152.45,50,25156.5,25,0,1145050
NIFTY-II.NFO,10/09/2024,09:28:35,25151.2,25150.9,25,25152.05,25,0,1145050
NIFTY-II.NFO,10/09/2024,09:28:37,25152.05,25151.05,25,25155.25,325,25,1145050
NIFTY-II.NFO,10/09/2024,09:28:39,25152.05,25152.1,50,25156.4,25,0,1145050
NIFTY-II.NFO,10/09/2024,09:28:40,25152.05,25152.05,25,25156.35,100,0,1145050
NIFTY-II.NFO,10/09/2024,09:28:42,25153.25,25153.05,25,25156.35,25,50,1145050
NIFTY-II.NFO,10/09/2024,09:28:44,25153.25,25153.05,25,25156,50,0,1145050
NIFTY-II.NFO,10/09/2024,09:28:45,25153.25,25152.1,50,25155.95,25,0,1145050
NIFTY-II.NFO,10/09/2024,09:28:47,25153.25,25152.1,50,25155.9,25,0,1145050
NIFTY-II.NFO,10/09/2024,09:28:49,25152.65,25152.6,50,25155,25,50,1145050
NIFTY-II.NFO,10/09/2024,09:28:50,25152.65,25153.85,100,25155,25,0,1145050
NIFTY-II.NFO,10/09/2024,09:28:52,25156.55,25156.45,50,25160,100,150,1145050
NIFTY-II.NFO,10/09/2024,09:28:54,25156.55,25155.55,50,25159.95,175,0,1145050
NIFTY-II.NFO,10/09/2024,09:28:55,25156.55,25155.35,50,25159.75,100,0,1145050
NIFTY-II.NFO,10/09/2024,09:28:57,25156.55,25156.55,50,25159.75,175,0,1145050
NIFTY-II.NFO,10/09/2024,09:28:59,25156.55,25156.55,50,25159.75,100,0,1145050
NIFTY-II.NFO,10/09/2024,09:29:00,25156.55,25156.55,50,25159.85,100,0,1145050
NIFTY-II.NFO,10/09/2024,09:29:02,25159.9,25157.05,25,25160,100,25,1145050
NIFTY-II.NFO,10/09/2024,09:29:04,25159.9,25157.6,25,25160,100,0,1145050
NIFTY-II.NFO,10/09/2024,09:29:07,25156.6,25156.6,25,25160,375,50,1145050
NIFTY-II.NFO,10/09/2024,09:29:09,25156.6,25156.6,25,25160,100,0,1145050
NIFTY-II.NFO,10/09/2024,09:29:10,25159.25,25156.6,25,25159.25,325,50,1145050
NIFTY-II.NFO,10/09/2024,09:29:12,25159.25,25156.95,25,25159.25,325,0,1145050
NIFTY-II.NFO,10/09/2024,09:29:14,25159.25,25156.95,25,25160,400,0,1145050
NIFTY-II.NFO,10/09/2024,09:29:15,25157,25157,50,25160,100,25,1145050
NIFTY-II.NFO,10/09/2024,09:29:17,25157,25156.95,25,25160,100,0,1145050
NIFTY-II.NFO,10/09/2024,09:29:22,25157,25156.95,25,25160,125,0,1145050
NIFTY-II.NFO,10/09/2024,09:29:24,25157,25156.55,50,25159.95,175,0,1145050
NIFTY-II.NFO,10/09/2024,09:29:25,25159.95,25156.55,50,25160,125,25,1145050
NIFTY-II.NFO,10/09/2024,09:29:27,25159.95,25157,75,25159.95,100,0,1145050
NIFTY-II.NFO,10/09/2024,09:29:29,25159.95,25157,75,25160,125,0,1145050
NIFTY-II.NFO,10/09/2024,09:29:30,25159.95,25157,75,25160,125,25,1145050
NIFTY-II.NFO,10/09/2024,09:29:32,25159.25,25157,75,25159.65,175,50,1145050
NIFTY-II.NFO,10/09/2024,09:29:34,25159.25,25157,75,25159.4,100,0,1145050
NIFTY-II.NFO,10/09/2024,09:29:35,25159.25,25157,75,25159,175,0,1145050
NIFTY-II.NFO,10/09/2024,09:29:37,25159.25,25157,75,25159.95,100,0,1145050
NIFTY-II.NFO,10/09/2024,09:29:39,25157,25157,50,25159.5,175,25,1145050
NIFTY-II.NFO,10/09/2024,09:29:40,25159.65,25157,50,25159.95,175,50,1145050
NIFTY-II.NFO,10/09/2024,09:29:42,25159.65,25157,50,25159.35,175,0,1145050
NIFTY-II.NFO,10/09/2024,09:29:44,25157,25157,25,25160,125,25,1145050
NIFTY-II.NFO,10/09/2024,09:29:46,25156.55,25156.55,25,25159.95,150,50,1145050
NIFTY-II.NFO,10/09/2024,09:29:47,25156.55,25156.55,25,25159.35,100,0,1145050
NIFTY-II.NFO,10/09/2024,09:29:49,25156.55,25156.55,25,25159.5,175,0,1145050
NIFTY-II.NFO,10/09/2024,09:29:50,25159.5,25156.55,25,25159.15,100,25,1145050
NIFTY-II.NFO,10/09/2024,09:29:52,25159.5,25156.55,25,25159.9,175,0,1145050
NIFTY-II.NFO,10/09/2024,09:29:54,25156.55,25155.85,350,25159.95,25,25,1145050
NIFTY-II.NFO,10/09/2024,09:29:55,25155.85,25155.35,50,25159.95,25,50,1145050
NIFTY-II.NFO,10/09/2024,09:29:57,25155.85,25157.35,50,25159.95,25,0,1145050
NIFTY-II.NFO,10/09/2024,09:29:59,25155.85,25158.85,50,25159.95,25,0,1145050
NIFTY-II.NFO,10/09/2024,09:30:00,25155.85,25157.15,50,25159.95,25,0,1145050
NIFTY-II.NFO,10/09/2024,09:30:02,25155.85,25158,50,25159.95,25,0,1145050
NIFTY-II.NFO,10/09/2024,09:30:04,25160,25158.4,50,25160,75,75,1145050
NIFTY-II.NFO,10/09/2024,09:30:05,25160,25158.1,50,25160,75,0,1145050
NIFTY-II.NFO,10/09/2024,09:30:07,25160,25158.45,50,25160,75,0,1145050
NIFTY-II.NFO,10/09/2024,09:30:09,25160,25157.9,50,25160,75,0,1145050
NIFTY-II.NFO,10/09/2024,09:30:12,25160,25159.4,50,25160,75,0,1145050
NIFTY-II.NFO,10/09/2024,09:30:14,25160,25160.2,300,25161,25,75,1145050
NIFTY-II.NFO,10/09/2024,09:30:15,25160.2,25160.2,275,25161,25,25,1145050
NIFTY-II.NFO,10/09/2024,09:30:17,25161,25158.4,25,25163.65,175,25,1145050
NIFTY-II.NFO,10/09/2024,09:30:19,25161,25157.45,25,25162.9,100,0,1145050
NIFTY-II.NFO,10/09/2024,09:30:20,25157,25156.4,25,25161.8,175,25,1145050
NIFTY-II.NFO,10/09/2024,09:30:22,25160.8,25156.15,25,25158.75,75,25,1145050
NIFTY-II.NFO,10/09/2024,09:30:24,25160.8,25156.15,25,25158.9,175,0,1145050
NIFTY-II.NFO,10/09/2024,09:30:25,25160.8,25156.15,25,25161.5,175,0,1145050
NIFTY-II.NFO,10/09/2024,09:30:27,25156.05,25156.7,250,25162.55,175,50,1145050
NIFTY-II.NFO,10/09/2024,09:30:29,25156.05,25155.5,250,25160,25,0,1145050
NIFTY-II.NFO,10/09/2024,09:30:30,25156.05,25155.95,375,25160,25,0,1145050
NIFTY-II.NFO,10/09/2024,09:30:32,25156.05,25156.85,300,25160,25,0,1145050
NIFTY-II.NFO,10/09/2024,09:30:34,25156.05,25156.65,250,25160,25,0,1145050
NIFTY-II.NFO,10/09/2024,09:30:35,25156.05,25158.25,50,25160,25,0,1145050
NIFTY-II.NFO,10/09/2024,09:30:37,25156.05,25157.1,250,25160,25,0,1145050
NIFTY-II.NFO,10/09/2024,09:30:39,25156.05,25156.4,250,25160,25,0,1145050
NIFTY-II.NFO,10/09/2024,09:30:40,25156.05,25156.75,250,25160,25,0,1145050
NIFTY-II.NFO,10/09/2024,09:30:42,25156.05,25155.55,25,25159.7,175,0,1145050
NIFTY-II.NFO,10/09/2024,09:30:44,25156.05,25154.7,25,25159.95,175,0,1145050
NIFTY-II.NFO,10/09/2024,09:30:45,25156.05,25155.4,250,25160,25,0,1145050
NIFTY-II.NFO,10/09/2024,09:30:47,25156.05,25155.45,250,25160,25,25,1145050
NIFTY-II.NFO,10/09/2024,09:30:49,25156.05,25155.85,25,25160,25,0,1145050
NIFTY-II.NFO,10/09/2024,09:30:50,25156.05,25155.5,25,25159.95,175,0,1145050
NIFTY-II.NFO,10/09/2024,09:30:52,25156.05,25156.3,250,25160,25,0,1145050
NIFTY-II.NFO,10/09/2024,09:30:54,25156.05,25156.65,250,25160,25,0,1145050
NIFTY-II.NFO,10/09/2024,09:30:55,25156.05,25155.8,500,25158,25,0,1145050
NIFTY-II.NFO,10/09/2024,09:30:57,25156.05,25155.85,250,25158,25,0,1145050
NIFTY-II.NFO,10/09/2024,09:30:59,25156.05,25154.95,250,25158,25,0,1145050
NIFTY-II.NFO,10/09/2024,09:31:00,25155.3,25155.05,250,25159.95,100,25,1144850
NIFTY-II.NFO,10/09/2024,09:31:02,25153.85,25153.2,75,25157.5,125,25,1144850
NIFTY-II.NFO,10/09/2024,09:31:04,25153.3,25153.25,250,25158.35,325,50,1144850
NIFTY-II.NFO,10/09/2024,09:31:05,25153.3,25153.6,250,25159,175,0,1144850
NIFTY-II.NFO,10/09/2024,09:31:07,25153.3,25154.45,250,25159.45,175,0,1144850
NIFTY-II.NFO,10/09/2024,09:31:09,25153.3,25155.95,250,25160,25,0,1144850
NIFTY-II.NFO,10/09/2024,09:31:10,25153.3,25155.05,125,25159.85,175,0,1144850
NIFTY-II.NFO,10/09/2024,09:31:12,25153.3,25154.5,250,25159.15,175,0,1144850
NIFTY-II.NFO,10/09/2024,09:31:14,25153.3,25154.55,250,25158.25,75,0,1144850
NIFTY-II.NFO,10/09/2024,09:31:15,25153.3,25154.7,25,25158.9,50,0,1144850
NIFTY-II.NFO,10/09/2024,09:31:17,25159,25155.1,250,25159.55,50,25,1144850
NIFTY-II.NFO,10/09/2024,09:31:19,25159,25155.65,250,25159,25,0,1144850
NIFTY-II.NFO,10/09/2024,09:31:20,25159,25156.55,250,25159,25,0,1144850
NIFTY-II.NFO,10/09/2024,09:31:22,25159,25156.8,250,25159,25,0,1144850
NIFTY-II.NFO,10/09/2024,09:31:24,25159,25158.25,125,25159,25,0,1144850
NIFTY-II.NFO,10/09/2024,09:31:25,25159,25156.65,250,25159,25,0,1144850
NIFTY-II.NFO,10/09/2024,09:31:27,25159,25155.5,250,25160,100,25,1144850
NIFTY-II.NFO,10/09/2024,09:31:29,25159,25157.05,50,25160,100,0,1144850
NIFTY-II.NFO,10/09/2024,09:31:30,25159,25156.7,250,25160,100,0,1144850
NIFTY-II.NFO,10/09/2024,09:31:32,25159,25155.9,250,25160,100,0,1144850
NIFTY-II.NFO,10/09/2024,09:31:34,25159,25155.1,250,25159.55,75,0,1144850
NIFTY-II.NFO,10/09/2024,09:31:35,25159,25153.6,25,25156.95,50,0,1144850
NIFTY-II.NFO,10/09/2024,09:31:41,25159,25155,700,25158.75,50,0,1144850
NIFTY-II.NFO,10/09/2024,09:31:42,25158.6,25155,700,25159.55,250,25,1144850
NIFTY-II.NFO,10/09/2024,09:31:44,25158.6,25155.65,250,25160,150,0,1144850
NIFTY-II.NFO,10/09/2024,09:31:46,25158.6,25155.9,250,25160,100,0,1144850
NIFTY-II.NFO,10/09/2024,09:31:47,25158.6,25155.7,250,25159.7,50,0,1144850
NIFTY-II.NFO,10/09/2024,09:31:49,25158.6,25155.5,250,25159.85,50,0,1144850
NIFTY-II.NFO,10/09/2024,09:31:51,25158.6,25156.8,250,25160,100,0,1144850
NIFTY-II.NFO,10/09/2024,09:31:52,25158.6,25156.05,25,25160,100,0,1144850
NIFTY-II.NFO,10/09/2024,09:31:54,25158.6,25155.4,250,25160,125,0,1144850
NIFTY-II.NFO,10/09/2024,09:31:56,25158.6,25157,700,25160,125,0,1144850
NIFTY-II.NFO,10/09/2024,09:32:01,25158.6,25157,700,25158.6,50,0,1144850
NIFTY-II.NFO,10/09/2024,09:32:02,25158.6,25157,700,25158.6,300,0,1144850
NIFTY-II.NFO,10/09/2024,09:32:04,25157,25157,550,25158.55,50,150,1144850
NIFTY-II.NFO,10/09/2024,09:32:06,25157,25157,375,25157.2,75,175,1144850
NIFTY-II.NFO,10/09/2024,09:32:07,25157,25155,25,25158.45,150,375,1144850
NIFTY-II.NFO,10/09/2024,09:32:09,25157,25155,25,25158.55,175,0,1144850
NIFTY-II.NFO,10/09/2024,09:32:11,25157,25155,25,25157,25,0,1144850
NIFTY-II.NFO,10/09/2024,09:32:14,25157,25155,25,25157,100,0,1144850
NIFTY-II.NFO,10/09/2024,09:32:16,25151.3,25151.85,250,25156.85,175,150,1144850
NIFTY-II.NFO,10/09/2024,09:32:17,25151.3,25151.35,250,25156.65,300,0,1144850
NIFTY-II.NFO,10/09/2024,09:32:19,25151.3,25152.3,250,25157,100,0,1144850
NIFTY-II.NFO,10/09/2024,09:32:21,25151.3,25152.7,250,25157,100,0,1144850
NIFTY-II.NFO,10/09/2024,09:32:22,25151.3,25152.65,375,25157,25,0,1144850
NIFTY-II.NFO,10/09/2024,09:32:24,25151.3,25153.3,250,25157,25,0,1144850
NIFTY-II.NFO,10/09/2024,09:32:26,25151.3,25152.3,250,25157,100,0,1144850
NIFTY-II.NFO,10/09/2024,09:32:27,25152.1,25151.75,250,25156.55,175,50,1144850
NIFTY-II.NFO,10/09/2024,09:32:29,25152.1,25151.55,250,25156.55,100,0,1144850
NIFTY-II.NFO,10/09/2024,09:32:31,25151.55,25151.3,250,25155.95,175,25,1144850
NIFTY-II.NFO,10/09/2024,09:32:32,25156.55,25151.75,50,25152,50,50,1144850
NIFTY-II.NFO,10/09/2024,09:32:34,25152,25151,25,25154.35,125,50,1144850
NIFTY-II.NFO,10/09/2024,09:32:36,25152,25151,25,25154.25,50,0,1144850
NIFTY-II.NFO,10/09/2024,09:32:37,25152,25151,25,25153.1,75,0,1144850
NIFTY-II.NFO,10/09/2024,09:32:39,25148.05,25147.85,250,25148.05,25,100,1144850
NIFTY-II.NFO,10/09/2024,09:32:41,25150,25146.7,25,25150.75,125,125,1144850
NIFTY-II.NFO,10/09/2024,09:32:42,25150,25146.7,25,25150.95,25,0,1144850
NIFTY-II.NFO,10/09/2024,09:32:44,25150,25147.2,250,25151,25,0,1144850
NIFTY-II.NFO,10/09/2024,09:32:45,25150,25148,250,25151,25,0,1144850
NIFTY-II.NFO,10/09/2024,09:32:47,25149.1,25149.1,225,25150,25,25,1144850
NIFTY-II.NFO,10/09/2024,09:32:49,25150,25150.05,200,25151,25,25,1144850
NIFTY-II.NFO,10/09/2024,09:32:50,25150,25149.15,250,25150,25,0,1144850
NIFTY-II.NFO,10/09/2024,09:32:52,25150,25150.1,250,25151,25,50,1144850
NIFTY-II.NFO,10/09/2024,09:32:54,25150,25149.85,250,25151,25,0,1144850
NIFTY-II.NFO,10/09/2024,09:32:55,25150,25150,250,25151,25,0,1144850
NIFTY-II.NFO,10/09/2024,09:32:57,25150,25150,25,25151,25,0,1144850
NIFTY-II.NFO,10/09/2024,09:33:02,25151,25150,25,25152.9,175,25,1144850
NIFTY-II.NFO,10/09/2024,09:33:04,25151,25150,25,25153.4,225,0,1144850
NIFTY-II.NFO,10/09/2024,09:33:05,25151,25150,25,25154.9,175,0,1144850
NIFTY-II.NFO,10/09/2024,09:33:07,25151,25151.25,50,25155,25,0,1144850
NIFTY-II.NFO,10/09/2024,09:33:09,25151.35,25150,25,25154.4,100,25,1144850
NIFTY-II.NFO,10/09/2024,09:33:10,25151.35,25151.1,250,25155,25,0,1144850
NIFTY-II.NFO,10/09/2024,09:33:12,25149.6,25150.65,125,25155,25,100,1144850
NIFTY-II.NFO,10/09/2024,09:33:14,25149.6,25149.45,150,25154.35,200,0,1144850
NIFTY-II.NFO,10/09/2024,09:33:15,25149.6,25149.65,250,25154.45,300,0,1144850
NIFTY-II.NFO,10/09/2024,09:33:17,25149.6,25149.8,250,25154.75,175,0,1144850
NIFTY-II.NFO,10/09/2024,09:33:19,25149.6,25150.4,500,25155,100,0,1144850
NIFTY-II.NFO,10/09/2024,09:33:20,25149.6,25151.45,250,25155,25,0,1144850
NIFTY-II.NFO,10/09/2024,09:33:24,25149.6,25152,250,25155,25,0,1144850
NIFTY-II.NFO,10/09/2024,09:33:25,25149.6,25151.05,250,25155,25,0,1144850
NIFTY-II.NFO,10/09/2024,09:33:27,25149.6,25150.25,250,25155,100,0,1144850
NIFTY-II.NFO,10/09/2024,09:33:29,25149.6,25148.8,25,25153.1,100,0,1144850
NIFTY-II.NFO,10/09/2024,09:33:30,25149.6,25149.2,250,25154,100,0,1144850
NIFTY-II.NFO,10/09/2024,09:33:32,25149.2,25149.6,200,25150.05,25,50,1144850
NIFTY-II.NFO,10/09/2024,09:33:34,25149.2,25149.35,450,25150.05,25,0,1144850
NIFTY-II.NFO,10/09/2024,09:33:35,25149.2,25149.35,200,25150.05,25,0,1144850
NIFTY-II.NFO,10/09/2024,09:33:37,25150.05,25151.75,200,25155,50,25,1144850
NIFTY-II.NFO,10/09/2024,09:33:39,25151.05,25150.2,200,25154.6,200,25,1144850
NIFTY-II.NFO,10/09/2024,09:33:40,25151.05,25149.9,250,25154.35,175,0,1144850
NIFTY-II.NFO,10/09/2024,09:33:42,25151.05,25149.15,225,25153.6,175,0,1144850
NIFTY-II.NFO,10/09/2024,09:33:44,25151.05,25148.7,250,25153.55,175,0,1144850
NIFTY-II.NFO,10/09/2024,09:33:46,25151.05,25148.9,200,25153.1,200,0,1144850
NIFTY-II.NFO,10/09/2024,09:33:47,25151.05,25148.1,250,25152.2,125,0,1144850
NIFTY-II.NFO,10/09/2024,09:33:49,25151.05,25148.9,125,25153.3,200,0,1144850
NIFTY-II.NFO,10/09/2024,09:33:51,25149.2,25149.05,50,25153.85,125,250,1144575
NIFTY-II.NFO,10/09/2024,09:33:52,25149.2,25148.85,200,25153.35,75,0,1144575
NIFTY-II.NFO,10/09/2024,09:33:54,25149.2,25149.55,250,25153.9,100,0,1144575
NIFTY-II.NFO,10/09/2024,09:33:56,25149.2,25149,125,25153.55,125,0,1144575
NIFTY-II.NFO,10/09/2024,09:33:57,25149.2,25149.15,450,25153.7,75,0,1144575
NIFTY-II.NFO,10/09/2024,09:33:59,25149.2,25149.95,200,25154.6,100,0,1144575
NIFTY-II.NFO,10/09/2024,09:34:01,25149.2,25151.25,300,25155,50,0,1144575
NIFTY-II.NFO,10/09/2024,09:34:02,25149.2,25150.8,50,25155,50,0,1144575
NIFTY-II.NFO,10/09/2024,09:34:04,25150.8,25150.75,250,25155,50,25,1144575
NIFTY-II.NFO,10/09/2024,09:34:06,25150.8,25149.55,200,25153.9,200,0,1144575
NIFTY-II.NFO,10/09/2024,09:34:07,25150.8,25149.2,200,25153.3,200,0,1144575
NIFTY-II.NFO,10/09/2024,09:34:09,25150.8,25148.95,500,25153.55,200,0,1144575
NIFTY-II.NFO,10/09/2024,09:34:11,25150.8,25148.9,200,25153.55,175,0,1144575
NIFTY-II.NFO,10/09/2024,09:34:12,25150.8,25148.05,250,25152.6,125,0,1144575
NIFTY-II.NFO,10/09/2024,09:34:14,25150.8,25148,25,25151.35,300,0,1144575
NIFTY-II.NFO,10/09/2024,09:34:16,25150.8,25148,25,25150.45,175,0,1144575
NIFTY-II.NFO,10/09/2024,09:34:17,25150.8,25148,25,25150,100,0,1144575
NIFTY-II.NFO,10/09/2024,09:34:19,25146,25145.4,200,25149.8,100,125,1144575
NIFTY-II.NFO,10/09/2024,09:34:21,25146,25145,150,25149.05,175,0,1144575
NIFTY-II.NFO,10/09/2024,09:34:22,25146,25145.3,50,25150.35,175,0,1144575
NIFTY-II.NFO,10/09/2024,09:34:24,25146,25145,50,25149.05,75,0,1144575
NIFTY-II.NFO,10/09/2024,09:34:26,25144,25143.9,125,25148.9,175,150,1144575
NIFTY-II.NFO,10/09/2024,09:34:27,25144,25143.35,50,25148.1,225,0,1144575
NIFTY-II.NFO,10/09/2024,09:34:29,25142.1,25143.45,125,25147.95,25,75,1144575
NIFTY-II.NFO,10/09/2024,09:34:31,25142.1,25143.9,125,25146,525,0,1144575
NIFTY-II.NFO,10/09/2024,09:34:32,25142.1,25144.65,50,25146,525,0,1144575
NIFTY-II.NFO,10/09/2024,09:34:34,25144.1,25144.25,125,25146,525,25,1144575
NIFTY-II.NFO,10/09/2024,09:34:36,25144.1,25143.65,100,25146,525,0,1144575
NIFTY-II.NFO,10/09/2024,09:34:37,25144.1,25144.55,100,25146,525,0,1144575
NIFTY-II.NFO,10/09/2024,09:34:39,25144.55,25142.5,250,25146,525,25,1144575
NIFTY-II.NFO,10/09/2024,09:34:41,25142.6,25142.55,25,25146,525,50,1144575
NIFTY-II.NFO,10/09/2024,09:34:42,25142.6,25142,250,25146,525,0,1144575
NIFTY-II.NFO,10/09/2024,09:34:44,25142.6,25141,525,25143.95,25,0,1144575
NIFTY-II.NFO,10/09/2024,09:34:46,25142.6,25141,525,25145,100,0,1144575
NIFTY-II.NFO,10/09/2024,09:34:47,25141,25140.05,25,25142.6,25,525,1144575
NIFTY-II.NFO,10/09/2024,09:34:49,25144.2,25140.8,25,25145.95,300,50,1144575
NIFTY-II.NFO,10/09/2024,09:34:51,25141.35,25142.1,50,25146.55,100,50,1144575
NIFTY-II.NFO,10/09/2024,09:34:52,25141.35,25142.15,50,25147,100,0,1144575
NIFTY-II.NFO,10/09/2024,09:34:54,25141.35,25142.8,50,25146.5,25,0,1144575
NIFTY-II.NFO,10/09/2024,09:34:56,25142.8,25142.5,300,25146.5,25,25,1144575
NIFTY-II.NFO,10/09/2024,09:34:57,25142.8,25142.6,50,25146.5,25,0,1144575
NIFTY-II.NFO,10/09/2024,09:34:59,25146.75,25142.65,50,25147.45,175,50,1144575
NIFTY-II.NFO,10/09/2024,09:35:01,25146.75,25143,50,25147.2,175,0,1144575
NIFTY-II.NFO,10/09/2024,09:35:02,25146.75,25141.7,75,25145.85,75,0,1144575
NIFTY-II.NFO,10/09/2024,09:35:04,25146.75,25142.65,50,25146.7,100,0,1144575
NIFTY-II.NFO,10/09/2024,09:35:06,25146.75,25142.35,300,25146.75,25,0,1144575
NIFTY-II.NFO,10/09/2024,09:35:07,25146.75,25142.45,50,25146.4,125,0,1144575
NIFTY-II.NFO,10/09/2024,09:35:09,25142.55,25142.55,25,25146.75,50,25,1144575
NIFTY-II.NFO,10/09/2024,09:35:11,25142.55,25142.05,50,25145.95,25,0,1144575
NIFTY-II.NFO,10/09/2024,09:35:12,25142.55,25144.05,50,25146.75,50,0,1144575
NIFTY-II.NFO,10/09/2024,09:35:16,25142.55,25144.1,50,25146.75,50,0,1144575
NIFTY-II.NFO,10/09/2024,09:35:17,25142.55,25144,50,25146.75,50,0,1144575
NIFTY-II.NFO,10/09/2024,09:35:19,25142.55,25144,50,25146.5,100,0,1144575
NIFTY-II.NFO,10/09/2024,09:35:21,25142.55,25144,50,25146.7,100,0,1144575
NIFTY-II.NFO,10/09/2024,09:35:22,25142.55,25144,50,25145.45,225,0,1144575
NIFTY-II.NFO,10/09/2024,09:35:24,25144,25142,50,25143.7,175,50,1144575
NIFTY-II.NFO,10/09/2024,09:35:26,25144,25142,50,25143.85,250,0,1144575
NIFTY-II.NFO,10/09/2024,09:35:27,25144,25142,50,25143.4,175,0,1144575
NIFTY-II.NFO,10/09/2024,09:35:29,25144,25142,50,25144.45,175,0,1144575
NIFTY-II.NFO,10/09/2024,09:35:31,25144,25142,150,25144.9,175,0,1144575
NIFTY-II.NFO,10/09/2024,09:35:32,25144,25142,200,25144,25,0,1144575
NIFTY-II.NFO,10/09/2024,09:35:34,25144,25142.05,50,25144,25,0,1144575
NIFTY-II.NFO,10/09/2024,09:35:36,25144,25142,200,25144,25,0,1144575
NIFTY-II.NFO,10/09/2024,09:35:37,25144,25142.3,50,25144,25,0,1144575
NIFTY-II.NFO,10/09/2024,09:35:39,25144,25142.45,50,25144,25,0,1144575
NIFTY-II.NFO,10/09/2024,09:35:41,25144,25142.7,550,25146.5,25,25,1144575
NIFTY-II.NFO,10/09/2024,09:35:42,25144,25144.2,25,25146.5,25,0,1144575
NIFTY-II.NFO,10/09/2024,09:35:44,25144,25144.9,25,25146.5,25,0,1144575
NIFTY-II.NFO,10/09/2024,09:35:46,25144,25144.8,50,25146.75,50,0,1144575
NIFTY-II.NFO,10/09/2024,09:35:47,25146.75,25146.3,50,25149,25,50,1144575
NIFTY-II.NFO,10/09/2024,09:35:49,25146.75,25147.5,50,25149,25,0,1144575
NIFTY-II.NFO,10/09/2024,09:35:51,25146.75,25147.1,250,25148,675,0,1144575
NIFTY-II.NFO,10/09/2024,09:35:52,25146.75,25147.75,125,25148,675,0,1144575
NIFTY-II.NFO,10/09/2024,09:35:54,25148.6,25147.95,50,25150,75,725,1144575
NIFTY-II.NFO,10/09/2024,09:35:56,25148.6,25149,50,25150,75,0,1144575
NIFTY-II.NFO,10/09/2024,09:35:57,25148.6,25147.95,250,25150,75,0,1144575
NIFTY-II.NFO,10/09/2024,09:35:59,25148.6,25146.15,250,25150,75,0,1144575
NIFTY-II.NFO,10/09/2024,09:36:01,25148.6,25146.3,250,25150,75,0,1144575
NIFTY-II.NFO,10/09/2024,09:36:02,25148.6,25145.7,125,25149.95,25,0,1144575
NIFTY-II.NFO,10/09/2024,09:36:04,25148.6,25144.7,250,25148.95,175,0,1144575
NIFTY-II.NFO,10/09/2024,09:36:06,25148.6,25142.75,250,25146.8,175,0,1144575
NIFTY-II.NFO,10/09/2024,09:36:07,25148.6,25145,25,25147.55,175,0,1144575
NIFTY-II.NFO,10/09/2024,09:36:09,25147.6,25145,25,25147.1,150,25,1144575
NIFTY-II.NFO,10/09/2024,09:36:11,25147.6,25145,25,25147.45,150,0,1144575
NIFTY-II.NFO,10/09/2024,09:36:12,25147.6,25145,25,25146,150,0,1144575
NIFTY-II.NFO,10/09/2024,09:36:14,25145,25142,200,25145.45,150,25,1144575
NIFTY-II.NFO,10/09/2024,09:36:16,25142,25142,175,25143.4,150,25,1144575
NIFTY-II.NFO,10/09/2024,09:36:17,25142,25142,175,25145.85,100,0,1144575
NIFTY-II.NFO,10/09/2024,09:36:19,25142,25142,150,25143.85,150,25,1144575
NIFTY-II.NFO,10/09/2024,09:36:21,25142,25142,50,25143.25,150,0,1144575
NIFTY-II.NFO,10/09/2024,09:36:22,25142,25141.35,50,25142.55,75,75,1144575
NIFTY-II.NFO,10/09/2024,09:36:24,25141.35,25140.05,25,25141.15,75,50,1144575
NIFTY-II.NFO,10/09/2024,09:36:26,25140,25140,300,25141.65,25,50,1144575
NIFTY-II.NFO,10/09/2024,09:36:27,25140,25140,300,25141.05,25,0,1144575
NIFTY-II.NFO,10/09/2024,09:36:29,25140,25140,300,25142.3,175,0,1144575
NIFTY-II.NFO,10/09/2024,09:36:31,25140,25140,275,25144.3,175,25,1144575
NIFTY-II.NFO,10/09/2024,09:36:32,25140,25141.6,50,25147.05,175,0,1144575
NIFTY-II.NFO,10/09/2024,09:36:34,25140,25140.45,250,25145.1,25,0,1144575
NIFTY-II.NFO,10/09/2024,09:36:36,25143.75,25140,250,25143.9,250,650,1144575
NIFTY-II.NFO,10/09/2024,09:36:37,25143.75,25140,250,25143.7,250,0,1144575
NIFTY-II.NFO,10/09/2024,09:36:39,25143.75,25140,350,25143.2,250,0,1144575
NIFTY-II.NFO,10/09/2024,09:36:41,25143.75,25140,350,25144,250,0,1144575
NIFTY-II.NFO,10/09/2024,09:36:42,25144.8,25140.3,100,25144.8,400,25,1144575
NIFTY-II.NFO,10/09/2024,09:36:44,25144,25141.05,25,25144.95,250,25,1144575
NIFTY-II.NFO,10/09/2024,09:36:46,25144,25141.05,25,25144.95,150,0,1144575
NIFTY-II.NFO,10/09/2024,09:36:47,25144,25140,350,25144,250,0,1144575
NIFTY-II.NFO,10/09/2024,09:36:49,25144,25140,350,25141.85,250,0,1144575
NIFTY-II.NFO,10/09/2024,09:36:51,25140,25140,150,25142.15,250,200,1145025
NIFTY-II.NFO,10/09/2024,09:36:52,25141.85,25140,50,25142.05,150,100,1145025
NIFTY-II.NFO,10/09/2024,09:36:54,25140,25140,25,25141.5,150,25,1145025
NIFTY-II.NFO,10/09/2024,09:36:56,25140,25140,25,25142.25,150,0,1145025
NIFTY-II.NFO,10/09/2024,09:36:57,25140,25140,25,25141.7,150,0,1145025
NIFTY-II.NFO,10/09/2024,09:36:59,25140,25140,25,25142.3,150,0,1145025
NIFTY-II.NFO,10/09/2024,09:37:01,25140,25140,25,25142.55,150,0,1145025
NIFTY-II.NFO,10/09/2024,09:37:02,25140,25140,25,25142.85,150,0,1145025
NIFTY-II.NFO,10/09/2024,09:37:04,25140,25140,25,25143.5,250,0,1145025
NIFTY-II.NFO,10/09/2024,09:37:06,25140,25140.05,50,25143.55,150,0,1145025
NIFTY-II.NFO,10/09/2024,09:37:07,25140,25140,25,25143.3,150,0,1145025
NIFTY-II.NFO,10/09/2024,09:37:09,25140,25140.45,50,25143.95,150,0,1145025
NIFTY-II.NFO,10/09/2024,09:37:11,25140,25140,25,25143.5,150,0,1145025
NIFTY-II.NFO,10/09/2024,09:37:12,25140,25140.05,50,25143.9,150,0,1145025
NIFTY-II.NFO,10/09/2024,09:37:14,25140,25140,25,25142.6,150,0,1145025
NIFTY-II.NFO,10/09/2024,09:37:16,25140,25140,25,25142.95,150,0,1145025
NIFTY-II.NFO,10/09/2024,09:37:17,25140,25140.4,50,25144,625,0,1145025
NIFTY-II.NFO,10/09/2024,09:37:19,25140.4,25140,25,25142.85,150,50,1145025
NIFTY-II.NFO,10/09/2024,09:37:21,25140.4,25140,25,25143.15,150,0,1145025
NIFTY-II.NFO,10/09/2024,09:37:22,25140.4,25140,25,25142,250,0,1145025
NIFTY-II.NFO,10/09/2024,09:37:24,25140,25139,25,25140.15,225,25,1145025
NIFTY-II.NFO,10/09/2024,09:37:26,25140,25139,25,25140.45,400,0,1145025
NIFTY-II.NFO,10/09/2024,09:37:27,25140,25139,25,25140.25,150,0,1145025
NIFTY-II.NFO,10/09/2024,09:37:29,25139,25137.3,100,25141.15,150,25,1145025
NIFTY-II.NFO,10/09/2024,09:37:29,25139,25137.3,100,25141.15,150,0,1145025
NIFTY-II.NFO,10/09/2024,09:37:31,25139,25139.7,50,25142.95,150,0,1145025
NIFTY-II.NFO,10/09/2024,09:37:32,25139,25137.85,50,25140,25,0,1145025
NIFTY-II.NFO,10/09/2024,09:37:34,25139,25137.05,350,25140,25,0,1145025
NIFTY-II.NFO,10/09/2024,09:37:36,25137.3,25137.5,100,25138.35,25,50,1145025
NIFTY-II.NFO,10/09/2024,09:37:36,25137.3,25137.5,100,25138.35,25,0,1145025
NIFTY-II.NFO,10/09/2024,09:37:37,25137.3,25138.1,250,25138.35,25,0,1145025
NIFTY-II.NFO,10/09/2024,09:37:39,25138.35,25139,250,25140,25,25,1145025
NIFTY-II.NFO,10/09/2024,09:37:41,25139,25139.05,250,25140,25,25,1145025
NIFTY-II.NFO,10/09/2024,09:37:42,25139,25137.9,250,25140,25,0,1145025
NIFTY-II.NFO,10/09/2024,09:37:44,25139,25137.3,25,25139,25,0,1145025
NIFTY-II.NFO,10/09/2024,09:37:46,25139,25138.05,250,25139,25,0,1145025
NIFTY-II.NFO,10/09/2024,09:37:47,25139,25137.3,25,25139,25,0,1145025
NIFTY-II.NFO,10/09/2024,09:37:51,25137.3,25133.6,25,25136.2,250,25,1145025
NIFTY-II.NFO,10/09/2024,09:37:52,25137.3,25133.6,25,25135.35,250,0,1145025
NIFTY-II.NFO,10/09/2024,09:37:54,25137.3,25133.6,25,25134.65,250,0,1145025
NIFTY-II.NFO,10/09/2024,09:37:56,25132.35,25132,50,25132.2,225,75,1145025
NIFTY-II.NFO,10/09/2024,09:37:56,25132.35,25132,50,25132.2,225,0,1145025
NIFTY-II.NFO,10/09/2024,09:37:57,25129,25127.95,25,25130.45,75,650,1145025
NIFTY-II.NFO,10/09/2024,09:37:57,25129,25127.95,25,25130.45,75,0,1145025
NIFTY-II.NFO,10/09/2024,09:37:59,25130.4,25125.8,50,25130.9,50,175,1145025
NIFTY-II.NFO,10/09/2024,09:37:59,25126.95,25125.8,50,25130.9,50,0,1145025
NIFTY-II.NFO,10/09/2024,09:38:01,25130,25130.35,100,25135.5,50,25,1145025
NIFTY-II.NFO,10/09/2024,09:38:02,25130,25130.4,50,25135.9,125,0,1145025
NIFTY-II.NFO,10/09/2024,09:38:04,25130,25129.35,50,25133.65,50,0,1145025
NIFTY-II.NFO,10/09/2024,09:38:06,25130,25127.4,50,25131.3,50,25,1145025
NIFTY-II.NFO,10/09/2024,09:38:07,25130,25129.25,100,25130,75,25,1145025
NIFTY-II.NFO,10/09/2024,09:38:09,25130,25130.4,100,25135.25,50,75,1145025
NIFTY-II.NFO,10/09/2024,09:38:11,25130,25131.65,50,25136.1,50,0,1145025
NIFTY-II.NFO,10/09/2024,09:38:12,25130,25130.1,300,25134.7,50,0,1145025
NIFTY-II.NFO,10/09/2024,09:38:14,25130,25131.25,50,25135.5,50,0,1145025
NIFTY-II.NFO,10/09/2024,09:38:16,25130,25130.05,50,25133.85,50,0,1145025
NIFTY-II.NFO,10/09/2024,09:38:17,25130,25126.2,100,25130.95,50,25,1145025
NIFTY-II.NFO,10/09/2024,09:38:19,25130,25127.3,50,25131.45,50,0,1145025
NIFTY-II.NFO,10/09/2024,09:38:21,25130,25129.7,50,25133.95,50,0,1145025
NIFTY-II.NFO,10/09/2024,09:38:22,25130,25130.2,100,25134.95,25,0,1145025
NIFTY-II.NFO,10/09/2024,09:38:24,25130,25130,100,25133.5,50,0,1145025
NIFTY-II.NFO,10/09/2024,09:38:26,25130,25130,100,25133,50,0,1145025
NIFTY-II.NFO,10/09/2024,09:38:28,25130,25126.8,50,25130.65,50,100,1145025
NIFTY-II.NFO,10/09/2024,09:38:29,25126.9,25126.75,50,25129.9,50,25,1145025
NIFTY-II.NFO,10/09/2024,09:38:29,25126.9,25126.75,50,25129.9,50,0,1145025
NIFTY-II.NFO,10/09/2024,09:38:31,25126.9,25128.7,100,25132.95,50,0,1145025
NIFTY-II.NFO,10/09/2024,09:38:33,25126.9,25127.5,100,25132.1,25,0,1145025
NIFTY-II.NFO,10/09/2024,09:38:34,25126.9,25127.2,50,25130.85,100,0,1145025
NIFTY-II.NFO,10/09/2024,09:38:36,25126.9,25126.75,50,25130.35,50,0,1145025
NIFTY-II.NFO,10/09/2024,09:38:38,25126.9,25126.75,50,25130.25,25,0,1145025
NIFTY-II.NFO,10/09/2024,09:38:39,25125,25123.5,25,25126.45,100,275,1145025
NIFTY-II.NFO,10/09/2024,09:38:39,25125,25123.5,25,25126.45,100,0,1145025
NIFTY-II.NFO,10/09/2024,09:38:41,25126.9,25125.95,100,25131.95,25,175,1145025
NIFTY-II.NFO,10/09/2024,09:38:41,25123.5,25125.95,100,25131.95,25,0,1145025
NIFTY-II.NFO,10/09/2024,09:38:43,25126.9,25129.05,25,25133.45,25,0,1145025
NIFTY-II.NFO,10/09/2024,09:38:44,25127.35,25126.65,100,25132.2,75,50,1145025
NIFTY-II.NFO,10/09/2024,09:38:46,25127.35,25127.1,100,25132.2,25,0,1145025
NIFTY-II.NFO,10/09/2024,09:38:47,25127.35,25125.9,50,25131.2,25,0,1145025
NIFTY-II.NFO,10/09/2024,09:38:49,25127.35,25127.1,100,25132.7,25,0,1145025
NIFTY-II.NFO,10/09/2024,09:38:51,25128.05,25128.3,100,25133.45,25,25,1145025
NIFTY-II.NFO,10/09/2024,09:38:52,25128.05,25128.2,100,25133.45,25,0,1145025
NIFTY-II.NFO,10/09/2024,09:38:54,25128.05,25129.05,25,25133.45,25,0,1145025
NIFTY-II.NFO,10/09/2024,09:38:56,25130.1,25131.5,50,25134,25,25,1145025
NIFTY-II.NFO,10/09/2024,09:38:57,25131.05,25127.7,50,25132.95,100,25,1145025
NIFTY-II.NFO,10/09/2024,09:38:59,25131.05,25128.05,25,25132.7,25,0,1145025
NIFTY-II.NFO,10/09/2024,09:39:01,25131.05,25126.85,25,25131.95,100,25,1145025
NIFTY-II.NFO,10/09/2024,09:39:02,25131.05,25125.75,25,25131.2,100,0,1145025
NIFTY-II.NFO,10/09/2024,09:39:04,25131.05,25127.35,75,25131,25,0,1145025
NIFTY-II.NFO,10/09/2024,09:39:06,25131.05,25130.15,100,25131,25,0,1145025
NIFTY-II.NFO,10/09/2024,09:39:07,25131,25130.05,25,25133.95,25,25,1145025
NIFTY-II.NFO,10/09/2024,09:39:09,25133.7,25131.05,1800,25132.75,750,50,1145025
NIFTY-II.NFO,10/09/2024,09:39:11,25133.7,25131.05,1800,25133,750,0,1145025
NIFTY-II.NFO,10/09/2024,09:39:12,25133.7,25131.05,1800,25134,25,0,1145025
NIFTY-II.NFO,10/09/2024,09:39:14,25133.7,25131.2,150,25134,25,0,1145025
NIFTY-II.NFO,10/09/2024,09:39:16,25133.7,25131.45,100,25134,25,0,1145025
NIFTY-II.NFO,10/09/2024,09:39:17,25133.7,25131.7,150,25134,25,0,1145025
NIFTY-II.NFO,10/09/2024,09:39:19,25133.7,25131.05,1800,25134,25,0,1145025
NIFTY-II.NFO,10/09/2024,09:39:22,25134,25131.05,1800,25134.75,725,25,1145025
NIFTY-II.NFO,10/09/2024,09:39:24,25134,25131.4,100,25135,25,0,1145025
NIFTY-II.NFO,10/09/2024,09:39:26,25134,25132.05,25,25135,25,0,1145025
NIFTY-II.NFO,10/09/2024,09:39:27,25134,25131.65,100,25135,25,0,1145025
NIFTY-II.NFO,10/09/2024,09:39:29,25136.5,25135.05,25,25140,100,50,1145025
NIFTY-II.NFO,10/09/2024,09:39:31,25139.95,25136.05,25,25139.75,625,25,1145025
NIFTY-II.NFO,10/09/2024,09:39:32,25139.95,25135.1,50,25136.5,25,0,1145025
NIFTY-II.NFO,10/09/2024,09:39:34,25139.95,25131.85,100,25136.5,25,0,1145025
NIFTY-II.NFO,10/09/2024,09:39:36,25139.95,25132.05,25,25136,500,0,1145025
NIFTY-II.NFO,10/09/2024,09:39:37,25137.85,25132.05,25,25136.7,50,1800,1145025
NIFTY-II.NFO,10/09/2024,09:39:39,25137.85,25132.05,25,25136.9,50,0,1145025
NIFTY-II.NFO,10/09/2024,09:39:41,25137.85,25131.15,125,25136.9,75,0,1145025
NIFTY-II.NFO,10/09/2024,09:39:42,25137.85,25132.1,125,25137.65,50,0,1145025
NIFTY-II.NFO,10/09/2024,09:39:44,25137.85,25132.6,125,25137.95,25,0,1145025
NIFTY-II.NFO,10/09/2024,09:39:46,25137.85,25134.15,125,25139.65,50,0,1145025
NIFTY-II.NFO,10/09/2024,09:39:47,25137.85,25129.85,175,25134.95,25,0,1145025
NIFTY-II.NFO,10/09/2024,09:39:49,25134.95,25131.2,125,25136.8,50,25,1145025
NIFTY-II.NFO,10/09/2024,09:39:51,25134.95,25132.35,75,25137.85,50,0,1145025
NIFTY-II.NFO,10/09/2024,09:39:52,25134.95,25132.05,125,25137.55,75,0,1145025
NIFTY-II.NFO,10/09/2024,09:39:54,25134.95,25130,25,25134.3,25,0,1145025
NIFTY-II.NFO,10/09/2024,09:39:56,25134.95,25130.25,175,25135.6,75,0,1145025
NIFTY-II.NFO,10/09/2024,09:39:57,25134,25130,25,25134.5,50,25,1146950
NIFTY-II.NFO,10/09/2024,09:39:59,25134,25130,25,25134.65,50,0,1146950
NIFTY-II.NFO,10/09/2024,09:40:01,25130,25127.4,100,25132.6,50,25,1146950
NIFTY-II.NFO,10/09/2024,09:40:02,25130,25130.4,125,25135.95,25,0,1146950
NIFTY-II.NFO,10/09/2024,09:40:04,25130,25131.5,100,25136.7,50,0,1146950
NIFTY-II.NFO,10/09/2024,09:40:06,25135.75,25129.5,75,25135.8,50,25,1146950
NIFTY-II.NFO,10/09/2024,09:40:07,25135.75,25130.55,125,25135.9,300,0,1146950
NIFTY-II.NFO,10/09/2024,09:40:09,25135.75,25130.15,125,25135.7,50,0,1146950
NIFTY-II.NFO,10/09/2024,09:40:11,25135,25130.6,125,25135,50,25,1146950
NIFTY-II.NFO,10/09/2024,09:40:12,25131,25127.4,75,25131.9,50,25,1146950
NIFTY-II.NFO,10/09/2024,09:40:14,25131,25127.35,25,25130.15,50,0,1146950
NIFTY-II.NFO,10/09/2024,09:40:16,25131,25127.35,25,25129.8,50,0,1146950
NIFTY-II.NFO,10/09/2024,09:40:17,25131,25127.35,25,25129.9,50,0,1146950
NIFTY-II.NFO,10/09/2024,09:40:19,25127.35,25125,25,25127.95,25,50,1146950
NIFTY-II.NFO,10/09/2024,09:40:21,25127.35,25125,25,25128.1,50,0,1146950
NIFTY-II.NFO,10/09/2024,09:40:22,25127.35,25126.75,125,25132.2,50,0,1146950
NIFTY-II.NFO,10/09/2024,09:40:24,25127.35,25125.8,175,25131,250,0,1146950
NIFTY-II.NFO,10/09/2024,09:40:26,25127.35,25126.45,175,25131.9,50,0,1146950
NIFTY-II.NFO,10/09/2024,09:40:27,25127.35,25125.9,175,25130.95,25,0,1146950
NIFTY-II.NFO,10/09/2024,09:40:29,25127.35,25125.05,100,25126,100,0,1146950
NIFTY-II.NFO,10/09/2024,09:40:31,25131.15,25125.15,175,25131.15,50,1800,1146950
NIFTY-II.NFO,10/09/2024,09:40:32,25128,25125,50,25128.4,175,25,1146950
NIFTY-II.NFO,10/09/2024,09:40:34,25128,25125,50,25128.35,50,0,1146950
NIFTY-II.NFO,10/09/2024,09:40:36,25128.35,25125,50,25128.35,50,50,1146950
NIFTY-II.NFO,10/09/2024,09:40:38,25128.35,25127.25,50,25127.75,250,0,1146950
NIFTY-II.NFO,10/09/2024,09:40:39,25127.25,25125,50,25126.3,50,50,1146950
NIFTY-II.NFO,10/09/2024,09:40:41,25126.3,25125,50,25127.75,250,25,1146950
NIFTY-II.NFO,10/09/2024,09:40:43,25126.3,25125,50,25127.25,25,0,1146950
NIFTY-II.NFO,10/09/2024,09:40:44,25126.3,25125,50,25126.3,25,0,1146950
NIFTY-II.NFO,10/09/2024,09:40:49,25126.3,25125,50,25125.95,250,0,1146950
NIFTY-II.NFO,10/09/2024,09:40:51,25126.3,25125,50,25126.3,25,0,1146950
NIFTY-II.NFO,10/09/2024,09:40:54,25126.3,25125,50,25126.55,250,25,1146950
NIFTY-II.NFO,10/09/2024,09:40:56,25125,25125,25,25126.55,300,25,1146950
NIFTY-II.NFO,10/09/2024,09:40:57,25125,25122,25,25126.55,250,25,1146950
NIFTY-II.NFO,10/09/2024,09:40:59,25125,25122,25,25125.95,25,0,1146950
NIFTY-II.NFO,10/09/2024,09:41:01,25120.95,25122.15,175,25127,25,50,1146950
NIFTY-II.NFO,10/09/2024,09:41:01,25120.95,25122.15,175,25127,25,0,1146950
NIFTY-II.NFO,10/09/2024,09:41:02,25120.95,25124.4,175,25127,25,0,1146950
NIFTY-II.NFO,10/09/2024,09:41:04,25120.95,25124.5,100,25127,25,0,1146950
NIFTY-II.NFO,10/09/2024,09:41:06,25120.95,25124,175,25127,25,0,1146950
NIFTY-II.NFO,10/09/2024,09:41:07,25120.95,25124.9,175,25127,25,0,1146950
NIFTY-II.NFO,10/09/2024,09:41:09,25125.65,25125.75,175,25127,25,75,1146950
NIFTY-II.NFO,10/09/2024,09:41:11,25126,25126,25,25127.25,25,275,1146950
NIFTY-II.NFO,10/09/2024,09:41:12,25127.25,25128.25,50,25131,25,25,1146950
NIFTY-II.NFO,10/09/2024,09:41:14,25127.25,25124.3,125,25129.75,250,0,1146950
NIFTY-II.NFO,10/09/2024,09:41:16,25127.25,25127.25,25,25128.25,250,0,1146950
NIFTY-II.NFO,10/09/2024,09:41:17,25127.25,25127.25,25,25128.5,250,0,1146950
NIFTY-II.NFO,10/09/2024,09:41:19,25129,25127.25,25,25130.5,100,200,1146950
NIFTY-II.NFO,10/09/2024,09:41:21,25129,25127.25,25,25128.8,150,0,1146950
NIFTY-II.NFO,10/09/2024,09:41:22,25127.25,25123.25,125,25128.6,100,25,1146950
NIFTY-II.NFO,10/09/2024,09:41:24,25123.25,25123,25,25127.6,100,100,1146950
NIFTY-II.NFO,10/09/2024,09:41:26,25123.25,25123.45,125,25128.8,100,0,1146950
NIFTY-II.NFO,10/09/2024,09:41:27,25123.25,25123.1,125,25128.3,50,0,1146950
NIFTY-II.NFO,10/09/2024,09:41:29,25123.25,25124.4,125,25129.35,50,0,1146950
NIFTY-II.NFO,10/09/2024,09:41:31,25129,25123.65,125,25129.25,100,25,1146950
NIFTY-II.NFO,10/09/2024,09:41:32,25129.75,25123,25,25127.85,100,500,1146950
NIFTY-II.NFO,10/09/2024,09:41:34,25123.25,25123,25,25125.45,100,25,1146950
NIFTY-II.NFO,10/09/2024,09:41:36,25123,25121.8,100,25124.85,100,25,1146950
NIFTY-II.NFO,10/09/2024,09:41:37,25123,25122.05,50,25126.95,100,0,1146950
NIFTY-II.NFO,10/09/2024,09:41:39,25123,25121.8,100,25125.3,100,0,1146950
NIFTY-II.NFO,10/09/2024,09:41:42,25123,25121.8,100,25125.7,100,0,1146950
NIFTY-II.NFO,10/09/2024,09:41:46,25127.25,25123,50,25126.75,300,1000,1146950
NIFTY-II.NFO,10/09/2024,09:41:47,25127.25,25123.95,100,25128.5,25,0,1146950
NIFTY-II.NFO,10/09/2024,09:41:49,25127.25,25125.2,175,25128.5,25,0,1146950
NIFTY-II.NFO,10/09/2024,09:41:51,25127.25,25124.85,175,25128.5,25,0,1146950
NIFTY-II.NFO,10/09/2024,09:41:52,25127.25,25124.25,100,25128.5,25,0,1146950
NIFTY-II.NFO,10/09/2024,09:41:54,25127.25,25125.05,25,25130.1,50,0,1146950
NIFTY-II.NFO,10/09/2024,09:41:56,25127.25,25124.5,175,25129.5,75,0,1146950
NIFTY-II.NFO,10/09/2024,09:41:57,25127.25,25127.25,50,25129.55,50,0,1146950
NIFTY-II.NFO,10/09/2024,09:41:59,25121.85,25122.1,50,25125,75,225,1146950
NIFTY-II.NFO,10/09/2024,09:42:01,25125,25122.55,150,25125,50,25,1146950
NIFTY-II.NFO,10/09/2024,09:42:02,25125,25125,150,25129.95,25,50,1146950
NIFTY-II.NFO,10/09/2024,09:42:04,25125,25124.85,150,25128,25,0,1146950
NIFTY-II.NFO,10/09/2024,09:42:06,25125,25125.1,150,25128,25,0,1146950
NIFTY-II.NFO,10/09/2024,09:42:07,25125.2,25124.15,125,25128,25,25,1146950
NIFTY-II.NFO,10/09/2024,09:42:09,25125.2,25124.05,125,25128,25,0,1146950
NIFTY-II.NFO,10/09/2024,09:42:11,25125.2,25123.25,125,25128,25,0,1146950
NIFTY-II.NFO,10/09/2024,09:42:12,25129.25,25124,100,25128.4,25,400,1146950
NIFTY-II.NFO,10/09/2024,09:42:14,25129.25,25121.85,175,25127.6,50,0,1146950
NIFTY-II.NFO,10/09/2024,09:42:16,25129.25,25121.95,175,25126.5,25,0,1146950
NIFTY-II.NFO,10/09/2024,09:42:19,25119.95,25116.05,50,25120.95,25,1225,1146950
NIFTY-II.NFO,10/09/2024,09:42:19,25116.2,25116.05,50,25120.95,25,0,1146950
NIFTY-II.NFO,10/09/2024,09:42:21,25121.65,25116.15,175,25120.95,25,100,1146950
NIFTY-II.NFO,10/09/2024,09:42:22,25121.65,25119.4,175,25123.95,75,0,1146950
NIFTY-II.NFO,10/09/2024,09:42:24,25121.65,25117.2,100,25121.95,25,0,1146950
NIFTY-II.NFO,10/09/2024,09:42:26,25122.55,25117.95,100,25122.9,25,25,1146950
NIFTY-II.NFO,10/09/2024,09:42:27,25122.55,25120.55,125,25125.6,25,0,1146950
NIFTY-II.NFO,10/09/2024,09:42:29,25122.55,25120.2,175,25124.9,25,0,1146950
NIFTY-II.NFO,10/09/2024,09:42:31,25122.55,25120.3,175,25125.7,25,0,1146950
NIFTY-II.NFO,10/09/2024,09:42:32,25125.5,25121.6,125,25126.45,75,100,1146950
NIFTY-II.NFO,10/09/2024,09:42:34,25122.2,25122.3,175,25127.4,25,25,1146950
NIFTY-II.NFO,10/09/2024,09:42:36,25127.05,25122.25,75,25126.65,25,50,1146950
NIFTY-II.NFO,10/09/2024,09:42:37,25126.25,25122.4,50,25126.65,25,50,1146950
NIFTY-II.NFO,10/09/2024,09:42:39,25126.25,25125.15,175,25129.4,75,0,1146950
NIFTY-II.NFO,10/09/2024,09:42:41,25130.15,25125.1,150,25130.2,25,50,1146950
NIFTY-II.NFO,10/09/2024,09:42:42,25130.25,25126.15,50,25130.3,25,75,1146950
NIFTY-II.NFO,10/09/2024,09:42:44,25130.25,25126.1,50,25130.15,25,0,1146950
NIFTY-II.NFO,10/09/2024,09:42:46,25130.25,25127.7,50,25131,25,0,1146950
NIFTY-II.NFO,10/09/2024,09:42:47,25130.25,25128.35,100,25131,25,0,1146950
NIFTY-II.NFO,10/09/2024,09:42:49,25130.25,25128.95,50,25131,25,0,1146950
NIFTY-II.NFO,10/09/2024,09:42:51,25130.25,25128.3,100,25131,25,0,1146950
NIFTY-II.NFO,10/09/2024,09:42:52,25131,25129.35,175,25132.5,25,25,1150425
NIFTY-II.NFO,10/09/2024,09:42:54,25129.75,25130.25,50,25132.9,25,25,1150425
NIFTY-II.NFO,10/09/2024,09:42:56,25129.75,25129.75,100,25132.85,25,0,1150425
NIFTY-II.NFO,10/09/2024,09:42:57,25129.7,25129.1,100,25132.85,25,25,1150425
NIFTY-II.NFO,10/09/2024,09:42:59,25132.8,25128.6,75,25132.85,50,25,1150425
NIFTY-II.NFO,10/09/2024,09:43:01,25132.8,25128.7,100,25133.3,25,0,1150425
NIFTY-II.NFO,10/09/2024,09:43:02,25130.25,25131.35,225,25135,75,75,1150425
NIFTY-II.NFO,10/09/2024,09:43:04,25132.8,25130.85,100,25134.1,25,50,1150425
NIFTY-II.NFO,10/09/2024,09:43:06,25132.8,25131.1,100,25134.1,25,0,1150425
NIFTY-II.NFO,10/09/2024,09:43:07,25132.8,25130.7,100,25134.1,25,0,1150425
NIFTY-II.NFO,10/09/2024,09:43:09,25132.8,25132.05,25,25135,75,0,1150425
NIFTY-II.NFO,10/09/2024,09:43:11,25132.8,25130.65,100,25135,75,0,1150425
NIFTY-II.NFO,10/09/2024,09:43:12,25132.8,25127.9,100,25133.2,100,0,1150425
NIFTY-II.NFO,10/09/2024,09:43:14,25131.8,25127.2,50,25131.8,25,25,1150425
NIFTY-II.NFO,10/09/2024,09:43:16,25131.8,25127.45,50,25131.95,25,0,1150425
NIFTY-II.NFO,10/09/2024,09:43:17,25133.3,25128.35,50,25133.25,50,200,1150425
NIFTY-II.NFO,10/09/2024,09:43:19,25133.3,25131.35,50,25135,100,0,1150425
NIFTY-II.NFO,10/09/2024,09:43:21,25133.3,25132.7,50,25135,100,0,1150425
NIFTY-II.NFO,10/09/2024,09:43:22,25133.3,25132.65,50,25135,100,0,1150425
NIFTY-II.NFO,10/09/2024,09:43:27,25135,25132.35,50,25135,25,75,1150425
NIFTY-II.NFO,10/09/2024,09:43:29,25135,25132,50,25135,25,0,1150425
NIFTY-II.NFO,10/09/2024,09:43:31,25135,25132.4,125,25135,25,0,1150425
NIFTY-II.NFO,10/09/2024,09:43:32,25135,25131.05,50,25135,25,0,1150425
NIFTY-II.NFO,10/09/2024,09:43:34,25135,25131,50,25135,25,0,1150425
NIFTY-II.NFO,10/09/2024,09:43:36,25135,25132.25,50,25135,25,0,1150425
NIFTY-II.NFO,10/09/2024,09:43:37,25135,25131.75,50,25135,25,0,1150425
NIFTY-II.NFO,10/09/2024,09:43:41,25135,25131.15,100,25135,25,0,1150425
NIFTY-II.NFO,10/09/2024,09:43:42,25135,25130.8,100,25135,25,0,1150425
NIFTY-II.NFO,10/09/2024,09:43:44,25135,25131.2,50,25135,25,0,1150425
NIFTY-II.NFO,10/09/2024,09:43:46,25135,25131.6,50,25135.5,25,25,1150425
NIFTY-II.NFO,10/09/2024,09:43:47,25130.2,25130,25,25134.7,25,25,1150425
NIFTY-II.NFO,10/09/2024,09:43:49,25130.05,25130,25,25134.3,50,25,1150425
NIFTY-II.NFO,10/09/2024,09:43:51,25130.05,25130,25,25133.15,50,0,1150425
NIFTY-II.NFO,10/09/2024,09:43:52,25130.05,25130.05,25,25131.15,50,0,1150425
NIFTY-II.NFO,10/09/2024,09:43:54,25130,25122.4,100,25128.6,125,50,1150425
NIFTY-II.NFO,10/09/2024,09:43:56,25130,25120.25,25,25125.35,50,0,1150425
NIFTY-II.NFO,10/09/2024,09:43:57,25130,25120.3,175,25124.9,50,0,1150425
NIFTY-II.NFO,10/09/2024,09:43:59,25130,25120.45,100,25125.8,50,0,1150425
NIFTY-II.NFO,10/09/2024,09:44:01,25125.8,25122.9,150,25128,50,50,1150425
NIFTY-II.NFO,10/09/2024,09:44:02,25125.8,25124.05,25,25128.95,50,0,1150425
NIFTY-II.NFO,10/09/2024,09:44:04,25125.8,25125.1,100,25130,25,0,1150425
NIFTY-II.NFO,10/09/2024,09:44:06,25125.8,25125.05,25,25129.95,50,0,1150425
NIFTY-II.NFO,10/09/2024,09:44:07,25125.8,25123.55,75,25128.85,50,0,1150425
NIFTY-II.NFO,10/09/2024,09:44:09,25125.8,25124.2,50,25129.7,25,0,1150425
NIFTY-II.NFO,10/09/2024,09:44:11,25125.8,25123.55,50,25128.65,100,0,1150425
NIFTY-II.NFO,10/09/2024,09:44:12,25125.8,25121.2,75,25126.4,50,0,1150425
NIFTY-II.NFO,10/09/2024,09:44:14,25125.8,25121,25,25123.3,25,0,1150425
NIFTY-II.NFO,10/09/2024,09:44:16,25125.8,25121.45,50,25123.3,25,0,1150425
NIFTY-II.NFO,10/09/2024,09:44:17,25125.8,25121.7,100,25123.3,25,0,1150425
NIFTY-II.NFO,10/09/2024,09:44:19,25125.8,25121.9,100,25123.3,25,0,1150425
NIFTY-II.NFO,10/09/2024,09:44:21,25125.8,25125.8,125,25126.4,75,125,1150425
NIFTY-II.NFO,10/09/2024,09:44:22,25125.8,25125.8,100,25126.45,25,25,1150425
NIFTY-II.NFO,10/09/2024,09:44:26,25125.8,25125.95,25,25126.45,25,0,1150425
NIFTY-II.NFO,10/09/2024,09:44:27,25125.8,25125.95,25,25126.85,25,0,1150425
NIFTY-II.NFO,10/09/2024,09:44:29,25126.85,25125.95,25,25127.6,25,25,1150425
NIFTY-II.NFO,10/09/2024,09:44:31,25126.85,25125.95,25,25130,100,0,1150425
NIFTY-II.NFO,10/09/2024,09:44:32,25129,25125.95,25,25128.95,25,50,1150425
NIFTY-II.NFO,10/09/2024,09:44:34,25129,25125.95,25,25128.15,125,0,1150425
NIFTY-II.NFO,10/09/2024,09:44:36,25125.95,25125.8,125,25127.65,125,25,1150425
NIFTY-II.NFO,10/09/2024,09:44:37,25125.95,25125.8,125,25127.3,25,0,1150425
NIFTY-II.NFO,10/09/2024,09:44:39,25125.95,25125.8,125,25127.55,50,0,1150425
NIFTY-II.NFO,10/09/2024,09:44:41,25125.95,25125.95,75,25127.1,75,125,1150425
NIFTY-II.NFO,10/09/2024,09:44:42,25121.05,25121,25,25125.7,25,125,1150425
NIFTY-II.NFO,10/09/2024,09:44:44,25121.05,25121,25,25123.85,25,0,1150425
NIFTY-II.NFO,10/09/2024,09:44:47,25121.05,25121.8,100,25124.85,75,0,1150425
NIFTY-II.NFO,10/09/2024,09:44:49,25121.05,25121.15,100,25125.95,50,0,1150425
NIFTY-II.NFO,10/09/2024,09:44:50,25121.05,25122,25,25125.2,25,0,1150425
NIFTY-II.NFO,10/09/2024,09:44:52,25121.05,25122,25,25124.95,25,0,1150425
NIFTY-II.NFO,10/09/2024,09:44:54,25121.05,25122,25,25124.35,25,0,1150425
NIFTY-II.NFO,10/09/2024,09:44:55,25121.05,25122,25,25125.35,25,0,1150425
NIFTY-II.NFO,10/09/2024,09:44:57,25121.05,25122,25,25125.2,25,0,1150425
NIFTY-II.NFO,10/09/2024,09:44:59,25121.05,25122,25,25125.9,25,0,1150425
NIFTY-II.NFO,10/09/2024,09:45:01,25122,25122.05,100,25125.95,25,25,1150425
NIFTY-II.NFO,10/09/2024,09:45:02,25122,25122.85,175,25125.95,25,0,1150425
NIFTY-II.NFO,10/09/2024,09:45:04,25122,25123.55,225,25125.95,25,0,1150425
NIFTY-II.NFO,10/09/2024,09:45:06,25122,25122.3,175,25125.95,25,0,1150425
NIFTY-II.NFO,10/09/2024,09:45:07,25122,25121.25,25,25125.9,25,0,1150425
NIFTY-II.NFO,10/09/2024,09:45:09,25122,25121.3,100,25124.95,50,0,1150425
NIFTY-II.NFO,10/09/2024,09:45:11,25124.95,25121.25,25,25125.6,25,25,1150425
NIFTY-II.NFO,10/09/2024,09:45:12,25125.35,25121.25,25,25124.65,50,25,1150425
NIFTY-II.NFO,10/09/2024,09:45:14,25121.25,25121.05,100,25121.25,100,25,1150425
NIFTY-II.NFO,10/09/2024,09:45:16,25120.15,25120,100,25124.3,50,475,1150425
NIFTY-II.NFO,10/09/2024,09:45:17,25120.15,25120,100,25124.55,100,0,1150425
NIFTY-II.NFO,10/09/2024,09:45:19,25120,25120,75,25122.8,50,25,1150425
NIFTY-II.NFO,10/09/2024,09:45:21,25120,25120,100,25123.3,75,0,1150425
NIFTY-II.NFO,10/09/2024,09:45:22,25120,25120,100,25122,25,0,1150425
NIFTY-II.NFO,10/09/2024,09:45:24,25122.15,25118,50,25121.5,50,175,1150425
NIFTY-II.NFO,10/09/2024,09:45:26,25122.15,25118,50,25119.75,50,0,1150425
NIFTY-II.NFO,10/09/2024,09:45:27,25122.15,25118,50,25119.55,50,0,1150425
NIFTY-II.NFO,10/09/2024,09:45:29,25122.15,25118,50,25121,25,0,1150425
NIFTY-II.NFO,10/09/2024,09:45:31,25121,25118,50,25120.9,25,25,1150425
NIFTY-II.NFO,10/09/2024,09:45:32,25121,25118,50,25122.35,25,0,1150425
NIFTY-II.NFO,10/09/2024,09:45:34,25121,25118,50,25121.55,25,0,1150425
NIFTY-II.NFO,10/09/2024,09:45:36,25121,25118,50,25120.9,150,0,1150425
NIFTY-II.NFO,10/09/2024,09:45:37,25121,25118,50,25120.1,25,0,1150425
NIFTY-II.NFO,10/09/2024,09:45:39,25120.1,25118,50,25120.05,25,25,1150425
NIFTY-II.NFO,10/09/2024,09:45:41,25120.1,25118,125,25123,150,0,1150425
NIFTY-II.NFO,10/09/2024,09:45:44,25120.1,25118,50,25122.9,100,0,1150425
NIFTY-II.NFO,10/09/2024,09:45:46,25120.1,25118,50,25119.7,50,0,1150425
NIFTY-II.NFO,10/09/2024,09:45:47,25120.1,25118,50,25119.95,100,0,1150425
NIFTY-II.NFO,10/09/2024,09:45:49,25117,25116,25,25119.15,100,75,1150425
NIFTY-II.NFO,10/09/2024,09:45:51,25117,25116,25,25120.05,100,0,1150425
NIFTY-II.NFO,10/09/2024,09:45:52,25117,25116,25,25120.4,50,0,1150425
NIFTY-II.NFO,10/09/2024,09:45:54,25117,25116,25,25119.65,50,0,1150425
NIFTY-II.NFO,10/09/2024,09:45:56,25117,25116,25,25120.15,100,0,1150425
NIFTY-II.NFO,10/09/2024,09:45:57,25117,25116,25,25120.4,100,0,1150425
NIFTY-II.NFO,10/09/2024,09:45:59,25117,25116,25,25121.3,100,0,1150425
NIFTY-II.NFO,10/09/2024,09:46:01,25117,25116.8,200,25121.6,50,0,1150425
NIFTY-II.NFO,10/09/2024,09:46:02,25117,25116,100,25121.35,100,25,1150225
NIFTY-II.NFO,10/09/2024,09:46:04,25117,25116.05,25,25118.9,100,0,1150225
NIFTY-II.NFO,10/09/2024,09:46:06,25116.65,25116,25,25119.95,100,75,1150225
NIFTY-II.NFO,10/09/2024,09:46:06,25116.05,25116,25,25119.95,100,0,1150225
NIFTY-II.NFO,10/09/2024,09:46:07,25116.65,25116,25,25120.75,125,0,1150225
NIFTY-II.NFO,10/09/2024,09:46:09,25116.65,25116,25,25119.65,100,0,1150225
NIFTY-II.NFO,10/09/2024,09:46:11,25116.65,25116,25,25119.05,100,0,1150225
NIFTY-II.NFO,10/09/2024,09:46:12,25116.65,25116,25,25118.6,100,0,1150225
NIFTY-II.NFO,10/09/2024,09:46:14,25116.65,25116.65,25,25120.75,100,0,1150225
NIFTY-II.NFO,10/09/2024,09:46:16,25116.65,25116.65,25,25118.95,25,0,1150225
NIFTY-II.NFO,10/09/2024,09:46:17,25116,25115,25,25118.95,25,50,1150225
NIFTY-II.NFO,10/09/2024,09:46:17,25116,25115,25,25118.95,25,0,1150225
NIFTY-II.NFO,10/09/2024,09:46:19,25116,25115,25,25118.7,50,0,1150225
NIFTY-II.NFO,10/09/2024,09:46:21,25115,25113.95,125,25119.55,100,50,1150225
NIFTY-II.NFO,10/09/2024,09:46:21,25115,25113.95,125,25119.55,100,0,1150225
NIFTY-II.NFO,10/09/2024,09:46:22,25115,25113.55,125,25118.8,100,0,1150225
NIFTY-II.NFO,10/09/2024,09:46:24,25117.95,25113.5,25,25117.9,100,25,1150225
NIFTY-II.NFO,10/09/2024,09:46:26,25117.95,25113.5,25,25116.75,100,0,1150225
NIFTY-II.NFO,10/09/2024,09:46:27,25117.95,25113.5,25,25116.7,100,0,1150225
NIFTY-II.NFO,10/09/2024,09:46:29,25113.5,25111,50,25114,75,50,1150225
NIFTY-II.NFO,10/09/2024,09:46:29,25113.5,25111,50,25114,75,0,1150225
NIFTY-II.NFO,10/09/2024,09:46:31,25113.5,25111,50,25114.85,100,0,1150225
NIFTY-II.NFO,10/09/2024,09:46:32,25111,25110.05,25,25112.6,50,50,1150225
NIFTY-II.NFO,10/09/2024,09:46:32,25111,25110.05,25,25112.6,50,0,1150225
NIFTY-II.NFO,10/09/2024,09:46:34,25107.65,25106,25,25107.65,100,650,1150225
NIFTY-II.NFO,10/09/2024,09:46:34,25107.65,25106,25,25107.65,100,0,1150225
NIFTY-II.NFO,10/09/2024,09:46:36,25103.45,25103.25,50,25108.15,100,100,1150225
NIFTY-II.NFO,10/09/2024,09:46:36,25103.45,25103.25,50,25108.15,100,0,1150225
NIFTY-II.NFO,10/09/2024,09:46:37,25103.45,25104.75,25,25110.2,100,0,1150225
NIFTY-II.NFO,10/09/2024,09:46:39,25103.45,25103.25,50,25107.1,100,0,1150225
NIFTY-II.NFO,10/09/2024,09:46:41,25103.45,25103.3,25,25108.3,100,0,1150225
NIFTY-II.NFO,10/09/2024,09:46:42,25103.45,25103.25,50,25103.45,1250,0,1150225
NIFTY-II.NFO,10/09/2024,09:46:44,25103.45,25103.25,25,25103.45,1200,75,1150225
NIFTY-II.NFO,10/09/2024,09:46:44,25103.25,25103.25,25,25103.45,1200,0,1150225
NIFTY-II.NFO,10/09/2024,09:46:46,25103.25,25102,125,25103.45,1200,25,1150225
NIFTY-II.NFO,10/09/2024,09:46:47,25103.25,25102.05,100,25103.45,1200,0,1150225
NIFTY-II.NFO,10/09/2024,09:46:49,25102.35,25102.7,100,25103.45,1200,25,1150225
NIFTY-II.NFO,10/09/2024,09:46:49,25102.35,25102.7,100,25103.45,1200,0,1150225
NIFTY-II.NFO,10/09/2024,09:46:51,25103.45,25105,50,25108.5,25,1200,1150225
NIFTY-II.NFO,10/09/2024,09:46:52,25103.45,25105,50,25108.45,100,0,1150225
NIFTY-II.NFO,10/09/2024,09:46:54,25103.45,25105.55,50,25111,100,0,1150225
NIFTY-II.NFO,10/09/2024,09:46:56,25103.45,25105,50,25106.45,50,0,1150225
NIFTY-II.NFO,10/09/2024,09:46:57,25103.45,25105,50,25107.7,50,0,1150225
NIFTY-II.NFO,10/09/2024,09:46:59,25105.05,25105,50,25106.95,50,25,1150225
NIFTY-II.NFO,10/09/2024,09:47:01,25105,25105,25,25107.6,50,25,1150225
NIFTY-II.NFO,10/09/2024,09:47:02,25105,25104,125,25108.45,50,25,1150225
NIFTY-II.NFO,10/09/2024,09:47:04,25105,25104.9,50,25110.15,50,0,1150225
NIFTY-II.NFO,10/09/2024,09:47:06,25105,25109.05,25,25113.25,25,0,1150225
NIFTY-II.NFO,10/09/2024,09:47:07,25105,25105.5,125,25111,50,0,1150225
NIFTY-II.NFO,10/09/2024,09:47:09,25110.25,25107.35,175,25111.2,50,25,1150225
NIFTY-II.NFO,10/09/2024,09:47:11,25110.25,25107.35,125,25112.35,50,0,1150225
NIFTY-II.NFO,10/09/2024,09:47:12,25110.25,25108.8,75,25112.95,25,0,1150225
NIFTY-II.NFO,10/09/2024,09:47:14,25110.25,25108.65,75,25112.95,25,0,1150225
NIFTY-II.NFO,10/09/2024,09:47:16,25110.25,25109.15,100,25114.5,100,0,1150225
NIFTY-II.NFO,10/09/2024,09:47:17,25110.25,25107.25,125,25112.35,50,0,1150225
NIFTY-II.NFO,10/09/2024,09:47:19,25110.25,25107.25,125,25112.45,100,0,1150225
NIFTY-II.NFO,10/09/2024,09:47:21,25112,25107.25,125,25112.15,100,25,1150225
NIFTY-II.NFO,10/09/2024,09:47:22,25112,25106.9,125,25111.7,100,0,1150225
NIFTY-II.NFO,10/09/2024,09:47:24,25112,25107.3,125,25112.3,75,0,1150225
NIFTY-II.NFO,10/09/2024,09:47:26,25112,25105.5,125,25109.8,50,0,1150225
NIFTY-II.NFO,10/09/2024,09:47:27,25105.6,25105,25,25109.6,100,25,1150225
NIFTY-II.NFO,10/09/2024,09:47:29,25108.65,25105,25,25108.3,50,25,1150225
NIFTY-II.NFO,10/09/2024,09:47:31,25108.3,25105,25,25108.3,50,25,1150225
NIFTY-II.NFO,10/09/2024,09:47:32,25108.3,25105,25,25108.4,75,0,1150225
NIFTY-II.NFO,10/09/2024,09:47:34,25108.3,25105,50,25109.65,100,0,1150225
NIFTY-II.NFO,10/09/2024,09:47:36,25108.3,25105,50,25107.5,100,0,1150225
NIFTY-II.NFO,10/09/2024,09:47:37,25105,25103.05,125,25108.7,100,50,1150225
NIFTY-II.NFO,10/09/2024,09:47:39,25106.35,25102,50,25106.65,100,25,1150225
NIFTY-II.NFO,10/09/2024,09:47:41,25106.35,25102,50,25106.15,25,0,1150225
NIFTY-II.NFO,10/09/2024,09:47:42,25105.05,25105.05,25,25105.95,250,25,1150225
NIFTY-II.NFO,10/09/2024,09:47:44,25102,25101.2,25,25101.65,50,1350,1150225
NIFTY-II.NFO,10/09/2024,09:47:44,25102,25101.2,25,25101.65,50,0,1150225
NIFTY-II.NFO,10/09/2024,09:47:46,25102.8,25100,525,25102.8,100,350,1150225
NIFTY-II.NFO,10/09/2024,09:47:46,25100,25100,525,25102.8,100,0,1150225
NIFTY-II.NFO,10/09/2024,09:47:47,25099.15,25095,75,25099.15,75,550,1150225
NIFTY-II.NFO,10/09/2024,09:47:47,25099.15,25095,75,25099.15,75,0,1150225
NIFTY-II.NFO,10/09/2024,09:47:49,25095,25095.35,100,25100.25,50,25,1150225
NIFTY-II.NFO,10/09/2024,09:47:49,25095,25095.35,100,25100.25,50,0,1150225
NIFTY-II.NFO,10/09/2024,09:47:51,25095,25095.6,100,25100.3,75,0,1150225
NIFTY-II.NFO,10/09/2024,09:47:52,25100.35,25096.8,75,25100.35,25,75,1150225
NIFTY-II.NFO,10/09/2024,09:47:54,25100.35,25095,50,25099.65,100,0,1150225
NIFTY-II.NFO,10/09/2024,09:47:56,25093.05,25094.8,100,25099.6,100,275,1150225
NIFTY-II.NFO,10/09/2024,09:47:56,25093.05,25094.8,100,25099.6,100,0,1150225
NIFTY-II.NFO,10/09/2024,09:47:57,25093.05,25094.75,125,25099.85,25,0,1150225
NIFTY-II.NFO,10/09/2024,09:47:59,25093.05,25094.85,100,25099.8,100,0,1150225
NIFTY-II.NFO,10/09/2024,09:48:01,25097.5,25097.15,50,25100.7,25,25,1150225
NIFTY-II.NFO,10/09/2024,09:48:02,25100.7,25097.25,125,25102.85,100,25,1150225
NIFTY-II.NFO,10/09/2024,09:48:04,25100.7,25098.85,125,25103.45,25,0,1150225
NIFTY-II.NFO,10/09/2024,09:48:06,25100.7,25100.25,225,25105.15,100,0,1150225
NIFTY-II.NFO,10/09/2024,09:48:07,25100.7,25101.1,50,25105.5,25,0,1150225
NIFTY-II.NFO,10/09/2024,09:48:09,25105.4,25100.65,50,25105.5,100,250,1150225
NIFTY-II.NFO,10/09/2024,09:48:11,25105.4,25097.85,100,25102.55,100,0,1150225
NIFTY-II.NFO,10/09/2024,09:48:12,25100.3,25099.6,50,25105.35,100,150,1150225
NIFTY-II.NFO,10/09/2024,09:48:14,25099.1,25098.1,75,25103.15,100,25,1150225
NIFTY-II.NFO,10/09/2024,09:48:16,25099.1,25098.75,75,25103.15,100,0,1150225
NIFTY-II.NFO,10/09/2024,09:48:17,25099.1,25098.4,225,25103.55,100,0,1150225
NIFTY-II.NFO,10/09/2024,09:48:19,25099.1,25100,50,25104.8,50,0,1150225
NIFTY-II.NFO,10/09/2024,09:48:21,25099.1,25100.05,50,25105.3,100,0,1150225
NIFTY-II.NFO,10/09/2024,09:48:22,25099.1,25101.9,125,25107.8,100,0,1150225
NIFTY-II.NFO,10/09/2024,09:48:24,25099.1,25102.4,50,25107.4,100,0,1150225
NIFTY-II.NFO,10/09/2024,09:48:26,25099.1,25100.75,225,25105.95,100,0,1150225
NIFTY-II.NFO,10/09/2024,09:48:27,25099.1,25100.35,50,25105.6,100,0,1150225
NIFTY-II.NFO,10/09/2024,09:48:29,25099.1,25102.25,50,25106.9,125,0,1150225
NIFTY-II.NFO,10/09/2024,09:48:31,25099.1,25102.25,275,25107.9,100,0,1150225
NIFTY-II.NFO,10/09/2024,09:48:32,25104.45,25104.5,125,25108.3,1250,150,1150225
NIFTY-II.NFO,10/09/2024,09:48:34,25108.3,25107.4,25,25108.3,1225,25,1150225
NIFTY-II.NFO,10/09/2024,09:48:36,25100.5,25103.25,50,25108.3,1225,5600,1150225
NIFTY-II.NFO,10/09/2024,09:48:37,25100.5,25103.25,50,25108.25,75,0,1150225
NIFTY-II.NFO,10/09/2024,09:48:39,25108.05,25103.1,25,25108.05,175,25,1150225
NIFTY-II.NFO,10/09/2024,09:48:41,25108.05,25102.6,25,25107.85,100,0,1150225
NIFTY-II.NFO,10/09/2024,09:48:42,25108.05,25101.7,25,25105.9,125,0,1150225
NIFTY-II.NFO,10/09/2024,09:48:44,25105.95,25100.05,25,25105.25,125,25,1150225
NIFTY-II.NFO,10/09/2024,09:48:46,25100,25100,75,25102.65,150,500,1150225
NIFTY-II.NFO,10/09/2024,09:48:47,25103.6,25100,175,25103.6,25,50,1150225
NIFTY-II.NFO,10/09/2024,09:48:49,25100,25100.05,25,25104.75,50,25,1150225
NIFTY-II.NFO,10/09/2024,09:48:51,25100,25103,225,25105.25,175,0,1150225
NIFTY-II.NFO,10/09/2024,09:48:52,25105.45,25103,225,25105.1,25,25,1147375
NIFTY-II.NFO,10/09/2024,09:48:54,25105.45,25103,225,25104.8,175,0,1147375
NIFTY-II.NFO,10/09/2024,09:48:56,25103,25103,200,25105,50,75,1147375
NIFTY-II.NFO,10/09/2024,09:48:57,25103,25103,200,25105.95,225,0,1147375
NIFTY-II.NFO,10/09/2024,09:48:59,25103,25103,200,25106.4,175,0,1147375
NIFTY-II.NFO,10/09/2024,09:49:01,25103,25103,200,25106.1,175,0,1147375
NIFTY-II.NFO,10/09/2024,09:49:02,25106.15,25103,200,25106.5,125,250,1147375
NIFTY-II.NFO,10/09/2024,09:49:04,25106.1,25103,200,25104.35,125,500,1147375
NIFTY-II.NFO,10/09/2024,09:49:06,25106.1,25103,200,25103.85,125,0,1147375
NIFTY-II.NFO,10/09/2024,09:49:07,25106.1,25103,200,25106.9,125,0,1147375
NIFTY-II.NFO,10/09/2024,09:49:09,25103,25100.6,175,25103,300,200,1147375
NIFTY-II.NFO,10/09/2024,09:49:11,25103,25100.05,100,25103,300,0,1147375
NIFTY-II.NFO,10/09/2024,09:49:14,25103,25100.1,100,25103,300,0,1147375
NIFTY-II.NFO,10/09/2024,09:49:16,25103,25100,175,25103,250,50,1147375
NIFTY-II.NFO,10/09/2024,09:49:17,25103,25100.25,175,25103,250,0,1147375
NIFTY-II.NFO,10/09/2024,09:49:19,25100,25100,150,25102,50,25,1147375
NIFTY-II.NFO,10/09/2024,09:49:21,25095.4,25095.65,75,25100.75,50,1250,1147375
NIFTY-II.NFO,10/09/2024,09:49:23,25095.4,25098.05,100,25103,250,0,1147375
NIFTY-II.NFO,10/09/2024,09:49:24,25095.4,25098.3,125,25103,250,0,1147375
NIFTY-II.NFO,10/09/2024,09:49:26,25098.8,25099.3,50,25103,250,250,1147375
NIFTY-II.NFO,10/09/2024,09:49:28,25100.15,25097.95,125,25103,250,25,1147375
NIFTY-II.NFO,10/09/2024,09:49:29,25102.9,25096.45,125,25101.55,50,50,1147375
NIFTY-II.NFO,10/09/2024,09:49:31,25101.65,25094.65,100,25100.65,75,75,1147375
NIFTY-II.NFO,10/09/2024,09:49:33,25100.7,25096,50,25101.7,175,50,1147375
NIFTY-II.NFO,10/09/2024,09:49:34,25100.7,25096.2,50,25102.25,150,0,1147375
NIFTY-II.NFO,10/09/2024,09:49:36,25100.7,25095.5,50,25101.3,175,0,1147375
NIFTY-II.NFO,10/09/2024,09:49:38,25094.2,25093.5,50,25099.4,125,75,1147375
NIFTY-II.NFO,10/09/2024,09:49:39,25094.2,25093.1,50,25096.6,50,0,1147375
NIFTY-II.NFO,10/09/2024,09:49:41,25094.2,25093.1,50,25094.3,50,0,1147375
NIFTY-II.NFO,10/09/2024,09:49:43,25096.55,25093.1,50,25095.6,50,25,1147375
NIFTY-II.NFO,10/09/2024,09:49:44,25096.55,25093.1,50,25094.35,175,0,1147375
NIFTY-II.NFO,10/09/2024,09:49:46,25093,25092,50,25093,100,75,1147375
NIFTY-II.NFO,10/09/2024,09:49:46,25093,25092,50,25093,100,0,1147375
NIFTY-II.NFO,10/09/2024,09:49:47,25093,25092,50,25094.75,225,25,1147375
NIFTY-II.NFO,10/09/2024,09:49:49,25094.6,25092,50,25094.55,100,25,1147375
NIFTY-II.NFO,10/09/2024,09:49:51,25095.4,25092,50,25094.75,175,25,1147375
NIFTY-II.NFO,10/09/2024,09:49:52,25095.4,25092,50,25095.4,150,50,1147375
NIFTY-II.NFO,10/09/2024,09:49:54,25095.4,25092.65,50,25097.7,200,0,1147375
NIFTY-II.NFO,10/09/2024,09:49:56,25095.4,25092,50,25096.2,200,0,1147375
NIFTY-II.NFO,10/09/2024,09:49:57,25095.4,25092.7,50,25097.7,150,0,1147375
NIFTY-II.NFO,10/09/2024,09:49:59,25095.4,25092.3,100,25097.15,75,0,1147375
NIFTY-II.NFO,10/09/2024,09:50:01,25095.4,25096.2,25,25099.6,150,0,1147375
NIFTY-II.NFO,10/09/2024,09:50:02,25095.4,25096.2,25,25098.75,75,0,1147375
NIFTY-II.NFO,10/09/2024,09:50:04,25095.4,25096.2,25,25099.95,75,0,1147375
NIFTY-II.NFO,10/09/2024,09:50:06,25095.4,25096.2,50,25098.75,125,0,1147375
NIFTY-II.NFO,10/09/2024,09:50:07,25096.2,25096.2,25,25098.4,75,25,1147375
NIFTY-II.NFO,10/09/2024,09:50:09,25096.2,25096.2,25,25097.85,75,0,1147375
NIFTY-II.NFO,10/09/2024,09:50:11,25096.2,25093,25,25096.9,150,25,1147375
NIFTY-II.NFO,10/09/2024,09:50:12,25096.2,25093.05,50,25098.6,75,0,1147375
NIFTY-II.NFO,10/09/2024,09:50:14,25096.2,25093,25,25096.65,150,0,1147375
NIFTY-II.NFO,10/09/2024,09:50:16,25096.2,25094,25,25096.65,200,0,1147375
NIFTY-II.NFO,10/09/2024,09:50:17,25096.2,25094,25,25095,100,0,1147375
NIFTY-II.NFO,10/09/2024,09:50:21,25094,25093,50,25095,100,25,1147375
NIFTY-II.NFO,10/09/2024,09:50:22,25095,25095.1,50,25099.95,75,100,1147375
NIFTY-II.NFO,10/09/2024,09:50:24,25095,25093.05,100,25097.35,50,0,1147375
NIFTY-II.NFO,10/09/2024,09:50:26,25098.45,25096.1,25,25099.25,50,25,1147375
NIFTY-II.NFO,10/09/2024,09:50:27,25099.4,25095.05,50,25099.6,25,50,1147375
NIFTY-II.NFO,10/09/2024,09:50:29,25099.4,25095.25,100,25099.85,100,0,1147375
NIFTY-II.NFO,10/09/2024,09:50:31,25098,25096.8,50,25101.95,25,25,1147375
NIFTY-II.NFO,10/09/2024,09:50:32,25100,25099.55,100,25104.45,75,25,1147375
NIFTY-II.NFO,10/09/2024,09:50:34,25100,25099.3,50,25103.65,25,0,1147375
NIFTY-II.NFO,10/09/2024,09:50:36,25100,25096.75,50,25102,100,0,1147375
NIFTY-II.NFO,10/09/2024,09:50:37,25096.75,25095.75,50,25100.7,25,25,1147375
NIFTY-II.NFO,10/09/2024,09:50:39,25102.1,25100,25,25102.6,100,25,1147375
NIFTY-II.NFO,10/09/2024,09:50:41,25102.1,25100,25,25102.85,300,0,1147375
NIFTY-II.NFO,10/09/2024,09:50:42,25102.85,25100.05,50,25104.35,25,50,1147375
NIFTY-II.NFO,10/09/2024,09:50:44,25102.85,25100,25,25104.2,150,0,1147375
NIFTY-II.NFO,10/09/2024,09:50:46,25102.85,25100,25,25104.2,75,0,1147375
NIFTY-II.NFO,10/09/2024,09:50:47,25102.85,25100.05,50,25104.35,25,0,1147375
NIFTY-II.NFO,10/09/2024,09:50:51,25104.35,25103.05,50,25105,100,25,1147375
NIFTY-II.NFO,10/09/2024,09:50:52,25104.35,25103.8,50,25105,100,0,1147375
NIFTY-II.NFO,10/09/2024,09:50:54,25105,25104.45,25,25106,100,100,1147375
NIFTY-II.NFO,10/09/2024,09:50:56,25105,25105.35,50,25106,100,0,1147375
NIFTY-II.NFO,10/09/2024,09:50:57,25106,25106.1,50,25108,200,100,1147375
NIFTY-II.NFO,10/09/2024,09:50:59,25108,25106.75,50,25110,25,225,1147375
NIFTY-II.NFO,10/09/2024,09:51:01,25108,25105.45,50,25109.95,75,0,1147375
NIFTY-II.NFO,10/09/2024,09:51:02,25108,25106.1,50,25110,25,0,1147375
NIFTY-II.NFO,10/09/2024,09:51:04,25110,25106.15,50,25111,25,25,1147375
NIFTY-II.NFO,10/09/2024,09:51:06,25110,25106.8,50,25111,25,0,1147375
NIFTY-II.NFO,10/09/2024,09:51:07,25110,25106.55,50,25111,25,0,1147375
NIFTY-II.NFO,10/09/2024,09:51:09,25110,25105.4,50,25110.4,275,25,1147375
NIFTY-II.NFO,10/09/2024,09:51:11,25109.4,25104.45,25,25107.8,225,25,1147375
NIFTY-II.NFO,10/09/2024,09:51:12,25107.85,25104.45,25,25107.75,250,50,1147375
NIFTY-II.NFO,10/09/2024,09:51:14,25107.85,25104.45,25,25108.3,250,0,1147375
NIFTY-II.NFO,10/09/2024,09:51:16,25108.3,25107,25,25107.65,200,50,1147375
NIFTY-II.NFO,10/09/2024,09:51:17,25104.45,25105.1,50,25110,25,50,1147375
NIFTY-II.NFO,10/09/2024,09:51:19,25104.45,25107.15,50,25110,25,0,1147375
NIFTY-II.NFO,10/09/2024,09:51:21,25104.45,25106.35,50,25110,25,0,1147375
NIFTY-II.NFO,10/09/2024,09:51:22,25104.45,25106.6,50,25110,25,0,1147375
NIFTY-II.NFO,10/09/2024,09:51:24,25104.45,25106.35,50,25110,25,0,1147375
NIFTY-II.NFO,10/09/2024,09:51:27,25104.45,25105.5,50,25110,25,0,1147375
NIFTY-II.NFO,10/09/2024,09:51:29,25104.45,25104.85,50,25109.5,25,0,1147375
NIFTY-II.NFO,10/09/2024,09:51:31,25104.45,25104.45,75,25109.2,275,0,1147375
NIFTY-II.NFO,10/09/2024,09:51:32,25104.45,25104.45,75,25106.6,200,0,1147375
NIFTY-II.NFO,10/09/2024,09:51:34,25104.45,25104.45,75,25108.3,275,0,1147375
NIFTY-II.NFO,10/09/2024,09:51:36,25104.45,25104.45,75,25107.5,275,0,1147375
NIFTY-II.NFO,10/09/2024,09:51:37,25104.45,25104.45,75,25107.1,50,0,1147375
NIFTY-II.NFO,10/09/2024,09:51:39,25104.45,25104.45,75,25105.7,50,0,1147375
NIFTY-II.NFO,10/09/2024,09:51:41,25104.45,25102,25,25102.9,50,75,1147375
NIFTY-II.NFO,10/09/2024,09:51:42,25104.45,25102,25,25103.75,125,0,1147375
NIFTY-II.NFO,10/09/2024,09:51:44,25104.45,25102,25,25105.2,50,0,1147375
NIFTY-II.NFO,10/09/2024,09:51:46,25105,25100,75,25104.85,175,25,1147375
NIFTY-II.NFO,10/09/2024,09:51:47,25105,25100,75,25103.25,125,0,1147375
NIFTY-II.NFO,10/09/2024,09:51:49,25104.45,25100,75,25104.4,50,75,1147375
NIFTY-II.NFO,10/09/2024,09:51:51,25104.45,25100,75,25104.75,125,0,1147375
NIFTY-II.NFO,10/09/2024,09:51:52,25104.45,25100,75,25101.9,125,0,1147375
NIFTY-II.NFO,10/09/2024,09:51:54,25104.45,25100,175,25102.35,50,0,1147375
NIFTY-II.NFO,10/09/2024,09:51:56,25103.7,25100,175,25103.9,350,25,1148275
NIFTY-II.NFO,10/09/2024,09:51:57,25103.7,25100,175,25103.3,50,0,1148275
NIFTY-II.NFO,10/09/2024,09:51:59,25103.7,25100.05,25,25105.25,50,0,1148275
NIFTY-II.NFO,10/09/2024,09:52:00,25100.05,25100.05,25,25105.45,100,25,1148275
NIFTY-II.NFO,10/09/2024,09:52:02,25100.05,25100,175,25104.9,50,0,1148275
NIFTY-II.NFO,10/09/2024,09:52:04,25100.05,25100,175,25103.7,50,0,1148275
NIFTY-II.NFO,10/09/2024,09:52:05,25100.05,25100,175,25103.05,75,0,1148275
NIFTY-II.NFO,10/09/2024,09:52:07,25104.5,25101.95,50,25107.35,175,200,1148275
NIFTY-II.NFO,10/09/2024,09:52:09,25109.1,25103.65,50,25108.95,100,50,1148275
NIFTY-II.NFO,10/09/2024,09:52:10,25109.1,25102.9,100,25108.5,150,0,1148275
NIFTY-II.NFO,10/09/2024,09:52:12,25109.1,25102.65,50,25107.95,125,0,1148275
NIFTY-II.NFO,10/09/2024,09:52:14,25109.1,25103.45,50,25108.5,75,0,1148275
NIFTY-II.NFO,10/09/2024,09:52:15,25109.1,25102.65,50,25108.25,125,0,1148275
NIFTY-II.NFO,10/09/2024,09:52:17,25109.1,25101.95,100,25107.85,125,0,1148275
NIFTY-II.NFO,10/09/2024,09:52:19,25101.95,25102.45,100,25107.7,100,25,1148275
NIFTY-II.NFO,10/09/2024,09:52:20,25101.95,25102.95,100,25108.35,100,0,1148275
NIFTY-II.NFO,10/09/2024,09:52:22,25101.95,25106.05,25,25110,25,0,1148275
NIFTY-II.NFO,10/09/2024,09:52:23,25101.95,25107.4,50,25110,25,0,1148275
NIFTY-II.NFO,10/09/2024,09:52:25,25101.95,25107.1,100,25110,25,0,1148275
NIFTY-II.NFO,10/09/2024,09:52:27,25109.1,25104,50,25109.15,25,150,1148275
NIFTY-II.NFO,10/09/2024,09:52:28,25109.1,25104.5,100,25109.4,100,0,1148275
NIFTY-II.NFO,10/09/2024,09:52:30,25109.1,25104.05,100,25108.55,25,0,1148275
NIFTY-II.NFO,10/09/2024,09:52:32,25109.1,25104.95,100,25109.55,25,0,1148275
