Ticker,Date,Time,LTP,BuyPrice,BuyQty,SellPrice,SellQty,LTQ,OpenInterest
BANKNIFTY-II.NFO,20/05/2025,09:15:01,55795,55797,120,55850.6,120,210,0
BANKNIFTY-II.NFO,20/05/2025,09:15:01,55794.8,55797,120,55850.6,120,0,0
BANKNIFTY-II.NFO,20/05/2025,09:15:01,55795,55797,120,55850.6,120,0,0
BANKNIFTY-II.NFO,20/05/2025,09:15:01,55794.8,55797,120,55850.6,120,0,0
BANKNIFTY-II.NFO,20/05/2025,09:15:02,55794.8,55774.6,120,55839.6,120,0,424560
BANKNIFTY-II.NFO,20/05/2025,09:15:03,55783,55764.8,120,55789,30,240,424560
BANKNIFTY-II.NFO,20/05/2025,09:15:03,55804.8,55764.8,120,55789,30,0,424560
BANKNIFTY-II.NFO,20/05/2025,09:15:03,55764.6,55764.8,120,55789,30,0,424560
BANKNIFTY-II.NFO,20/05/2025,09:15:04,55765.4,55769.8,90,55794,30,90,424560
BANKNIFTY-II.NFO,20/05/2025,09:15:05,55799.6,55767.4,120,55794.8,30,90,424560
BANKNIFTY-II.NFO,20/05/2025,09:15:06,55823.2,55786.6,120,55822.4,150,60,424560
BANKNIFTY-II.NFO,20/05/2025,09:15:06,55823.2,55786.6,120,55822.4,150,0,424560
BANKNIFTY-II.NFO,20/05/2025,09:15:07,55806.8,55802.6,120,55840,120,90,424560
BANKNIFTY-II.NFO,20/05/2025,09:15:08,55807.4,55805.2,120,55839.6,120,30,424560
BANKNIFTY-II.NFO,20/05/2025,09:15:09,55807.4,55806,120,55839.6,120,0,424560
BANKNIFTY-II.NFO,20/05/2025,09:15:10,55839.6,55804.8,180,55839.6,60,90,424560
BANKNIFTY-II.NFO,20/05/2025,09:15:10,55839.6,55804.8,180,55839.6,60,0,424560
BANKNIFTY-II.NFO,20/05/2025,09:15:11,55835,55840.4,120,55860.4,120,240,424560
BANKNIFTY-II.NFO,20/05/2025,09:15:12,55835,55834.8,120,55860,120,0,424560
BANKNIFTY-II.NFO,20/05/2025,09:15:13,55823.6,55833.8,120,55859.6,120,30,424560
BANKNIFTY-II.NFO,20/05/2025,09:15:14,55832,55839.4,60,55864,120,30,424560
BANKNIFTY-II.NFO,20/05/2025,09:15:15,55832,55841,60,55879.4,120,0,424560
BANKNIFTY-II.NFO,20/05/2025,09:15:17,55838.2,55846.4,90,55867.8,120,30,424560
BANKNIFTY-II.NFO,20/05/2025,09:15:18,55838.2,55830.4,60,55859.4,120,0,424560
BANKNIFTY-II.NFO,20/05/2025,09:15:19,55830.6,55808.2,60,55847.8,120,60,424560
BANKNIFTY-II.NFO,20/05/2025,09:15:20,55830.6,55821.4,60,55847.8,120,0,424560
BANKNIFTY-II.NFO,20/05/2025,09:15:22,55830.6,55821.8,90,55847.8,120,0,424560
BANKNIFTY-II.NFO,20/05/2025,09:15:23,55830.6,55825.8,90,55847.8,120,30,424560
BANKNIFTY-II.NFO,20/05/2025,09:15:24,55830.6,55837.4,90,55859.4,120,0,424560
BANKNIFTY-II.NFO,20/05/2025,09:15:25,55859.4,55833.4,60,55859.4,90,30,424560
BANKNIFTY-II.NFO,20/05/2025,09:15:25,55859.4,55833.4,60,55859.4,90,0,424560
BANKNIFTY-II.NFO,20/05/2025,09:15:26,55859.4,55833.2,60,55846,150,0,424560
BANKNIFTY-II.NFO,20/05/2025,09:15:28,55833.2,55810.8,90,55833.4,120,60,424560
BANKNIFTY-II.NFO,20/05/2025,09:15:29,55833.2,55800.2,60,55823.8,180,0,424560
BANKNIFTY-II.NFO,20/05/2025,09:15:30,55827.6,55800.6,90,55833.2,120,90,424560
BANKNIFTY-II.NFO,20/05/2025,09:15:31,55805.4,55805.8,120,55829.6,180,180,424560
BANKNIFTY-II.NFO,20/05/2025,09:15:32,55830,55813,30,55826.8,90,30,425070
BANKNIFTY-II.NFO,20/05/2025,09:15:34,55830,55801.2,150,55826.8,150,0,425070
BANKNIFTY-II.NFO,20/05/2025,09:15:35,55830,55807.4,120,55830,120,0,425070
BANKNIFTY-II.NFO,20/05/2025,09:15:36,55818,55800.2,120,55823.2,180,60,425070
BANKNIFTY-II.NFO,20/05/2025,09:15:37,55826.2,55806.8,120,55832.2,30,600,425070
BANKNIFTY-II.NFO,20/05/2025,09:15:39,55843.2,55822,120,55848.6,30,60,425070
BANKNIFTY-II.NFO,20/05/2025,09:15:40,55843.2,55824.4,180,55849.8,60,0,425070
BANKNIFTY-II.NFO,20/05/2025,09:15:41,55843.2,55829.8,150,55849.6,90,0,425070
BANKNIFTY-II.NFO,20/05/2025,09:15:42,55843.2,55831,150,55849.6,30,0,425070
BANKNIFTY-II.NFO,20/05/2025,09:15:43,55843.2,55836.6,150,55850,30,0,425070
BANKNIFTY-II.NFO,20/05/2025,09:15:45,55850,55824.8,120,55853.8,30,30,425070
BANKNIFTY-II.NFO,20/05/2025,09:15:46,55850,55821,120,55849.2,30,0,425070
BANKNIFTY-II.NFO,20/05/2025,09:15:47,55850,55809,120,55838.8,60,0,425070
BANKNIFTY-II.NFO,20/05/2025,09:15:48,55850,55814.4,150,55836.6,30,0,425070
BANKNIFTY-II.NFO,20/05/2025,09:15:50,55850,55817,120,55836.6,30,0,425070
BANKNIFTY-II.NFO,20/05/2025,09:15:51,55850,55814.8,120,55836.6,30,0,425070
BANKNIFTY-II.NFO,20/05/2025,09:15:52,55850,55820.8,150,55836.6,30,0,425070
BANKNIFTY-II.NFO,20/05/2025,09:15:53,55836.6,55820.6,60,55836,60,30,425070
BANKNIFTY-II.NFO,20/05/2025,09:15:54,55843.2,55822.2,120,55844.8,60,30,425070
BANKNIFTY-II.NFO,20/05/2025,09:15:56,55843.2,55824.6,120,55844.8,60,0,425070
BANKNIFTY-II.NFO,20/05/2025,09:15:57,55843.2,55827.8,210,55849.8,30,0,425070
BANKNIFTY-II.NFO,20/05/2025,09:15:58,55828.6,55828.8,120,55849.6,30,30,425070
BANKNIFTY-II.NFO,20/05/2025,09:15:59,55828.6,55836.6,30,55849.6,30,0,425070
BANKNIFTY-II.NFO,20/05/2025,09:16:01,55828.6,55841,210,55849.8,30,0,425070
BANKNIFTY-II.NFO,20/05/2025,09:16:02,55841.8,55842.2,90,55850,30,60,425070
BANKNIFTY-II.NFO,20/05/2025,09:16:03,55850.2,55845.6,150,55854,30,90,425070
BANKNIFTY-II.NFO,20/05/2025,09:16:04,55854,55855.6,120,55873.4,30,30,425070
BANKNIFTY-II.NFO,20/05/2025,09:16:05,55859,55857.4,150,55875,30,30,425070
BANKNIFTY-II.NFO,20/05/2025,09:16:07,55858,55853.6,150,55874.8,30,30,425070
BANKNIFTY-II.NFO,20/05/2025,09:16:08,55874.6,55849.6,150,55874.6,90,30,425070
BANKNIFTY-II.NFO,20/05/2025,09:16:08,55874.6,55849.6,150,55874.6,90,0,425070
BANKNIFTY-II.NFO,20/05/2025,09:16:09,55874.6,55847.8,120,55865.8,90,0,425070
BANKNIFTY-II.NFO,20/05/2025,09:16:10,55847.6,55841.8,30,55862.8,90,90,425070
BANKNIFTY-II.NFO,20/05/2025,09:16:12,55847.6,55842,120,55860.6,30,0,425070
BANKNIFTY-II.NFO,20/05/2025,09:16:13,55847.6,55842.4,120,55863.6,30,0,425070
BANKNIFTY-II.NFO,20/05/2025,09:16:14,55847.6,55846.2,150,55865.8,30,0,425070
BANKNIFTY-II.NFO,20/05/2025,09:16:15,55847.6,55847.2,150,55865.8,30,0,425070
BANKNIFTY-II.NFO,20/05/2025,09:16:17,55871,55861.2,120,55871,30,180,425070
BANKNIFTY-II.NFO,20/05/2025,09:16:18,55875,55862.4,120,55875,30,60,425070
BANKNIFTY-II.NFO,20/05/2025,09:16:18,55875,55862.4,120,55875,30,0,425070
BANKNIFTY-II.NFO,20/05/2025,09:16:19,55875,55861,120,55874,30,0,425070
BANKNIFTY-II.NFO,20/05/2025,09:16:20,55875,55861.8,150,55874,30,0,425070
BANKNIFTY-II.NFO,20/05/2025,09:16:22,55861,55855,120,55873.8,30,30,425070
BANKNIFTY-II.NFO,20/05/2025,09:16:23,55861,55857.6,150,55873.8,30,0,425070
BANKNIFTY-II.NFO,20/05/2025,09:16:24,55857.6,55863.6,150,55874,30,30,425070
BANKNIFTY-II.NFO,20/05/2025,09:16:25,55857.6,55863.6,150,55874,30,0,425070
BANKNIFTY-II.NFO,20/05/2025,09:16:27,55874,55870.2,120,55875,30,30,425070
BANKNIFTY-II.NFO,20/05/2025,09:16:28,55875.6,55870.8,120,55886.6,30,60,425070
BANKNIFTY-II.NFO,20/05/2025,09:16:28,55875.6,55870.8,120,55886.6,30,0,425070
BANKNIFTY-II.NFO,20/05/2025,09:16:29,55875.6,55870.6,60,55886.2,90,0,425070
BANKNIFTY-II.NFO,20/05/2025,09:16:30,55886.8,55865,120,55884.8,30,300,425070
BANKNIFTY-II.NFO,20/05/2025,09:16:30,55886.8,55865,120,55884.8,30,0,425070
BANKNIFTY-II.NFO,20/05/2025,09:16:32,55884.6,55874.8,150,55888,120,30,425070
BANKNIFTY-II.NFO,20/05/2025,09:16:33,55888,55874.4,90,55888,60,90,425070
BANKNIFTY-II.NFO,20/05/2025,09:16:33,55888,55874.4,90,55888,60,0,425070
BANKNIFTY-II.NFO,20/05/2025,09:16:34,55888,55874.4,120,55888,60,0,425070
BANKNIFTY-II.NFO,20/05/2025,09:16:35,55875.6,55874.4,120,55888,60,30,425070
BANKNIFTY-II.NFO,20/05/2025,09:16:37,55875,55870.2,150,55887.8,30,60,425070
BANKNIFTY-II.NFO,20/05/2025,09:16:38,55875,55870.2,120,55887.6,30,0,425070
BANKNIFTY-II.NFO,20/05/2025,09:16:40,55875,55870,30,55887.6,30,0,425070
BANKNIFTY-II.NFO,20/05/2025,09:16:42,55875,55870,30,55887.2,30,0,425070
BANKNIFTY-II.NFO,20/05/2025,09:16:43,55884.6,55870,30,55878.4,30,90,425070
BANKNIFTY-II.NFO,20/05/2025,09:16:44,55870,55851.8,150,55875.8,60,30,425070
BANKNIFTY-II.NFO,20/05/2025,09:16:45,55870,55852.8,120,55875.6,30,0,425070
BANKNIFTY-II.NFO,20/05/2025,09:16:47,55870,55853.2,120,55881.4,30,0,425070
BANKNIFTY-II.NFO,20/05/2025,09:16:48,55870,55853,150,55873.8,30,0,425070
BANKNIFTY-II.NFO,20/05/2025,09:16:49,55873.8,55853,150,55874,60,30,425070
BANKNIFTY-II.NFO,20/05/2025,09:16:50,55873.8,55853,150,55876.2,60,0,425070
BANKNIFTY-II.NFO,20/05/2025,09:16:52,55873.8,55850.6,150,55872.8,60,0,425070
BANKNIFTY-II.NFO,20/05/2025,09:16:53,55873.8,55850.2,120,55870,60,0,425070
BANKNIFTY-II.NFO,20/05/2025,09:16:55,55873.8,55850,30,55865.2,60,0,425070
BANKNIFTY-II.NFO,20/05/2025,09:16:57,55873.8,55850,30,55861.2,90,0,425070
BANKNIFTY-II.NFO,20/05/2025,09:16:58,55850,55833.2,150,55852.4,60,60,425070
BANKNIFTY-II.NFO,20/05/2025,09:16:59,55850,55830.2,150,55849.8,90,0,425070
BANKNIFTY-II.NFO,20/05/2025,09:17:00,55850,55830.2,30,55856.6,30,0,425070
BANKNIFTY-II.NFO,20/05/2025,09:17:02,55828.6,55821.8,150,55844,30,30,425070
BANKNIFTY-II.NFO,20/05/2025,09:17:03,55828.6,55827.8,120,55855.6,60,0,425070
BANKNIFTY-II.NFO,20/05/2025,09:17:04,55828.6,55828.8,30,55853.2,60,0,425070
BANKNIFTY-II.NFO,20/05/2025,09:17:06,55828.6,55821.6,60,55844.8,60,0,425070
BANKNIFTY-II.NFO,20/05/2025,09:17:07,55828.6,55826,120,55843.6,60,0,425070
BANKNIFTY-II.NFO,20/05/2025,09:17:08,55828.6,55818.6,120,55839.8,60,0,425070
BANKNIFTY-II.NFO,20/05/2025,09:17:09,55828.6,55827.4,210,55845.4,30,0,425070
BANKNIFTY-II.NFO,20/05/2025,09:17:11,55828.6,55821.4,120,55843.8,60,0,425070
BANKNIFTY-II.NFO,20/05/2025,09:17:12,55828.6,55814.6,150,55834.6,30,0,425070
BANKNIFTY-II.NFO,20/05/2025,09:17:13,55828.6,55808.8,150,55831,60,0,425070
BANKNIFTY-II.NFO,20/05/2025,09:17:14,55828.6,55805.8,150,55814.6,30,0,425070
BANKNIFTY-II.NFO,20/05/2025,09:17:16,55814.6,55809,120,55832.8,60,30,425070
BANKNIFTY-II.NFO,20/05/2025,09:17:17,55832.8,55819,30,55828.6,30,30,425070
BANKNIFTY-II.NFO,20/05/2025,09:17:18,55819,55806.8,150,55828.6,90,60,425070
BANKNIFTY-II.NFO,20/05/2025,09:17:19,55819,55810.6,30,55825.4,60,0,425070
BANKNIFTY-II.NFO,20/05/2025,09:17:21,55819,55813.4,30,55827.8,60,0,425070
BANKNIFTY-II.NFO,20/05/2025,09:17:22,55822.2,55800.8,120,55825,60,30,425070
BANKNIFTY-II.NFO,20/05/2025,09:17:23,55822.2,55800.8,120,55820.6,60,0,425070
BANKNIFTY-II.NFO,20/05/2025,09:17:24,55822.2,55796.4,150,55815,60,0,425070
BANKNIFTY-II.NFO,20/05/2025,09:17:26,55822.2,55792.2,150,55810.6,60,0,425070
BANKNIFTY-II.NFO,20/05/2025,09:17:27,55822.2,55792.2,150,55817.6,60,0,425070
BANKNIFTY-II.NFO,20/05/2025,09:17:28,55815,55793.6,120,55819.6,30,30,425070
BANKNIFTY-II.NFO,20/05/2025,09:17:29,55819.6,55795.8,120,55822.8,60,30,425070
BANKNIFTY-II.NFO,20/05/2025,09:17:31,55819.6,55800.2,150,55823.8,60,0,425070
BANKNIFTY-II.NFO,20/05/2025,09:17:32,55819.6,55800.6,120,55822,60,0,425070
BANKNIFTY-II.NFO,20/05/2025,09:17:33,55819.6,55800.2,30,55812,300,0,425070
BANKNIFTY-II.NFO,20/05/2025,09:17:34,55819.6,55802.2,30,55814.2,300,0,425070
BANKNIFTY-II.NFO,20/05/2025,09:17:36,55819.6,55804.2,30,55819.2,30,0,425070
BANKNIFTY-II.NFO,20/05/2025,09:17:37,55819.6,55804.2,30,55816.8,30,0,425070
BANKNIFTY-II.NFO,20/05/2025,09:17:38,55813.2,55801,30,55813.4,60,30,425070
BANKNIFTY-II.NFO,20/05/2025,09:17:39,55801,55788.2,150,55813,60,630,425070
BANKNIFTY-II.NFO,20/05/2025,09:17:41,55804,55788,60,55800.4,150,90,425070
BANKNIFTY-II.NFO,20/05/2025,09:17:42,55804,55788.2,120,55805.6,30,0,425070
BANKNIFTY-II.NFO,20/05/2025,09:17:43,55804,55788,60,55805.6,30,30,425070
BANKNIFTY-II.NFO,20/05/2025,09:17:44,55800,55788,60,55801.8,150,30,425070
BANKNIFTY-II.NFO,20/05/2025,09:17:46,55800,55788.2,150,55806.8,300,0,425070
BANKNIFTY-II.NFO,20/05/2025,09:17:47,55799.4,55788.2,150,55806.4,30,30,425070
BANKNIFTY-II.NFO,20/05/2025,09:17:48,55799.4,55788,60,55806.4,30,0,425070
BANKNIFTY-II.NFO,20/05/2025,09:17:49,55799.4,55788,60,55800.8,150,0,425070
BANKNIFTY-II.NFO,20/05/2025,09:17:51,55799.4,55788,60,55802.4,30,0,425070
BANKNIFTY-II.NFO,20/05/2025,09:17:52,55788,55780,30,55798.4,150,60,425070
BANKNIFTY-II.NFO,20/05/2025,09:17:53,55788,55794,30,55797.6,300,0,425070
BANKNIFTY-II.NFO,20/05/2025,09:17:54,55794,55788,30,55794.4,30,30,425070
BANKNIFTY-II.NFO,20/05/2025,09:17:56,55794,55788,30,55798.2,300,0,425070
BANKNIFTY-II.NFO,20/05/2025,09:17:57,55794,55788,30,55799.6,30,0,425070
BANKNIFTY-II.NFO,20/05/2025,09:17:59,55794,55788.2,120,55799.6,30,0,425070
BANKNIFTY-II.NFO,20/05/2025,09:18:01,55794,55788,30,55799.6,30,0,425070
BANKNIFTY-II.NFO,20/05/2025,09:18:02,55788,55780,30,55793.2,30,30,425070
BANKNIFTY-II.NFO,20/05/2025,09:18:03,55788,55780,30,55791.4,30,0,425070
BANKNIFTY-II.NFO,20/05/2025,09:18:04,55788,55780,30,55790.8,150,0,425070
BANKNIFTY-II.NFO,20/05/2025,09:18:05,55791.4,55780,30,55789.6,90,30,425070
BANKNIFTY-II.NFO,20/05/2025,09:18:07,55791.4,55780,30,55785.8,150,0,425070
BANKNIFTY-II.NFO,20/05/2025,09:18:08,55779,55774,60,55787.2,30,90,425070
BANKNIFTY-II.NFO,20/05/2025,09:18:09,55789,55774.2,120,55789,30,60,425070
BANKNIFTY-II.NFO,20/05/2025,09:18:10,55770.8,55767.2,150,55786.6,30,300,425070
BANKNIFTY-II.NFO,20/05/2025,09:18:12,55770.8,55776,30,55783,30,0,425070
BANKNIFTY-II.NFO,20/05/2025,09:18:13,55770.8,55776,30,55785.8,30,0,425070
BANKNIFTY-II.NFO,20/05/2025,09:18:15,55770.8,55776.2,120,55785.8,30,0,425070
BANKNIFTY-II.NFO,20/05/2025,09:18:18,55770.8,55776.2,150,55785.8,30,0,425070
BANKNIFTY-II.NFO,20/05/2025,09:18:19,55785.8,55776.2,150,55788,30,30,425070
BANKNIFTY-II.NFO,20/05/2025,09:18:20,55785.8,55782.2,120,55789.8,30,0,425070
BANKNIFTY-II.NFO,20/05/2025,09:18:22,55785.8,55782.4,120,55789.8,30,0,425070
BANKNIFTY-II.NFO,20/05/2025,09:18:23,55785.8,55784.4,210,55789.8,30,0,425070
BANKNIFTY-II.NFO,20/05/2025,09:18:24,55785.8,55780.6,120,55789.8,30,0,425070
BANKNIFTY-II.NFO,20/05/2025,09:18:25,55785.8,55776.4,120,55789.8,30,0,425070
BANKNIFTY-II.NFO,20/05/2025,09:18:27,55785.8,55776.2,120,55789.8,30,0,425070
BANKNIFTY-II.NFO,20/05/2025,09:18:28,55785.8,55776,30,55789.6,120,0,425070
BANKNIFTY-II.NFO,20/05/2025,09:18:29,55785.8,55785.8,30,55789.8,30,0,425070
BANKNIFTY-II.NFO,20/05/2025,09:18:33,55785.8,55776,30,55789.8,30,30,425490
BANKNIFTY-II.NFO,20/05/2025,09:18:34,55785.8,55776.2,120,55789.8,30,0,425490
BANKNIFTY-II.NFO,20/05/2025,09:18:35,55785.8,55779.4,120,55789.8,30,0,425490
BANKNIFTY-II.NFO,20/05/2025,09:18:37,55785.8,55779.8,120,55789.8,30,0,425490
BANKNIFTY-II.NFO,20/05/2025,09:18:38,55785.8,55785.8,30,55789.8,30,0,425490
BANKNIFTY-II.NFO,20/05/2025,09:18:39,55785.8,55785.8,30,55789,90,0,425490
BANKNIFTY-II.NFO,20/05/2025,09:18:40,55785.8,55785.8,30,55789,90,30,425490
BANKNIFTY-II.NFO,20/05/2025,09:18:42,55785.8,55776,30,55788,30,90,425490
BANKNIFTY-II.NFO,20/05/2025,09:18:43,55785.8,55776,30,55787.8,120,30,425490
BANKNIFTY-II.NFO,20/05/2025,09:18:44,55785.8,55776,30,55788,30,0,425490
BANKNIFTY-II.NFO,20/05/2025,09:18:45,55785.8,55776,30,55784.8,120,0,425490
BANKNIFTY-II.NFO,20/05/2025,09:18:47,55785.8,55776,30,55782.8,180,0,425490
BANKNIFTY-II.NFO,20/05/2025,09:18:48,55776.2,55767,30,55771.6,150,90,425490
BANKNIFTY-II.NFO,20/05/2025,09:18:49,55776.2,55767,30,55773.2,90,0,425490
BANKNIFTY-II.NFO,20/05/2025,09:18:50,55776.2,55767,30,55771.4,120,0,425490
BANKNIFTY-II.NFO,20/05/2025,09:18:52,55771.4,55767,30,55772.4,60,60,425490
BANKNIFTY-II.NFO,20/05/2025,09:18:53,55771.4,55767,30,55775,90,0,425490
BANKNIFTY-II.NFO,20/05/2025,09:18:54,55771.4,55767,30,55770,30,0,425490
BANKNIFTY-II.NFO,20/05/2025,09:18:55,55767,55766,30,55769.4,60,30,425490
BANKNIFTY-II.NFO,20/05/2025,09:18:57,55767,55768,30,55770,30,0,425490
BANKNIFTY-II.NFO,20/05/2025,09:18:59,55766,55762,30,55770,30,60,425490
BANKNIFTY-II.NFO,20/05/2025,09:19:00,55762,55760,30,55764.8,60,30,425490
BANKNIFTY-II.NFO,20/05/2025,09:19:00,55762,55760,30,55764.8,60,0,425490
BANKNIFTY-II.NFO,20/05/2025,09:19:02,55759,55752.2,30,55752.6,60,60,425490
BANKNIFTY-II.NFO,20/05/2025,09:19:02,55759,55752.2,30,55752.6,60,0,425490
BANKNIFTY-II.NFO,20/05/2025,09:19:03,55759,55752.4,120,55767.4,90,0,425490
BANKNIFTY-II.NFO,20/05/2025,09:19:04,55759,55753.2,120,55767.8,30,0,425490
BANKNIFTY-II.NFO,20/05/2025,09:19:05,55768,55762.4,120,55776,30,30,425490
BANKNIFTY-II.NFO,20/05/2025,09:19:07,55768,55757.4,150,55775.8,60,0,425490
BANKNIFTY-II.NFO,20/05/2025,09:19:08,55768,55752.4,150,55774.2,60,0,425490
BANKNIFTY-II.NFO,20/05/2025,09:19:09,55752.4,55758,150,55775.8,60,30,425490
BANKNIFTY-II.NFO,20/05/2025,09:19:09,55752.4,55758,150,55775.8,60,0,425490
BANKNIFTY-II.NFO,20/05/2025,09:19:10,55752.4,55752.4,120,55772.4,120,0,425490
BANKNIFTY-II.NFO,20/05/2025,09:19:12,55752.4,55756.6,150,55775.8,60,0,425490
BANKNIFTY-II.NFO,20/05/2025,09:19:13,55752.4,55752.4,150,55773.4,90,0,425490
BANKNIFTY-II.NFO,20/05/2025,09:19:14,55760,55757.4,210,55778,30,60,425490
BANKNIFTY-II.NFO,20/05/2025,09:19:16,55760,55757.6,150,55776,60,0,425490
BANKNIFTY-II.NFO,20/05/2025,09:19:17,55760,55763.2,150,55777.8,30,0,425490
BANKNIFTY-II.NFO,20/05/2025,09:19:18,55758.2,55759,150,55777.8,30,60,425490
BANKNIFTY-II.NFO,20/05/2025,09:19:19,55758.2,55761,150,55777.8,30,0,425490
BANKNIFTY-II.NFO,20/05/2025,09:19:21,55758.2,55760.4,150,55777.8,30,0,425490
BANKNIFTY-II.NFO,20/05/2025,09:19:22,55758.2,55753.8,150,55770.8,60,0,425490
BANKNIFTY-II.NFO,20/05/2025,09:19:23,55758.2,55753,150,55777,60,0,425490
BANKNIFTY-II.NFO,20/05/2025,09:19:24,55758.2,55760.4,30,55767.6,60,0,425490
BANKNIFTY-II.NFO,20/05/2025,09:19:25,55758.2,55763.4,120,55775,60,0,425490
BANKNIFTY-II.NFO,20/05/2025,09:19:27,55758.2,55761.4,180,55766,30,0,425490
BANKNIFTY-II.NFO,20/05/2025,09:19:28,55758.2,55760.4,30,55766,30,0,425490
BANKNIFTY-II.NFO,20/05/2025,09:19:29,55758.2,55760.6,120,55766,30,0,425490
BANKNIFTY-II.NFO,20/05/2025,09:19:30,55758.2,55760.6,120,55765.4,60,0,425490
BANKNIFTY-II.NFO,20/05/2025,09:19:32,55758.2,55760.6,120,55766,30,0,425490
BANKNIFTY-II.NFO,20/05/2025,09:19:34,55758.2,55760.4,30,55766,30,0,425490
BANKNIFTY-II.NFO,20/05/2025,09:19:35,55766,55760.4,30,55768.4,60,30,425490
BANKNIFTY-II.NFO,20/05/2025,09:19:37,55766,55760.4,60,55765.4,60,0,425490
BANKNIFTY-II.NFO,20/05/2025,09:19:38,55766,55760.4,60,55761.6,60,0,425490
BANKNIFTY-II.NFO,20/05/2025,09:19:39,55760.4,55758.4,120,55770.6,60,60,425490
BANKNIFTY-II.NFO,20/05/2025,09:19:40,55760.4,55760.6,120,55768.4,60,0,425490
BANKNIFTY-II.NFO,20/05/2025,09:19:42,55760.4,55760.4,30,55766,90,0,425490
BANKNIFTY-II.NFO,20/05/2025,09:19:44,55766,55763.2,30,55766,60,60,425490
BANKNIFTY-II.NFO,20/05/2025,09:19:45,55766,55763.2,30,55765.8,30,0,425490
BANKNIFTY-II.NFO,20/05/2025,09:19:48,55763.2,55757,30,55765.8,30,30,425490
BANKNIFTY-II.NFO,20/05/2025,09:19:49,55752,55752.2,120,55765.8,30,150,425490
BANKNIFTY-II.NFO,20/05/2025,09:19:49,55752,55752.2,120,55765.8,30,0,425490
BANKNIFTY-II.NFO,20/05/2025,09:19:50,55752,55752.2,120,55765.8,30,0,425490
BANKNIFTY-II.NFO,20/05/2025,09:19:52,55752,55754.2,210,55765.8,30,0,425490
BANKNIFTY-II.NFO,20/05/2025,09:19:53,55765.8,55752,30,55765.2,90,120,425490
BANKNIFTY-II.NFO,20/05/2025,09:19:54,55765.8,55752,30,55765.8,60,0,425490
BANKNIFTY-II.NFO,20/05/2025,09:19:55,55765.8,55752,60,55760,30,0,425490
BANKNIFTY-II.NFO,20/05/2025,09:19:58,55765.8,55752,60,55759.8,60,0,425490
BANKNIFTY-II.NFO,20/05/2025,09:19:59,55752,55750,90,55757.6,30,60,425490
BANKNIFTY-II.NFO,20/05/2025,09:20:00,55750,55743,30,55751.8,30,90,425490
BANKNIFTY-II.NFO,20/05/2025,09:20:00,55750,55743,30,55751.8,30,0,425490
BANKNIFTY-II.NFO,20/05/2025,09:20:02,55750,55743,30,55751.6,60,0,425490
BANKNIFTY-II.NFO,20/05/2025,09:20:03,55743,55731.6,120,55750.8,60,30,425490
BANKNIFTY-II.NFO,20/05/2025,09:20:03,55743,55731.6,120,55750.8,60,0,425490
BANKNIFTY-II.NFO,20/05/2025,09:20:04,55743,55735.4,150,55751.8,30,0,425490
BANKNIFTY-II.NFO,20/05/2025,09:20:05,55743,55731.6,150,55749,30,0,425490
BANKNIFTY-II.NFO,20/05/2025,09:20:07,55743,55735.2,210,55751.8,30,0,425490
BANKNIFTY-II.NFO,20/05/2025,09:20:08,55731.6,55731.6,120,55743,90,90,425490
BANKNIFTY-II.NFO,20/05/2025,09:20:08,55731.6,55731.6,120,55743,90,0,425490
BANKNIFTY-II.NFO,20/05/2025,09:20:09,55731.6,55739,30,55743,90,30,425490
BANKNIFTY-II.NFO,20/05/2025,09:20:10,55731.6,55739,30,55743,90,0,425490
BANKNIFTY-II.NFO,20/05/2025,09:20:12,55739,55733,30,55743,90,30,425490
BANKNIFTY-II.NFO,20/05/2025,09:20:13,55739,55733,30,55740.2,30,0,425490
BANKNIFTY-II.NFO,20/05/2025,09:20:14,55740.2,55733,30,55743,90,60,425490
BANKNIFTY-II.NFO,20/05/2025,09:20:15,55733,55731.4,30,55743,90,60,425490
BANKNIFTY-II.NFO,20/05/2025,09:20:17,55733,55731.6,180,55743,90,0,425490
BANKNIFTY-II.NFO,20/05/2025,09:20:18,55732.8,55731.6,120,55743,90,30,425490
BANKNIFTY-II.NFO,20/05/2025,09:20:19,55743,55733.8,120,55743,60,30,425490
BANKNIFTY-II.NFO,20/05/2025,09:20:20,55732.2,55732.2,120,55743,60,30,425490
BANKNIFTY-II.NFO,20/05/2025,09:20:22,55732.2,55731.6,30,55743,60,0,425490
BANKNIFTY-II.NFO,20/05/2025,09:20:23,55743,55731.6,180,55743,30,30,425490
BANKNIFTY-II.NFO,20/05/2025,09:20:24,55743,55731.8,120,55747.2,90,30,425490
BANKNIFTY-II.NFO,20/05/2025,09:20:25,55743,55732.6,120,55747.4,30,0,425490
BANKNIFTY-II.NFO,20/05/2025,09:20:27,55743,55731.6,30,55745,30,0,425490
BANKNIFTY-II.NFO,20/05/2025,09:20:28,55743,55731.6,30,55740.4,90,0,425490
BANKNIFTY-II.NFO,20/05/2025,09:20:29,55743,55731.6,30,55739.8,90,0,425490
BANKNIFTY-II.NFO,20/05/2025,09:20:30,55743,55731.6,30,55745.6,120,0,425490
BANKNIFTY-II.NFO,20/05/2025,09:20:32,55727,55725,30,55733,120,210,425490
BANKNIFTY-II.NFO,20/05/2025,09:20:32,55727,55725,30,55733,120,0,425490
BANKNIFTY-II.NFO,20/05/2025,09:20:33,55733,55725,30,55734.8,90,30,425490
BANKNIFTY-II.NFO,20/05/2025,09:20:34,55733,55725,30,55734.8,90,0,425490
BANKNIFTY-II.NFO,20/05/2025,09:20:35,55725,55721,30,55734.8,120,30,425490
BANKNIFTY-II.NFO,20/05/2025,09:20:35,55725,55721,30,55734.8,120,0,425490
BANKNIFTY-II.NFO,20/05/2025,09:20:37,55725,55726,30,55734.6,90,0,425490
BANKNIFTY-II.NFO,20/05/2025,09:20:38,55725,55726,30,55739.6,240,0,425490
BANKNIFTY-II.NFO,20/05/2025,09:20:39,55725,55726,30,55737.4,90,0,425490
BANKNIFTY-II.NFO,20/05/2025,09:20:40,55725,55726,30,55739.6,90,0,425490
BANKNIFTY-II.NFO,20/05/2025,09:20:42,55725,55726,30,55736.6,120,0,425490
BANKNIFTY-II.NFO,20/05/2025,09:20:43,55725,55726,30,55738,120,0,425490
BANKNIFTY-II.NFO,20/05/2025,09:20:44,55725,55726,30,55735,120,0,425490
BANKNIFTY-II.NFO,20/05/2025,09:20:45,55725,55726,30,55735.2,30,0,425490
BANKNIFTY-II.NFO,20/05/2025,09:20:47,55725,55726,30,55734.6,90,0,425490
BANKNIFTY-II.NFO,20/05/2025,09:20:48,55725,55726,30,55734,90,0,425490
BANKNIFTY-II.NFO,20/05/2025,09:20:49,55726,55721,30,55733.8,90,30,425490
BANKNIFTY-II.NFO,20/05/2025,09:20:50,55726,55721,30,55733.8,90,0,425490
BANKNIFTY-II.NFO,20/05/2025,09:20:52,55728,55721,30,55728.2,120,120,425490
BANKNIFTY-II.NFO,20/05/2025,09:20:53,55728,55721,30,55728.4,30,0,425490
BANKNIFTY-II.NFO,20/05/2025,09:20:54,55728,55721,30,55728.6,30,0,425490
BANKNIFTY-II.NFO,20/05/2025,09:20:55,55735,55721,30,55733.6,90,120,425490
BANKNIFTY-II.NFO,20/05/2025,09:20:57,55735,55721,30,55733,30,0,425490
BANKNIFTY-II.NFO,20/05/2025,09:20:58,55728,55721,30,55728.4,30,30,425490
BANKNIFTY-II.NFO,20/05/2025,09:20:59,55728,55721,30,55732.4,30,0,425490
BANKNIFTY-II.NFO,20/05/2025,09:21:00,55732.4,55721.2,120,55733.8,30,30,425490
BANKNIFTY-II.NFO,20/05/2025,09:21:02,55732.4,55728,120,55733.8,30,0,425490
BANKNIFTY-II.NFO,20/05/2025,09:21:03,55730.2,55730.2,30,55733.6,30,90,425490
BANKNIFTY-II.NFO,20/05/2025,09:21:04,55733.6,55730,60,55733.4,60,30,425490
BANKNIFTY-II.NFO,20/05/2025,09:21:05,55733.4,55730.2,120,55733.6,30,60,425490
BANKNIFTY-II.NFO,20/05/2025,09:21:07,55733.8,55731.2,120,55734,30,60,425490
BANKNIFTY-II.NFO,20/05/2025,09:21:08,55746.2,55730.8,120,55745.8,30,120,425490
BANKNIFTY-II.NFO,20/05/2025,09:21:09,55746.2,55730.8,120,55745.8,30,0,425490
BANKNIFTY-II.NFO,20/05/2025,09:21:10,55746.2,55730.8,120,55740,30,0,425490
BANKNIFTY-II.NFO,20/05/2025,09:21:12,55746.2,55730.6,30,55740,30,0,425490
BANKNIFTY-II.NFO,20/05/2025,09:21:13,55739.8,55730.6,30,55739.8,90,30,425490
BANKNIFTY-II.NFO,20/05/2025,09:21:15,55730,55721,30,55735.8,90,90,425490
BANKNIFTY-II.NFO,20/05/2025,09:21:17,55729,55721,30,55729.6,90,30,425490
BANKNIFTY-II.NFO,20/05/2025,09:21:18,55729,55721,30,55733.2,270,0,425490
BANKNIFTY-II.NFO,20/05/2025,09:21:19,55729,55721,30,55733.2,120,0,425490
BANKNIFTY-II.NFO,20/05/2025,09:21:20,55729,55721.2,120,55733.4,30,0,425490
BANKNIFTY-II.NFO,20/05/2025,09:21:22,55729,55721.2,120,55736.4,30,0,425490
BANKNIFTY-II.NFO,20/05/2025,09:21:23,55729,55721.6,120,55734.8,30,0,425490
BANKNIFTY-II.NFO,20/05/2025,09:21:24,55729,55723.8,150,55739.6,30,0,425490
BANKNIFTY-II.NFO,20/05/2025,09:21:25,55729,55727.6,210,55739.6,30,0,425490
BANKNIFTY-II.NFO,20/05/2025,09:21:27,55729,55729,120,55739.6,30,0,425490
BANKNIFTY-II.NFO,20/05/2025,09:21:28,55729,55727.6,150,55739.6,30,0,425490
BANKNIFTY-II.NFO,20/05/2025,09:21:29,55729,55726.4,120,55739.6,30,0,425490
BANKNIFTY-II.NFO,20/05/2025,09:21:31,55729,55723.8,210,55729,30,30,425490
BANKNIFTY-II.NFO,20/05/2025,09:21:32,55729,55729.4,150,55739.6,30,30,425490
BANKNIFTY-II.NFO,20/05/2025,09:21:33,55729,55729.2,150,55739.6,30,0,425490
BANKNIFTY-II.NFO,20/05/2025,09:21:34,55739.6,55729.2,150,55739.8,30,30,426420
BANKNIFTY-II.NFO,20/05/2025,09:21:36,55740,55729.4,30,55743.6,120,60,426420
BANKNIFTY-II.NFO,20/05/2025,09:21:37,55740,55729,150,55739.6,90,0,426420
BANKNIFTY-II.NFO,20/05/2025,09:21:38,55740,55729,150,55738.6,90,0,426420
BANKNIFTY-II.NFO,20/05/2025,09:21:39,55740,55729,150,55739.4,90,0,426420
BANKNIFTY-II.NFO,20/05/2025,09:21:41,55740,55729,150,55736.8,90,0,426420
BANKNIFTY-II.NFO,20/05/2025,09:21:42,55729,55721,30,55731,90,150,426420
BANKNIFTY-II.NFO,20/05/2025,09:21:43,55729,55721,30,55731,90,0,426420
BANKNIFTY-II.NFO,20/05/2025,09:21:47,55729,55721,30,55733.2,120,0,426420
BANKNIFTY-II.NFO,20/05/2025,09:21:48,55729,55721,30,55732.8,120,0,426420
BANKNIFTY-II.NFO,20/05/2025,09:21:49,55729,55721.2,120,55733,30,0,426420
BANKNIFTY-II.NFO,20/05/2025,09:21:51,55729,55722.2,180,55733,30,0,426420
BANKNIFTY-II.NFO,20/05/2025,09:21:52,55729,55721.2,150,55733,30,0,426420
BANKNIFTY-II.NFO,20/05/2025,09:21:53,55729,55721,30,55734,90,0,426420
BANKNIFTY-II.NFO,20/05/2025,09:21:54,55729,55725,30,55729,60,0,426420
BANKNIFTY-II.NFO,20/05/2025,09:21:58,55729,55725,30,55728.8,30,0,426420
BANKNIFTY-II.NFO,20/05/2025,09:22:00,55729,55725.2,120,55728.8,30,0,426420
BANKNIFTY-II.NFO,20/05/2025,09:22:02,55728.8,55725,30,55729,60,30,426420
BANKNIFTY-II.NFO,20/05/2025,09:22:03,55729,55725,30,55729,30,30,426420
BANKNIFTY-II.NFO,20/05/2025,09:22:04,55729,55725,30,55729,30,0,426420
BANKNIFTY-II.NFO,20/05/2025,09:22:05,55713.2,55713.2,60,55728.8,120,150,426420
BANKNIFTY-II.NFO,20/05/2025,09:22:05,55713.2,55713.2,60,55728.8,120,0,426420
BANKNIFTY-II.NFO,20/05/2025,09:22:07,55713.2,55711.2,150,55728.8,120,0,426420
BANKNIFTY-II.NFO,20/05/2025,09:22:08,55713.2,55711,30,55727.8,120,30,426420
BANKNIFTY-II.NFO,20/05/2025,09:22:09,55713.2,55711,30,55722.8,120,0,426420
BANKNIFTY-II.NFO,20/05/2025,09:22:10,55713.2,55711,30,55721.6,120,0,426420
BANKNIFTY-II.NFO,20/05/2025,09:22:12,55713.2,55711,30,55713.2,30,0,426420
BANKNIFTY-II.NFO,20/05/2025,09:22:18,55713.6,55711,30,55717.2,120,60,426420
BANKNIFTY-II.NFO,20/05/2025,09:22:19,55713.6,55711,30,55721.4,120,0,426420
BANKNIFTY-II.NFO,20/05/2025,09:22:20,55713.6,55711,30,55722.6,30,0,426420
BANKNIFTY-II.NFO,20/05/2025,09:22:22,55713.6,55711,30,55721.8,120,0,426420
BANKNIFTY-II.NFO,20/05/2025,09:22:24,55713.6,55711,30,55716.6,30,0,426420
BANKNIFTY-II.NFO,20/05/2025,09:22:25,55711,55710,60,55716.8,180,60,426420
BANKNIFTY-II.NFO,20/05/2025,09:22:25,55711,55710,60,55716.8,180,0,426420
BANKNIFTY-II.NFO,20/05/2025,09:22:27,55715.8,55710,60,55710.6,150,30,426420
BANKNIFTY-II.NFO,20/05/2025,09:22:28,55710,55710,30,55710.6,390,30,426420
BANKNIFTY-II.NFO,20/05/2025,09:22:28,55710,55710,30,55710.6,390,0,426420
BANKNIFTY-II.NFO,20/05/2025,09:22:29,55710,55710,30,55710.6,390,0,426420
BANKNIFTY-II.NFO,20/05/2025,09:22:32,55710.6,55710,30,55710.6,300,90,426420
BANKNIFTY-II.NFO,20/05/2025,09:22:33,55710.6,55710,30,55710.6,300,0,426420
BANKNIFTY-II.NFO,20/05/2025,09:22:34,55710.6,55710,30,55710.6,270,30,426420
BANKNIFTY-II.NFO,20/05/2025,09:22:35,55710.6,55710,30,55710.6,210,60,426420
BANKNIFTY-II.NFO,20/05/2025,09:22:37,55710.6,55710,30,55710.6,180,30,426420
BANKNIFTY-II.NFO,20/05/2025,09:22:38,55710.6,55710,30,55710.6,180,0,426420
BANKNIFTY-II.NFO,20/05/2025,09:22:40,55710.6,55710,30,55710.6,150,30,426420
BANKNIFTY-II.NFO,20/05/2025,09:22:42,55713.6,55713.8,120,55717.8,30,210,426420
BANKNIFTY-II.NFO,20/05/2025,09:22:43,55713.8,55719,120,55728.8,30,30,426420
BANKNIFTY-II.NFO,20/05/2025,09:22:44,55719,55720.8,90,55728.8,30,30,426420
BANKNIFTY-II.NFO,20/05/2025,09:22:45,55719,55722,90,55728.8,30,0,426420
BANKNIFTY-II.NFO,20/05/2025,09:22:47,55719,55724.6,180,55728.8,30,0,426420
BANKNIFTY-II.NFO,20/05/2025,09:22:48,55729,55725.8,210,55748.6,120,90,426420
BANKNIFTY-II.NFO,20/05/2025,09:22:49,55729,55727.2,120,55743.6,180,0,426420
BANKNIFTY-II.NFO,20/05/2025,09:22:50,55744.6,55730.4,180,55744.6,90,30,426420
BANKNIFTY-II.NFO,20/05/2025,09:22:52,55744.6,55730.8,120,55744.6,30,0,426420
BANKNIFTY-II.NFO,20/05/2025,09:22:53,55744.6,55733.2,210,55750,90,0,426420
BANKNIFTY-II.NFO,20/05/2025,09:22:54,55747.2,55743.2,180,55749.8,30,30,426420
BANKNIFTY-II.NFO,20/05/2025,09:22:55,55747.2,55741,210,55749.8,30,0,426420
BANKNIFTY-II.NFO,20/05/2025,09:22:57,55747.2,55743.8,180,55749.8,30,0,426420
BANKNIFTY-II.NFO,20/05/2025,09:22:58,55749.8,55744,120,55750,90,30,426420
BANKNIFTY-II.NFO,20/05/2025,09:22:59,55749.8,55744.2,120,55750,90,30,426420
BANKNIFTY-II.NFO,20/05/2025,09:23:00,55749.8,55744.8,120,55750,90,0,426420
BANKNIFTY-II.NFO,20/05/2025,09:23:02,55749.8,55744.2,90,55750,90,0,426420
BANKNIFTY-II.NFO,20/05/2025,09:23:03,55750,55745,120,55750,60,30,426420
BANKNIFTY-II.NFO,20/05/2025,09:23:04,55750,55752.8,90,55765,30,60,426420
BANKNIFTY-II.NFO,20/05/2025,09:23:05,55750,55749.2,120,55764,120,0,426420
BANKNIFTY-II.NFO,20/05/2025,09:23:07,55763.8,55749,90,55763.8,90,30,426420
BANKNIFTY-II.NFO,20/05/2025,09:23:08,55750,55749.6,210,55764,30,30,426420
BANKNIFTY-II.NFO,20/05/2025,09:23:09,55750,55754.4,120,55765.8,30,0,426420
BANKNIFTY-II.NFO,20/05/2025,09:23:10,55766,55759.8,120,55766,30,60,426420
BANKNIFTY-II.NFO,20/05/2025,09:23:12,55766,55758.6,120,55768.6,30,60,426420
BANKNIFTY-II.NFO,20/05/2025,09:23:13,55766,55758,150,55768.6,30,0,426420
BANKNIFTY-II.NFO,20/05/2025,09:23:15,55770,55762.2,150,55770,30,90,426420
BANKNIFTY-II.NFO,20/05/2025,09:23:17,55770,55760.6,240,55770,30,0,426420
BANKNIFTY-II.NFO,20/05/2025,09:23:18,55770,55760.6,120,55778.8,180,30,426420
BANKNIFTY-II.NFO,20/05/2025,09:23:19,55770,55760.8,30,55776,120,0,426420
BANKNIFTY-II.NFO,20/05/2025,09:23:20,55770,55763.2,150,55778,120,0,426420
BANKNIFTY-II.NFO,20/05/2025,09:23:22,55770,55763.2,150,55775.8,120,0,426420
BANKNIFTY-II.NFO,20/05/2025,09:23:23,55774,55763.2,90,55774.8,120,60,426420
BANKNIFTY-II.NFO,20/05/2025,09:23:24,55774,55763.4,30,55777.2,120,0,426420
BANKNIFTY-II.NFO,20/05/2025,09:23:25,55774,55763.4,60,55779.6,120,0,426420
BANKNIFTY-II.NFO,20/05/2025,09:23:27,55774,55764.6,120,55780.2,30,0,426420
BANKNIFTY-II.NFO,20/05/2025,09:23:28,55774,55764.6,120,55780,120,0,426420
BANKNIFTY-II.NFO,20/05/2025,09:23:29,55777.8,55761,60,55778,120,60,426420
BANKNIFTY-II.NFO,20/05/2025,09:23:30,55777.8,55762.6,30,55780.8,330,0,426420
BANKNIFTY-II.NFO,20/05/2025,09:23:32,55777.8,55762.6,60,55780.8,270,0,426420
BANKNIFTY-II.NFO,20/05/2025,09:23:33,55777.8,55767,60,55780.6,30,0,426420
BANKNIFTY-II.NFO,20/05/2025,09:23:34,55777.8,55767.8,90,55783.4,120,0,426420
BANKNIFTY-II.NFO,20/05/2025,09:23:35,55778.6,55760.2,30,55773.6,120,60,426420
BANKNIFTY-II.NFO,20/05/2025,09:23:37,55778.6,55761,90,55777.2,120,0,426420
BANKNIFTY-II.NFO,20/05/2025,09:23:38,55775.6,55770,30,55776.2,120,60,426420
BANKNIFTY-II.NFO,20/05/2025,09:23:39,55775.6,55774,210,55777.2,120,0,426420
BANKNIFTY-II.NFO,20/05/2025,09:23:40,55770,55760.2,120,55775.6,120,240,426420
BANKNIFTY-II.NFO,20/05/2025,09:23:42,55770,55760,300,55773.2,120,0,426420
BANKNIFTY-II.NFO,20/05/2025,09:23:43,55770,55760.2,30,55773.4,120,0,426420
BANKNIFTY-II.NFO,20/05/2025,09:23:44,55769.6,55760,300,55769.6,90,60,426420
BANKNIFTY-II.NFO,20/05/2025,09:23:46,55769.6,55760,390,55771.4,120,0,426420
BANKNIFTY-II.NFO,20/05/2025,09:23:47,55769.6,55760.6,90,55771.6,120,0,426420
BANKNIFTY-II.NFO,20/05/2025,09:23:48,55769.6,55760,300,55770.6,120,0,426420
BANKNIFTY-II.NFO,20/05/2025,09:23:49,55770.8,55760,390,55770.8,120,60,426420
BANKNIFTY-II.NFO,20/05/2025,09:23:51,55770.8,55760,300,55768.4,90,0,426420
BANKNIFTY-II.NFO,20/05/2025,09:23:52,55770.8,55760,300,55766,90,0,426420
BANKNIFTY-II.NFO,20/05/2025,09:23:53,55766.4,55760,300,55766.2,90,60,426420
BANKNIFTY-II.NFO,20/05/2025,09:23:54,55766.4,55760,300,55765,120,0,426420
BANKNIFTY-II.NFO,20/05/2025,09:23:56,55762.4,55760,300,55763.4,90,30,426420
BANKNIFTY-II.NFO,20/05/2025,09:23:57,55762.4,55760,300,55763.2,90,0,426420
BANKNIFTY-II.NFO,20/05/2025,09:23:58,55760,55750,60,55763.2,120,330,426420
BANKNIFTY-II.NFO,20/05/2025,09:23:59,55760,55750,60,55758.2,30,0,426420
BANKNIFTY-II.NFO,20/05/2025,09:24:01,55760,55750,60,55755.8,120,0,426420
BANKNIFTY-II.NFO,20/05/2025,09:24:02,55760,55750,60,55756.4,30,0,426420
BANKNIFTY-II.NFO,20/05/2025,09:24:03,55760,55750,60,55753.8,90,0,426420
BANKNIFTY-II.NFO,20/05/2025,09:24:04,55753.8,55750,60,55755,90,30,426420
BANKNIFTY-II.NFO,20/05/2025,09:24:05,55755,55750,60,55755.8,120,60,426420
BANKNIFTY-II.NFO,20/05/2025,09:24:07,55755,55750,60,55756.2,30,0,426420
BANKNIFTY-II.NFO,20/05/2025,09:24:08,55750,55750,30,55760.4,120,60,426420
BANKNIFTY-II.NFO,20/05/2025,09:24:09,55750,55755,30,55759.2,30,0,426420
BANKNIFTY-II.NFO,20/05/2025,09:24:10,55755,55750,30,55759.4,120,30,426420
BANKNIFTY-II.NFO,20/05/2025,09:24:12,55755,55750,30,55759.2,120,0,426420
BANKNIFTY-II.NFO,20/05/2025,09:24:13,55755,55750,30,55756.2,30,0,426420
BANKNIFTY-II.NFO,20/05/2025,09:24:14,55755,55750,30,55754.6,120,0,426420
BANKNIFTY-II.NFO,20/05/2025,09:24:15,55755,55750,30,55756.6,120,0,426420
BANKNIFTY-II.NFO,20/05/2025,09:24:17,55755,55750,30,55756.4,120,0,426420
BANKNIFTY-II.NFO,20/05/2025,09:24:18,55755,55750,30,55753.2,120,0,426420
BANKNIFTY-II.NFO,20/05/2025,09:24:19,55755,55750,30,55754.4,30,0,426420
BANKNIFTY-II.NFO,20/05/2025,09:24:20,55750,55744,30,55749.6,30,30,426420
BANKNIFTY-II.NFO,20/05/2025,09:24:22,55743.2,55725.4,30,55743.2,120,60,426420
BANKNIFTY-II.NFO,20/05/2025,09:24:23,55743.2,55725.6,120,55740.2,120,0,426420
BANKNIFTY-II.NFO,20/05/2025,09:24:24,55743.2,55726.4,120,55739.4,30,0,426420
BANKNIFTY-II.NFO,20/05/2025,09:24:25,55725.6,55725,90,55731.8,120,30,426420
BANKNIFTY-II.NFO,20/05/2025,09:24:27,55725.6,55725,90,55731,30,0,426420
BANKNIFTY-II.NFO,20/05/2025,09:24:28,55725.6,55725,90,55729.4,120,0,426420
BANKNIFTY-II.NFO,20/05/2025,09:24:29,55725.6,55725,90,55730,30,0,426420
BANKNIFTY-II.NFO,20/05/2025,09:24:30,55725.6,55725,90,55726.2,30,0,426420
BANKNIFTY-II.NFO,20/05/2025,09:24:32,55725,55710.2,120,55723,120,90,426420
BANKNIFTY-II.NFO,20/05/2025,09:24:33,55725,55710,60,55720.8,120,0,426420
BANKNIFTY-II.NFO,20/05/2025,09:24:34,55723,55710.2,120,55724.8,30,30,428160
BANKNIFTY-II.NFO,20/05/2025,09:24:35,55723,55710,60,55722.8,30,0,428160
BANKNIFTY-II.NFO,20/05/2025,09:24:37,55723,55710.2,120,55723,30,0,428160
BANKNIFTY-II.NFO,20/05/2025,09:24:38,55710,55703.2,120,55718,120,90,428160
BANKNIFTY-II.NFO,20/05/2025,09:24:39,55710,55703.2,120,55716,30,0,428160
BANKNIFTY-II.NFO,20/05/2025,09:24:40,55710,55703.2,120,55714,30,0,428160
BANKNIFTY-II.NFO,20/05/2025,09:24:42,55703.2,55703,30,55711.2,30,30,428160
BANKNIFTY-II.NFO,20/05/2025,09:24:42,55703.2,55703,30,55711.2,30,0,428160
BANKNIFTY-II.NFO,20/05/2025,09:24:43,55705.6,55703,30,55710.4,30,30,428160
BANKNIFTY-II.NFO,20/05/2025,09:24:44,55705.6,55702,30,55709.2,30,60,428160
BANKNIFTY-II.NFO,20/05/2025,09:24:44,55703,55702,30,55709.2,30,0,428160
BANKNIFTY-II.NFO,20/05/2025,09:24:45,55705.6,55702,30,55708.4,30,0,428160
BANKNIFTY-II.NFO,20/05/2025,09:24:47,55705.6,55702,30,55707.2,30,0,428160
BANKNIFTY-II.NFO,20/05/2025,09:24:48,55701,55701,30,55705.2,30,60,428160
BANKNIFTY-II.NFO,20/05/2025,09:24:48,55701,55701,30,55705.2,30,0,428160
BANKNIFTY-II.NFO,20/05/2025,09:24:49,55701,55701,30,55705.2,150,0,428160
BANKNIFTY-II.NFO,20/05/2025,09:24:50,55701,55701,30,55705,30,0,428160
BANKNIFTY-II.NFO,20/05/2025,09:24:52,55701,55700,30,55705,30,30,428160
BANKNIFTY-II.NFO,20/05/2025,09:24:53,55699,55697,30,55702,30,180,428160
BANKNIFTY-II.NFO,20/05/2025,09:24:53,55699,55697,30,55702,30,0,428160
BANKNIFTY-II.NFO,20/05/2025,09:24:54,55699,55697,30,55700.8,30,0,428160
BANKNIFTY-II.NFO,20/05/2025,09:24:55,55697,55691,30,55698.8,30,30,428160
BANKNIFTY-II.NFO,20/05/2025,09:24:55,55697,55691,30,55698.8,30,0,428160
BANKNIFTY-II.NFO,20/05/2025,09:24:57,55697,55691,30,55698.8,30,60,428160
BANKNIFTY-II.NFO,20/05/2025,09:24:58,55697,55691,30,55698.8,30,0,428160
BANKNIFTY-II.NFO,20/05/2025,09:24:59,55691,55684.6,120,55697.2,30,30,428160
BANKNIFTY-II.NFO,20/05/2025,09:24:59,55691,55684.6,120,55697.2,30,0,428160
BANKNIFTY-II.NFO,20/05/2025,09:25:00,55691,55680.8,30,55689.4,30,0,428160
BANKNIFTY-II.NFO,20/05/2025,09:25:03,55691,55680.8,30,55686.4,120,0,428160
BANKNIFTY-II.NFO,20/05/2025,09:25:04,55680,55673.8,30,55680.4,30,300,428160
BANKNIFTY-II.NFO,20/05/2025,09:25:04,55680,55673.8,30,55680.4,30,0,428160
BANKNIFTY-II.NFO,20/05/2025,09:25:05,55678.6,55673.8,30,55678.8,30,90,428160
BANKNIFTY-II.NFO,20/05/2025,09:25:05,55678.6,55673.8,30,55678.8,30,0,428160
BANKNIFTY-II.NFO,20/05/2025,09:25:07,55678.6,55673.8,30,55681,30,0,428160
BANKNIFTY-II.NFO,20/05/2025,09:25:08,55681,55673.8,30,55684.4,30,30,428160
BANKNIFTY-II.NFO,20/05/2025,09:25:09,55681,55673.8,30,55680,30,0,428160
BANKNIFTY-II.NFO,20/05/2025,09:25:10,55673.8,55665,60,55676.6,120,30,428160
BANKNIFTY-II.NFO,20/05/2025,09:25:10,55673.8,55665,60,55676.6,120,0,428160
BANKNIFTY-II.NFO,20/05/2025,09:25:12,55673.8,55665.2,120,55678.4,60,0,428160
BANKNIFTY-II.NFO,20/05/2025,09:25:13,55673.8,55665,60,55674.8,60,0,428160
BANKNIFTY-II.NFO,20/05/2025,09:25:14,55673.8,55665,60,55676.8,30,0,428160
BANKNIFTY-II.NFO,20/05/2025,09:25:15,55673.8,55665,60,55675.2,30,30,428160
BANKNIFTY-II.NFO,20/05/2025,09:25:17,55673.8,55665,60,55673.6,30,0,428160
BANKNIFTY-II.NFO,20/05/2025,09:25:18,55673.6,55662.4,120,55673.6,30,90,428160
BANKNIFTY-II.NFO,20/05/2025,09:25:18,55665,55662.4,120,55673.6,30,0,428160
BANKNIFTY-II.NFO,20/05/2025,09:25:19,55668.4,55667.2,120,55673.8,30,150,428160
BANKNIFTY-II.NFO,20/05/2025,09:25:20,55673.8,55670,30,55683,30,30,428160
BANKNIFTY-II.NFO,20/05/2025,09:25:22,55667.2,55667,60,55677.4,30,150,428160
BANKNIFTY-II.NFO,20/05/2025,09:25:23,55667.2,55667.2,120,55676.2,30,0,428160
BANKNIFTY-II.NFO,20/05/2025,09:25:24,55667.2,55669.2,120,55676.8,30,0,428160
BANKNIFTY-II.NFO,20/05/2025,09:25:25,55667.2,55667.2,30,55676,30,0,428160
BANKNIFTY-II.NFO,20/05/2025,09:25:27,55676.2,55667.2,30,55681.8,120,30,428160
BANKNIFTY-II.NFO,20/05/2025,09:25:28,55676.2,55667.2,60,55673.8,120,0,428160
BANKNIFTY-II.NFO,20/05/2025,09:25:29,55676.2,55667.2,60,55674,30,0,428160
BANKNIFTY-II.NFO,20/05/2025,09:25:32,55674,55667.2,60,55678.8,60,30,428160
BANKNIFTY-II.NFO,20/05/2025,09:25:33,55667,55665,30,55669.2,120,120,428160
BANKNIFTY-II.NFO,20/05/2025,09:25:34,55667,55665,30,55666.8,120,0,428160
BANKNIFTY-II.NFO,20/05/2025,09:25:35,55667,55665,30,55667,30,0,428160
BANKNIFTY-II.NFO,20/05/2025,09:25:38,55667,55665,30,55667,60,0,428160
BANKNIFTY-II.NFO,20/05/2025,09:25:39,55640.2,55640.2,30,55659.2,150,930,428160
BANKNIFTY-II.NFO,20/05/2025,09:25:39,55640.2,55640.2,30,55659.2,150,0,428160
BANKNIFTY-II.NFO,20/05/2025,09:25:40,55641.2,55640.4,90,55658.4,300,60,428160
BANKNIFTY-II.NFO,20/05/2025,09:25:42,55641.2,55650,90,55658,150,0,428160
BANKNIFTY-II.NFO,20/05/2025,09:25:43,55641.2,55650,90,55661.8,120,0,428160
BANKNIFTY-II.NFO,20/05/2025,09:25:44,55641.2,55650,90,55662.2,30,0,428160
BANKNIFTY-II.NFO,20/05/2025,09:25:45,55641.2,55650.2,60,55665.8,120,0,428160
BANKNIFTY-II.NFO,20/05/2025,09:25:47,55650.2,55650,90,55662.6,120,30,428160
BANKNIFTY-II.NFO,20/05/2025,09:25:48,55650.2,55650,90,55659,30,0,428160
BANKNIFTY-II.NFO,20/05/2025,09:25:49,55673.2,55654.4,60,55679,150,630,428160
BANKNIFTY-II.NFO,20/05/2025,09:25:50,55673.2,55657.2,90,55680,60,0,428160
BANKNIFTY-II.NFO,20/05/2025,09:25:52,55673.2,55657.6,90,55676.2,30,0,428160
BANKNIFTY-II.NFO,20/05/2025,09:25:53,55673.2,55654,90,55675,120,0,428160
BANKNIFTY-II.NFO,20/05/2025,09:25:54,55673.2,55652.2,30,55672.4,150,0,428160
BANKNIFTY-II.NFO,20/05/2025,09:25:55,55654,55654,120,55672.8,150,60,428160
BANKNIFTY-II.NFO,20/05/2025,09:25:57,55654,55656,120,55669.4,30,0,428160
BANKNIFTY-II.NFO,20/05/2025,09:25:58,55668.6,55657.8,60,55668.6,30,90,428160
BANKNIFTY-II.NFO,20/05/2025,09:25:59,55668,55660.6,60,55678.8,120,30,428160
BANKNIFTY-II.NFO,20/05/2025,09:26:01,55660.2,55660.2,30,55675,30,30,428160
BANKNIFTY-II.NFO,20/05/2025,09:26:02,55659.8,55654.6,30,55673.6,150,60,428160
BANKNIFTY-II.NFO,20/05/2025,09:26:03,55659.8,55656.6,30,55672.4,120,0,428160
BANKNIFTY-II.NFO,20/05/2025,09:26:04,55659.8,55659.2,90,55672.6,30,0,428160
BANKNIFTY-II.NFO,20/05/2025,09:26:06,55659.8,55661.8,60,55672.6,30,0,428160
BANKNIFTY-II.NFO,20/05/2025,09:26:07,55662.8,55657.6,60,55678.2,180,90,428160
BANKNIFTY-II.NFO,20/05/2025,09:26:08,55662.8,55662.4,30,55676.2,120,0,428160
BANKNIFTY-II.NFO,20/05/2025,09:26:09,55662.8,55661.4,30,55675.6,30,0,428160
BANKNIFTY-II.NFO,20/05/2025,09:26:11,55675.4,55655.4,30,55672.4,120,30,428160
BANKNIFTY-II.NFO,20/05/2025,09:26:12,55675.4,55658,30,55672.6,120,0,428160
BANKNIFTY-II.NFO,20/05/2025,09:26:13,55675.4,55660.2,30,55672.4,30,0,428160
BANKNIFTY-II.NFO,20/05/2025,09:26:14,55675.4,55660.6,30,55675.2,120,0,428160
BANKNIFTY-II.NFO,20/05/2025,09:26:16,55675.4,55661.4,30,55676.4,120,0,428160
BANKNIFTY-II.NFO,20/05/2025,09:26:17,55675.4,55673.6,30,55676.6,30,0,428160
BANKNIFTY-II.NFO,20/05/2025,09:26:18,55675.4,55673.6,30,55676.4,120,0,428160
BANKNIFTY-II.NFO,20/05/2025,09:26:19,55675.4,55673.6,30,55677.4,120,0,428160
BANKNIFTY-II.NFO,20/05/2025,09:26:21,55675.4,55673.6,30,55675,120,30,428160
BANKNIFTY-II.NFO,20/05/2025,09:26:22,55657,55659.8,30,55671.4,120,60,428160
BANKNIFTY-II.NFO,20/05/2025,09:26:23,55657,55659.8,30,55674.4,150,0,428160
BANKNIFTY-II.NFO,20/05/2025,09:26:24,55657,55659.8,30,55671.6,120,0,428160
BANKNIFTY-II.NFO,20/05/2025,09:26:26,55657,55659.8,30,55666.4,150,0,428160
BANKNIFTY-II.NFO,20/05/2025,09:26:27,55659.8,55655,30,55664.6,150,30,428160
BANKNIFTY-II.NFO,20/05/2025,09:26:28,55659.8,55655,30,55662,120,0,428160
BANKNIFTY-II.NFO,20/05/2025,09:26:29,55659.8,55655,30,55663.4,180,0,428160
BANKNIFTY-II.NFO,20/05/2025,09:26:31,55659.8,55655,30,55663.2,30,0,428160
BANKNIFTY-II.NFO,20/05/2025,09:26:32,55659.8,55655,30,55659.8,30,0,428160
BANKNIFTY-II.NFO,20/05/2025,09:26:33,55659.8,55655,30,55659.8,60,0,428160
BANKNIFTY-II.NFO,20/05/2025,09:26:38,55659.8,55655,30,55666.8,60,60,428160
BANKNIFTY-II.NFO,20/05/2025,09:26:39,55659.8,55659.8,30,55667.6,30,0,428160
BANKNIFTY-II.NFO,20/05/2025,09:26:41,55659.8,55659.8,60,55675.8,120,0,428160
BANKNIFTY-II.NFO,20/05/2025,09:26:42,55659.8,55660,60,55676,60,0,428160
BANKNIFTY-II.NFO,20/05/2025,09:26:43,55659.8,55660.8,60,55679.2,30,0,428160
BANKNIFTY-II.NFO,20/05/2025,09:26:44,55659.8,55661.6,60,55679,60,0,428160
BANKNIFTY-II.NFO,20/05/2025,09:26:46,55680,55662.4,60,55684.8,120,30,428160
BANKNIFTY-II.NFO,20/05/2025,09:26:47,55684.4,55665,60,55683.6,120,30,428160
BANKNIFTY-II.NFO,20/05/2025,09:26:48,55683.6,55662,30,55681,150,30,428160
BANKNIFTY-II.NFO,20/05/2025,09:26:49,55683.6,55661.6,30,55679,120,0,428160
BANKNIFTY-II.NFO,20/05/2025,09:26:51,55660.2,55660.4,30,55677.8,120,30,428160
BANKNIFTY-II.NFO,20/05/2025,09:26:52,55660.2,55660.2,30,55676.2,120,0,428160
BANKNIFTY-II.NFO,20/05/2025,09:26:53,55660.2,55660.2,60,55674.8,60,0,428160
BANKNIFTY-II.NFO,20/05/2025,09:26:54,55660.2,55663,60,55682.2,120,0,428160
BANKNIFTY-II.NFO,20/05/2025,09:26:56,55660.2,55663,90,55683,120,0,428160
BANKNIFTY-II.NFO,20/05/2025,09:26:57,55660.2,55666.4,30,55683.4,120,0,428160
BANKNIFTY-II.NFO,20/05/2025,09:26:58,55680.8,55661.4,60,55681.8,150,30,428160
BANKNIFTY-II.NFO,20/05/2025,09:26:59,55680.8,55667,30,55683.2,30,0,428160
BANKNIFTY-II.NFO,20/05/2025,09:27:01,55683,55665.8,30,55683.2,30,30,428160
BANKNIFTY-II.NFO,20/05/2025,09:27:02,55683.2,55670.8,60,55683.6,60,30,428160
BANKNIFTY-II.NFO,20/05/2025,09:27:03,55683.2,55669,30,55683.6,60,0,428160
BANKNIFTY-II.NFO,20/05/2025,09:27:07,55683.4,55668.6,60,55683.6,60,30,428160
BANKNIFTY-II.NFO,20/05/2025,09:27:08,55683.4,55668.6,60,55683.4,30,0,428160
BANKNIFTY-II.NFO,20/05/2025,09:27:09,55683.4,55665,30,55683.2,120,0,428160
BANKNIFTY-II.NFO,20/05/2025,09:27:11,55683.2,55665.8,90,55683.2,90,30,428160
BANKNIFTY-II.NFO,20/05/2025,09:27:12,55683.2,55666.6,60,55683.2,90,0,428160
BANKNIFTY-II.NFO,20/05/2025,09:27:13,55681.2,55660,120,55680.8,150,90,428160
BANKNIFTY-II.NFO,20/05/2025,09:27:14,55681.2,55660.2,60,55678.8,150,0,428160
BANKNIFTY-II.NFO,20/05/2025,09:27:16,55681.2,55660,90,55676.4,210,0,428160
BANKNIFTY-II.NFO,20/05/2025,09:27:17,55681.2,55660,90,55669.8,120,0,428160
BANKNIFTY-II.NFO,20/05/2025,09:27:18,55681.2,55660,90,55665.2,180,0,428160
BANKNIFTY-II.NFO,20/05/2025,09:27:19,55664.8,55660,90,55664.4,120,30,428160
BANKNIFTY-II.NFO,20/05/2025,09:27:21,55664.8,55660,90,55666.2,120,0,428160
BANKNIFTY-II.NFO,20/05/2025,09:27:22,55666,55660,90,55666,90,30,428160
BANKNIFTY-II.NFO,20/05/2025,09:27:23,55666,55660,90,55667.6,150,0,428160
BANKNIFTY-II.NFO,20/05/2025,09:27:24,55660,55655,30,55663.8,150,90,428160
BANKNIFTY-II.NFO,20/05/2025,09:27:26,55660,55655,30,55661.6,30,0,428160
BANKNIFTY-II.NFO,20/05/2025,09:27:27,55659,55650,270,55661.2,210,90,428160
BANKNIFTY-II.NFO,20/05/2025,09:27:28,55659,55650,270,55660,120,0,428160
BANKNIFTY-II.NFO,20/05/2025,09:27:29,55659,55650,270,55664.6,150,0,428160
BANKNIFTY-II.NFO,20/05/2025,09:27:31,55659,55650,270,55658.6,180,0,428160
BANKNIFTY-II.NFO,20/05/2025,09:27:32,55650,55650,240,55657.6,120,30,428160
BANKNIFTY-II.NFO,20/05/2025,09:27:33,55650,55650,240,55658.8,150,0,428160
BANKNIFTY-II.NFO,20/05/2025,09:27:34,55650,55650,240,55658.8,120,0,428160
BANKNIFTY-II.NFO,20/05/2025,09:27:36,55650,55650,240,55656.6,30,0,428160
BANKNIFTY-II.NFO,20/05/2025,09:27:37,55650,55650,210,55657.2,210,30,428280
BANKNIFTY-II.NFO,20/05/2025,09:27:38,55650,55651,30,55656,120,0,428280
BANKNIFTY-II.NFO,20/05/2025,09:27:39,55651,55650,210,55656.2,30,30,428280
BANKNIFTY-II.NFO,20/05/2025,09:27:41,55651,55650,210,55656.2,30,0,428280
BANKNIFTY-II.NFO,20/05/2025,09:27:43,55656.2,55650,210,55656.8,30,30,428280
BANKNIFTY-II.NFO,20/05/2025,09:27:44,55656.2,55651,30,55656,30,0,428280
BANKNIFTY-II.NFO,20/05/2025,09:27:46,55656.2,55651,30,55664.6,150,0,428280
BANKNIFTY-II.NFO,20/05/2025,09:27:47,55656.2,55651,30,55656.2,30,0,428280
BANKNIFTY-II.NFO,20/05/2025,09:27:48,55656.2,55651,30,55662,150,30,428280
BANKNIFTY-II.NFO,20/05/2025,09:27:49,55656.2,55651,30,55662,120,0,428280
BANKNIFTY-II.NFO,20/05/2025,09:27:51,55656.2,55651,90,55661,120,0,428280
BANKNIFTY-II.NFO,20/05/2025,09:27:52,55656.2,55651,90,55656,60,0,428280
BANKNIFTY-II.NFO,20/05/2025,09:27:53,55650,55645,90,55654,60,300,428280
BANKNIFTY-II.NFO,20/05/2025,09:27:54,55650,55645,90,55652.4,60,30,428280
BANKNIFTY-II.NFO,20/05/2025,09:27:56,55645,55645,60,55649.8,30,30,428280
BANKNIFTY-II.NFO,20/05/2025,09:27:57,55649.4,55645,60,55649,30,30,428280
BANKNIFTY-II.NFO,20/05/2025,09:27:58,55649.4,55645,60,55649,30,0,428280
BANKNIFTY-II.NFO,20/05/2025,09:28:01,55645,55642.4,120,55649.2,60,90,428280
BANKNIFTY-II.NFO,20/05/2025,09:28:02,55646,55645,210,55663.8,60,120,428280
BANKNIFTY-II.NFO,20/05/2025,09:28:03,55646,55647.8,150,55667.2,90,0,428280
BANKNIFTY-II.NFO,20/05/2025,09:28:04,55650,55650.2,90,55667,120,30,428280
BANKNIFTY-II.NFO,20/05/2025,09:28:06,55650,55650.2,60,55667,120,0,428280
BANKNIFTY-II.NFO,20/05/2025,09:28:07,55650,55645.4,30,55662.2,150,60,428280
BANKNIFTY-II.NFO,20/05/2025,09:28:08,55650,55640.4,30,55655.4,150,0,428280
BANKNIFTY-II.NFO,20/05/2025,09:28:09,55650,55645,600,55656.2,120,0,428280
BANKNIFTY-II.NFO,20/05/2025,09:28:10,55645,55645,570,55654.2,120,60,428280
BANKNIFTY-II.NFO,20/05/2025,09:28:12,55630,55640.4,30,55643.6,120,720,428280
BANKNIFTY-II.NFO,20/05/2025,09:28:12,55630,55640.4,30,55643.6,120,0,428280
BANKNIFTY-II.NFO,20/05/2025,09:28:13,55630,55630,30,55644,120,60,428280
BANKNIFTY-II.NFO,20/05/2025,09:28:14,55629.4,55627.8,30,55643.6,150,60,428280
BANKNIFTY-II.NFO,20/05/2025,09:28:14,55629.4,55627.8,30,55643.6,150,0,428280
BANKNIFTY-II.NFO,20/05/2025,09:28:16,55625.2,55625.2,60,55641.8,150,30,428280
BANKNIFTY-II.NFO,20/05/2025,09:28:16,55625.2,55625.2,60,55641.8,150,0,428280
BANKNIFTY-II.NFO,20/05/2025,09:28:17,55625.2,55625.2,120,55641.2,150,0,428280
BANKNIFTY-II.NFO,20/05/2025,09:28:18,55625,55625,30,55638.8,150,120,428280
BANKNIFTY-II.NFO,20/05/2025,09:28:18,55625,55625,30,55638.8,150,0,428280
BANKNIFTY-II.NFO,20/05/2025,09:28:19,55625,55625,30,55637.6,150,0,428280
BANKNIFTY-II.NFO,20/05/2025,09:28:20,55625,55622.4,30,55639,150,30,428280
BANKNIFTY-II.NFO,20/05/2025,09:28:22,55621.6,55620.8,30,55636.2,150,60,428280
BANKNIFTY-II.NFO,20/05/2025,09:28:22,55621.6,55620.8,30,55636.2,150,0,428280
BANKNIFTY-II.NFO,20/05/2025,09:28:23,55621.6,55622.4,30,55635.6,30,0,428280
BANKNIFTY-II.NFO,20/05/2025,09:28:24,55622.2,55620.4,60,55634.8,60,60,428280
BANKNIFTY-II.NFO,20/05/2025,09:28:25,55621.6,55620.4,60,55634,60,60,428280
BANKNIFTY-II.NFO,20/05/2025,09:28:27,55621.6,55620.2,30,55631.8,120,0,428280
BANKNIFTY-II.NFO,20/05/2025,09:28:28,55620.2,55620,120,55624.2,120,30,428280
BANKNIFTY-II.NFO,20/05/2025,09:28:28,55620.2,55620,120,55624.2,120,0,428280
BANKNIFTY-II.NFO,20/05/2025,09:28:29,55619,55611,90,55623,150,150,428280
BANKNIFTY-II.NFO,20/05/2025,09:28:29,55619,55611,90,55623,150,0,428280
BANKNIFTY-II.NFO,20/05/2025,09:28:30,55611,55620,30,55624.2,30,60,428280
BANKNIFTY-II.NFO,20/05/2025,09:28:30,55611,55620,30,55624.2,30,0,428280
BANKNIFTY-II.NFO,20/05/2025,09:28:32,55621.6,55620,30,55622,60,30,428280
BANKNIFTY-II.NFO,20/05/2025,09:28:33,55621.6,55620,30,55621.4,120,90,428280
BANKNIFTY-II.NFO,20/05/2025,09:28:34,55620,55611,30,55621.6,60,30,428280
BANKNIFTY-II.NFO,20/05/2025,09:28:35,55620,55613.2,30,55621.4,120,0,428280
BANKNIFTY-II.NFO,20/05/2025,09:28:36,55620,55611,30,55620,120,0,428280
BANKNIFTY-II.NFO,20/05/2025,09:28:38,55620.8,55611,30,55620.8,90,60,428280
BANKNIFTY-II.NFO,20/05/2025,09:28:39,55620.8,55611,30,55620.2,150,0,428280
BANKNIFTY-II.NFO,20/05/2025,09:28:40,55620.8,55611,30,55621.6,30,0,428280
BANKNIFTY-II.NFO,20/05/2025,09:28:43,55620.8,55611.2,60,55621.6,30,0,428280
BANKNIFTY-II.NFO,20/05/2025,09:28:44,55621.6,55620,60,55630.4,30,30,428280
BANKNIFTY-II.NFO,20/05/2025,09:28:45,55621.6,55620,60,55630.8,120,0,428280
BANKNIFTY-II.NFO,20/05/2025,09:28:46,55620,55611.2,60,55628.4,120,60,428280
BANKNIFTY-II.NFO,20/05/2025,09:28:47,55620,55611,30,55625.8,120,0,428280
BANKNIFTY-II.NFO,20/05/2025,09:28:49,55620,55611,30,55622.6,120,0,428280
BANKNIFTY-II.NFO,20/05/2025,09:28:50,55620,55611,30,55624.8,120,0,428280
BANKNIFTY-II.NFO,20/05/2025,09:28:51,55620,55611,30,55622.8,120,0,428280
BANKNIFTY-II.NFO,20/05/2025,09:28:52,55619.6,55611,30,55618.8,120,30,428280
BANKNIFTY-II.NFO,20/05/2025,09:28:54,55610,55610,30,55623.6,120,60,428280
BANKNIFTY-II.NFO,20/05/2025,09:28:54,55610,55610,30,55623.6,120,0,428280
BANKNIFTY-II.NFO,20/05/2025,09:28:55,55610,55610,30,55621,120,0,428280
BANKNIFTY-II.NFO,20/05/2025,09:28:56,55610,55610,120,55619.6,60,60,428280
BANKNIFTY-II.NFO,20/05/2025,09:28:57,55610,55611.4,150,55619.6,60,0,428280
BANKNIFTY-II.NFO,20/05/2025,09:28:58,55610.2,55610.2,30,55619.6,60,30,428280
BANKNIFTY-II.NFO,20/05/2025,09:29:00,55610.2,55612.4,30,55619.6,60,0,428280
BANKNIFTY-II.NFO,20/05/2025,09:29:01,55611.2,55611,60,55623.6,30,60,428280
BANKNIFTY-II.NFO,20/05/2025,09:29:02,55611.2,55617.2,30,55622.2,120,0,428280
BANKNIFTY-II.NFO,20/05/2025,09:29:03,55617.2,55611,60,55621.6,30,30,428280
BANKNIFTY-II.NFO,20/05/2025,09:29:05,55617.2,55611,60,55621.6,30,0,428280
BANKNIFTY-II.NFO,20/05/2025,09:29:06,55611,55610,150,55621.6,30,60,428280
BANKNIFTY-II.NFO,20/05/2025,09:29:07,55611,55610,150,55621.4,150,0,428280
BANKNIFTY-II.NFO,20/05/2025,09:29:08,55610,55610,120,55620.2,120,60,428280
BANKNIFTY-II.NFO,20/05/2025,09:29:10,55610,55610,120,55622,150,0,428280
BANKNIFTY-II.NFO,20/05/2025,09:29:11,55620.8,55610,120,55621,30,240,428280
BANKNIFTY-II.NFO,20/05/2025,09:29:12,55620.8,55611,30,55620.8,120,0,428280
BANKNIFTY-II.NFO,20/05/2025,09:29:13,55612,55611,30,55621,120,60,428280
BANKNIFTY-II.NFO,20/05/2025,09:29:15,55610,55610,90,55619,30,60,428280
BANKNIFTY-II.NFO,20/05/2025,09:29:16,55610,55610,90,55621.8,30,0,428280
BANKNIFTY-II.NFO,20/05/2025,09:29:17,55610,55610,90,55623.2,120,0,428280
BANKNIFTY-II.NFO,20/05/2025,09:29:18,55610,55611,90,55623,90,0,428280
BANKNIFTY-II.NFO,20/05/2025,09:29:20,55610,55611,120,55623,90,0,428280
BANKNIFTY-II.NFO,20/05/2025,09:29:21,55610,55611,120,55623,30,0,428280
BANKNIFTY-II.NFO,20/05/2025,09:29:22,55610,55610.2,150,55623,30,0,428280
BANKNIFTY-II.NFO,20/05/2025,09:29:23,55623,55610.2,120,55622.6,30,60,428280
BANKNIFTY-II.NFO,20/05/2025,09:29:25,55623,55611.2,120,55622.6,30,0,428280
BANKNIFTY-II.NFO,20/05/2025,09:29:26,55623,55611,120,55620.8,120,0,428280
BANKNIFTY-II.NFO,20/05/2025,09:29:27,55621.2,55611,90,55621.2,90,60,428280
BANKNIFTY-II.NFO,20/05/2025,09:29:28,55611,55611,60,55621.6,30,30,428280
BANKNIFTY-II.NFO,20/05/2025,09:29:30,55611,55611,60,55618.8,120,0,428280
BANKNIFTY-II.NFO,20/05/2025,09:29:31,55611,55610,120,55615.2,120,60,428280
BANKNIFTY-II.NFO,20/05/2025,09:29:32,55611,55610,120,55615,150,0,428280
BANKNIFTY-II.NFO,20/05/2025,09:29:33,55611,55610,120,55617,120,0,428280
BANKNIFTY-II.NFO,20/05/2025,09:29:36,55611,55610,120,55621,150,0,428280
BANKNIFTY-II.NFO,20/05/2025,09:29:37,55611,55610,120,55619.8,150,0,428280
BANKNIFTY-II.NFO,20/05/2025,09:29:38,55610,55610,60,55619.8,60,60,428280
BANKNIFTY-II.NFO,20/05/2025,09:29:40,55610,55610,60,55619.6,120,0,428280
BANKNIFTY-II.NFO,20/05/2025,09:29:41,55610,55605.6,30,55619.2,150,60,428280
BANKNIFTY-II.NFO,20/05/2025,09:29:42,55610,55605.6,30,55615.4,120,0,428280
BANKNIFTY-II.NFO,20/05/2025,09:29:43,55605,55601,30,55612.4,30,90,428280
BANKNIFTY-II.NFO,20/05/2025,09:29:43,55605,55601,30,55612.4,30,0,428280
BANKNIFTY-II.NFO,20/05/2025,09:29:45,55605,55605.6,30,55608.4,30,0,428280
BANKNIFTY-II.NFO,20/05/2025,09:29:46,55605,55605.8,30,55611.6,30,0,428280
BANKNIFTY-II.NFO,20/05/2025,09:29:47,55608.6,55605.8,30,55611.6,30,30,428280
BANKNIFTY-II.NFO,20/05/2025,09:29:48,55605,55601,30,55609.6,270,90,428280
BANKNIFTY-II.NFO,20/05/2025,09:29:50,55605,55601,30,55608.6,30,0,428280
BANKNIFTY-II.NFO,20/05/2025,09:29:51,55601,55600,570,55609.8,150,30,428280
BANKNIFTY-II.NFO,20/05/2025,09:29:51,55601,55600,570,55609.8,150,0,428280
BANKNIFTY-II.NFO,20/05/2025,09:29:52,55601,55605,30,55606,270,0,428280
BANKNIFTY-II.NFO,20/05/2025,09:29:53,55605,55600,570,55608.2,30,30,428280
BANKNIFTY-II.NFO,20/05/2025,09:29:55,55600,55600,480,55608.2,30,90,428280
BANKNIFTY-II.NFO,20/05/2025,09:29:55,55600,55600,480,55608.2,30,0,428280
BANKNIFTY-II.NFO,20/05/2025,09:29:56,55600,55600,480,55609.8,300,0,428280
BANKNIFTY-II.NFO,20/05/2025,09:29:57,55600,55600,480,55610,30,0,428280
BANKNIFTY-II.NFO,20/05/2025,09:29:58,55600,55600,420,55608.6,300,60,428280
BANKNIFTY-II.NFO,20/05/2025,09:30:00,55600,55600,420,55603.8,300,0,428280
BANKNIFTY-II.NFO,20/05/2025,09:30:01,55591,55590,30,55598.8,120,480,428280
BANKNIFTY-II.NFO,20/05/2025,09:30:01,55591,55590,30,55598.8,120,0,428280
BANKNIFTY-II.NFO,20/05/2025,09:30:02,55592.2,55590,30,55591.8,120,30,428280
BANKNIFTY-II.NFO,20/05/2025,09:30:03,55574.2,55574.6,120,55591.4,120,120,428280
BANKNIFTY-II.NFO,20/05/2025,09:30:03,55574.2,55574.6,120,55591.4,120,0,428280
BANKNIFTY-II.NFO,20/05/2025,09:30:05,55591,55574,30,55586.8,510,30,428280
BANKNIFTY-II.NFO,20/05/2025,09:30:06,55580,55580,30,55589.6,270,90,428280
BANKNIFTY-II.NFO,20/05/2025,09:30:07,55580,55580,30,55586.2,90,0,428280
BANKNIFTY-II.NFO,20/05/2025,09:30:08,55580,55574,30,55585.8,120,30,428280
BANKNIFTY-II.NFO,20/05/2025,09:30:10,55580,55574.2,120,55588,90,0,428280
BANKNIFTY-II.NFO,20/05/2025,09:30:11,55580,55574.2,120,55579.8,30,0,428280
BANKNIFTY-II.NFO,20/05/2025,09:30:13,55580,55579.2,120,55592,300,60,428280
BANKNIFTY-II.NFO,20/05/2025,09:30:15,55580,55579.2,120,55579.8,30,0,428280
BANKNIFTY-II.NFO,20/05/2025,09:30:16,55580,55579.2,120,55593.2,300,60,428280
BANKNIFTY-II.NFO,20/05/2025,09:30:17,55580,55579.2,150,55594.6,300,0,428280
BANKNIFTY-II.NFO,20/05/2025,09:30:18,55581.2,55579.2,150,55594.4,30,60,428280
BANKNIFTY-II.NFO,20/05/2025,09:30:20,55581.2,55579.2,150,55594.6,120,0,428280
BANKNIFTY-II.NFO,20/05/2025,09:30:21,55581.2,55585.8,180,55597.4,300,0,428280
BANKNIFTY-II.NFO,20/05/2025,09:30:22,55581.2,55583.8,120,55597,30,0,428280
BANKNIFTY-II.NFO,20/05/2025,09:30:23,55581.2,55585,150,55605,300,0,428280
BANKNIFTY-II.NFO,20/05/2025,09:30:25,55608.2,55589.6,150,55608.8,60,30,428280
BANKNIFTY-II.NFO,20/05/2025,09:30:26,55608.2,55593.4,150,55609.8,30,0,428280
BANKNIFTY-II.NFO,20/05/2025,09:30:27,55608.2,55590.6,120,55609,150,0,428280
BANKNIFTY-II.NFO,20/05/2025,09:30:28,55609,55591.8,120,55608.8,300,30,428280
BANKNIFTY-II.NFO,20/05/2025,09:30:30,55609,55593,180,55609.8,30,0,428280
BANKNIFTY-II.NFO,20/05/2025,09:30:31,55593,55596.8,210,55609.6,60,30,428280
BANKNIFTY-II.NFO,20/05/2025,09:30:32,55593,55603,150,55609.8,30,0,428280
BANKNIFTY-II.NFO,20/05/2025,09:30:34,55610.4,55607.8,150,55619.8,30,90,428280
BANKNIFTY-II.NFO,20/05/2025,09:30:35,55608,55608,90,55619.8,30,30,428280
BANKNIFTY-II.NFO,20/05/2025,09:30:36,55620,55620,60,55626.8,60,90,427380
BANKNIFTY-II.NFO,20/05/2025,09:30:37,55620,55620,60,55630.8,60,0,427380
BANKNIFTY-II.NFO,20/05/2025,09:30:39,55620,55620,60,55632,30,0,427380
BANKNIFTY-II.NFO,20/05/2025,09:30:40,55620,55620,60,55630.6,120,0,427380
BANKNIFTY-II.NFO,20/05/2025,09:30:41,55620,55620.2,90,55630,120,0,427380
BANKNIFTY-II.NFO,20/05/2025,09:30:42,55620,55608.2,120,55627.4,120,150,427380
BANKNIFTY-II.NFO,20/05/2025,09:30:44,55608.2,55608,60,55621.8,210,30,427380
BANKNIFTY-II.NFO,20/05/2025,09:30:45,55608,55608,30,55623.2,150,60,427380
BANKNIFTY-II.NFO,20/05/2025,09:30:46,55608,55600,120,55613,120,150,427380
BANKNIFTY-II.NFO,20/05/2025,09:30:47,55608,55600,120,55611,120,0,427380
BANKNIFTY-II.NFO,20/05/2025,09:30:49,55608,55600,120,55609.6,60,0,427380
BANKNIFTY-II.NFO,20/05/2025,09:30:50,55608,55609,30,55609.4,120,0,427380
BANKNIFTY-II.NFO,20/05/2025,09:30:51,55609,55600,150,55608,120,30,427380
BANKNIFTY-II.NFO,20/05/2025,09:30:52,55600,55600,120,55606,120,30,427380
BANKNIFTY-II.NFO,20/05/2025,09:30:54,55600,55600,60,55605.2,120,60,427380
BANKNIFTY-II.NFO,20/05/2025,09:30:55,55600,55583.8,120,55605.2,150,60,427380
BANKNIFTY-II.NFO,20/05/2025,09:30:56,55600,55589.8,120,55610.4,150,0,427380
BANKNIFTY-II.NFO,20/05/2025,09:30:57,55600,55590.8,150,55610,420,0,427380
BANKNIFTY-II.NFO,20/05/2025,09:30:59,55600,55586.2,90,55600,30,0,427380
BANKNIFTY-II.NFO,20/05/2025,09:31:00,55600,55586,90,55606.8,150,30,427380
BANKNIFTY-II.NFO,20/05/2025,09:31:01,55600,55580.2,150,55600.8,120,0,427380
BANKNIFTY-II.NFO,20/05/2025,09:31:02,55600,55580,150,55598,120,0,427380
BANKNIFTY-II.NFO,20/05/2025,09:31:04,55600,55580,150,55594.6,150,0,427380
BANKNIFTY-II.NFO,20/05/2025,09:31:05,55600,55580,150,55591,180,0,427380
BANKNIFTY-II.NFO,20/05/2025,09:31:06,55588.2,55571,60,55588.2,120,240,427380
BANKNIFTY-II.NFO,20/05/2025,09:31:06,55574,55571,60,55588.2,120,0,427380
BANKNIFTY-II.NFO,20/05/2025,09:31:07,55588.2,55574.2,180,55593.8,120,0,427380
BANKNIFTY-II.NFO,20/05/2025,09:31:09,55591.6,55575.4,30,55589.2,60,30,427380
BANKNIFTY-II.NFO,20/05/2025,09:31:10,55591.6,55573.2,30,55590.2,150,0,427380
BANKNIFTY-II.NFO,20/05/2025,09:31:11,55591.6,55571.2,120,55587.4,150,0,427380
BANKNIFTY-II.NFO,20/05/2025,09:31:12,55591.6,55573.4,150,55593.6,150,0,427380
BANKNIFTY-II.NFO,20/05/2025,09:31:14,55574.2,55574.2,90,55591.4,150,30,427380
BANKNIFTY-II.NFO,20/05/2025,09:31:15,55574.2,55574.2,90,55590.8,150,0,427380
BANKNIFTY-II.NFO,20/05/2025,09:31:16,55582.8,55575.2,120,55579.6,30,30,427380
BANKNIFTY-II.NFO,20/05/2025,09:31:17,55579.8,55575,30,55579.8,270,90,427380
BANKNIFTY-II.NFO,20/05/2025,09:31:19,55579.8,55575,30,55579.8,270,0,427380
BANKNIFTY-II.NFO,20/05/2025,09:31:21,55579.8,55575,30,55579.8,240,30,427380
BANKNIFTY-II.NFO,20/05/2025,09:31:22,55579.8,55575,30,55579.8,240,0,427380
BANKNIFTY-II.NFO,20/05/2025,09:31:24,55580.2,55579.4,120,55591.6,30,270,427380
BANKNIFTY-II.NFO,20/05/2025,09:31:25,55580.2,55580,120,55591.4,30,0,427380
BANKNIFTY-II.NFO,20/05/2025,09:31:26,55580.2,55580.8,150,55591.4,30,0,427380
BANKNIFTY-II.NFO,20/05/2025,09:31:27,55591.4,55579.8,60,55591.6,30,30,427380
BANKNIFTY-II.NFO,20/05/2025,09:31:29,55591.4,55579.8,60,55591,120,0,427380
BANKNIFTY-II.NFO,20/05/2025,09:31:30,55591.4,55580.2,30,55590.4,30,0,427380
BANKNIFTY-II.NFO,20/05/2025,09:31:31,55580.2,55579.8,60,55588,60,30,427380
BANKNIFTY-II.NFO,20/05/2025,09:31:32,55580.2,55579.8,60,55588,60,0,427380
BANKNIFTY-II.NFO,20/05/2025,09:31:34,55580.2,55579.8,60,55587.8,30,0,427380
BANKNIFTY-II.NFO,20/05/2025,09:31:35,55579.8,55580,120,55591,30,30,427380
BANKNIFTY-II.NFO,20/05/2025,09:31:36,55579.8,55581.8,150,55591.6,30,0,427380
BANKNIFTY-II.NFO,20/05/2025,09:31:37,55591,55580.8,150,55591.6,30,60,427380
BANKNIFTY-II.NFO,20/05/2025,09:31:39,55591,55581.2,150,55591.6,30,0,427380
BANKNIFTY-II.NFO,20/05/2025,09:31:40,55591.6,55584,120,55602.8,150,30,427380
BANKNIFTY-II.NFO,20/05/2025,09:31:41,55591.6,55591,120,55609.4,120,0,427380
BANKNIFTY-II.NFO,20/05/2025,09:31:42,55591.6,55594.2,90,55610.8,30,0,427380
BANKNIFTY-II.NFO,20/05/2025,09:31:44,55591.6,55595.6,90,55610.6,30,0,427380
BANKNIFTY-II.NFO,20/05/2025,09:31:45,55591.6,55592,120,55610.4,150,0,427380
BANKNIFTY-II.NFO,20/05/2025,09:31:46,55591.6,55592.4,150,55611.2,150,0,427380
BANKNIFTY-II.NFO,20/05/2025,09:31:47,55608.8,55591.6,150,55610.2,150,30,427380
BANKNIFTY-II.NFO,20/05/2025,09:31:49,55608.8,55593.8,120,55610.8,30,0,427380
BANKNIFTY-II.NFO,20/05/2025,09:31:50,55608.8,55593.6,180,55610.4,30,0,427380
BANKNIFTY-II.NFO,20/05/2025,09:31:51,55608.8,55594,150,55609.6,30,0,427380
BANKNIFTY-II.NFO,20/05/2025,09:31:52,55608.8,55595.4,150,55612.4,120,0,427380
BANKNIFTY-II.NFO,20/05/2025,09:31:54,55608.8,55591.8,150,55612.4,150,0,427380
BANKNIFTY-II.NFO,20/05/2025,09:31:55,55608.8,55597,150,55614.8,150,0,427380
BANKNIFTY-II.NFO,20/05/2025,09:31:56,55608.8,55595.2,180,55614.8,150,0,427380
BANKNIFTY-II.NFO,20/05/2025,09:31:57,55608.8,55597.6,150,55614.8,120,0,427380
BANKNIFTY-II.NFO,20/05/2025,09:31:59,55597.6,55598.8,150,55619.8,150,30,427380
BANKNIFTY-II.NFO,20/05/2025,09:32:00,55597.6,55600.8,210,55619.4,150,0,427380
BANKNIFTY-II.NFO,20/05/2025,09:32:01,55597.6,55605,120,55624,120,0,427380
BANKNIFTY-II.NFO,20/05/2025,09:32:02,55597.6,55604.2,150,55624,150,0,427380
BANKNIFTY-II.NFO,20/05/2025,09:32:04,55597.6,55601,120,55621,120,0,427380
BANKNIFTY-II.NFO,20/05/2025,09:32:05,55597.6,55600.2,150,55619.4,120,0,427380
BANKNIFTY-II.NFO,20/05/2025,09:32:06,55597.6,55600,90,55619.4,120,0,427380
BANKNIFTY-II.NFO,20/05/2025,09:32:07,55597.6,55605.8,120,55624,120,0,427380
BANKNIFTY-II.NFO,20/05/2025,09:32:09,55597.6,55607.4,150,55624,120,0,427380
BANKNIFTY-II.NFO,20/05/2025,09:32:10,55624.8,55615.2,210,55625,30,30,427380
BANKNIFTY-II.NFO,20/05/2025,09:32:11,55624.8,55610,120,55624.8,30,0,427380
BANKNIFTY-II.NFO,20/05/2025,09:32:12,55624.8,55611.2,150,55624.8,30,0,427380
BANKNIFTY-II.NFO,20/05/2025,09:32:14,55624.8,55613.8,90,55625,30,30,427380
BANKNIFTY-II.NFO,20/05/2025,09:32:15,55624.8,55613.2,120,55625,30,0,427380
BANKNIFTY-II.NFO,20/05/2025,09:32:16,55624.8,55613.4,150,55625,30,0,427380
BANKNIFTY-II.NFO,20/05/2025,09:32:17,55624.8,55614.6,120,55625,30,0,427380
BANKNIFTY-II.NFO,20/05/2025,09:32:19,55624.8,55613.8,150,55625,30,0,427380
BANKNIFTY-II.NFO,20/05/2025,09:32:20,55624.8,55613.8,60,55625,30,0,427380
BANKNIFTY-II.NFO,20/05/2025,09:32:21,55625,55616.6,240,55634.8,120,60,427380
BANKNIFTY-II.NFO,20/05/2025,09:32:22,55625,55625,60,55639,120,0,427380
BANKNIFTY-II.NFO,20/05/2025,09:32:24,55625,55627,60,55642.4,120,0,427380
BANKNIFTY-II.NFO,20/05/2025,09:32:25,55625,55628.6,30,55643,120,0,427380
BANKNIFTY-II.NFO,20/05/2025,09:32:26,55625,55629,30,55643,120,0,427380
BANKNIFTY-II.NFO,20/05/2025,09:32:27,55625,55630.2,30,55643.6,120,0,427380
BANKNIFTY-II.NFO,20/05/2025,09:32:29,55643.6,55636,30,55643.6,30,90,427380
BANKNIFTY-II.NFO,20/05/2025,09:32:30,55636,55624.8,30,55638.8,120,30,427380
BANKNIFTY-II.NFO,20/05/2025,09:32:31,55624.8,55623.8,30,55636.2,60,30,427380
BANKNIFTY-II.NFO,20/05/2025,09:32:32,55624.6,55624,180,55641.8,120,60,427380
BANKNIFTY-II.NFO,20/05/2025,09:32:34,55624.6,55625.2,150,55641.4,60,0,427380
BANKNIFTY-II.NFO,20/05/2025,09:32:35,55624.6,55625.4,60,55641,120,0,427380
BANKNIFTY-II.NFO,20/05/2025,09:32:36,55624.6,55625,60,55640,120,0,427380
BANKNIFTY-II.NFO,20/05/2025,09:32:37,55624.6,55625,60,55636,240,0,427380
BANKNIFTY-II.NFO,20/05/2025,09:32:39,55624.6,55625,60,55635.8,240,0,427380
BANKNIFTY-II.NFO,20/05/2025,09:32:40,55624.6,55625,60,55637.4,120,0,427380
BANKNIFTY-II.NFO,20/05/2025,09:32:41,55634.8,55625,60,55635.2,120,30,427380
BANKNIFTY-II.NFO,20/05/2025,09:32:42,55634.8,55625,60,55635.8,30,0,427380
BANKNIFTY-II.NFO,20/05/2025,09:32:44,55624.8,55624.6,30,55629.6,240,90,427380
BANKNIFTY-II.NFO,20/05/2025,09:32:45,55625,55624.6,30,55630,240,30,427380
BANKNIFTY-II.NFO,20/05/2025,09:32:46,55625,55622.8,30,55630.6,240,120,427380
BANKNIFTY-II.NFO,20/05/2025,09:32:47,55623.8,55621.8,30,55624.6,30,60,427380
BANKNIFTY-II.NFO,20/05/2025,09:32:49,55622.8,55621.8,30,55624.6,30,30,427380
BANKNIFTY-II.NFO,20/05/2025,09:32:50,55620.8,55610,30,55624,30,60,427380
BANKNIFTY-II.NFO,20/05/2025,09:32:51,55620.8,55610,30,55620.6,30,0,427380
BANKNIFTY-II.NFO,20/05/2025,09:32:52,55620.8,55610.2,120,55620.6,30,0,427380
BANKNIFTY-II.NFO,20/05/2025,09:32:55,55620.8,55610.2,120,55621.6,30,60,427380
BANKNIFTY-II.NFO,20/05/2025,09:32:56,55620.8,55613,120,55621.6,30,0,427380
BANKNIFTY-II.NFO,20/05/2025,09:32:57,55621.8,55620,120,55637.2,240,60,427380
BANKNIFTY-II.NFO,20/05/2025,09:32:59,55621.8,55620.8,120,55637,240,0,427380
BANKNIFTY-II.NFO,20/05/2025,09:33:00,55621.8,55615.6,120,55633.2,240,0,427380
BANKNIFTY-II.NFO,20/05/2025,09:33:01,55621.8,55617.4,150,55625,30,0,427380
BANKNIFTY-II.NFO,20/05/2025,09:33:02,55621.8,55623,30,55625,30,0,427380
BANKNIFTY-II.NFO,20/05/2025,09:33:04,55623,55610.4,150,55625,30,30,427380
BANKNIFTY-II.NFO,20/05/2025,09:33:05,55623,55612.2,120,55623,30,0,427380
BANKNIFTY-II.NFO,20/05/2025,09:33:06,55623,55610.8,210,55623,30,0,427380
BANKNIFTY-II.NFO,20/05/2025,09:33:07,55623,55614.4,180,55623,30,0,427380
BANKNIFTY-II.NFO,20/05/2025,09:33:09,55620.2,55613.8,120,55625,30,30,427380
BANKNIFTY-II.NFO,20/05/2025,09:33:10,55620.2,55611.4,120,55625,30,0,427380
BANKNIFTY-II.NFO,20/05/2025,09:33:11,55620.2,55610.2,120,55624.6,240,0,427380
BANKNIFTY-II.NFO,20/05/2025,09:33:12,55620.2,55610,30,55618.8,240,0,427380
BANKNIFTY-II.NFO,20/05/2025,09:33:14,55610,55604.8,120,55623,270,30,427380
BANKNIFTY-II.NFO,20/05/2025,09:33:15,55610,55600.4,120,55610,30,0,427380
BANKNIFTY-II.NFO,20/05/2025,09:33:16,55610,55600.2,30,55610,30,0,427380
BANKNIFTY-II.NFO,20/05/2025,09:33:17,55610,55601.2,120,55610,30,0,427380
BANKNIFTY-II.NFO,20/05/2025,09:33:19,55610,55600.4,180,55607.2,30,0,427380
BANKNIFTY-II.NFO,20/05/2025,09:33:20,55610,55600.2,30,55607.2,30,0,427380
BANKNIFTY-II.NFO,20/05/2025,09:33:25,55610,55600.2,30,55606.2,120,0,427380
BANKNIFTY-II.NFO,20/05/2025,09:33:26,55600,55596,30,55599.8,150,150,427380
BANKNIFTY-II.NFO,20/05/2025,09:33:27,55596,55591.6,30,55599,120,30,427380
BANKNIFTY-II.NFO,20/05/2025,09:33:29,55596,55591.6,30,55601.6,30,0,427380
BANKNIFTY-II.NFO,20/05/2025,09:33:30,55596,55591.6,30,55604.4,270,0,427380
BANKNIFTY-II.NFO,20/05/2025,09:33:31,55596,55591.6,30,55605.4,150,0,427380
BANKNIFTY-II.NFO,20/05/2025,09:33:32,55596,55591.6,30,55599.6,150,0,427380
BANKNIFTY-II.NFO,20/05/2025,09:33:34,55596.4,55591.6,30,55599,120,90,427380
BANKNIFTY-II.NFO,20/05/2025,09:33:35,55596.4,55591.6,30,55594.8,60,0,427380
BANKNIFTY-II.NFO,20/05/2025,09:33:36,55591.6,55582,30,55592,120,30,427380
BANKNIFTY-II.NFO,20/05/2025,09:33:37,55591.6,55582,30,55591.4,60,0,428010
BANKNIFTY-II.NFO,20/05/2025,09:33:39,55591.6,55582,30,55591.6,30,0,428010
BANKNIFTY-II.NFO,20/05/2025,09:33:42,55596.4,55589,30,55602.6,30,60,428010
BANKNIFTY-II.NFO,20/05/2025,09:33:44,55596.4,55588.4,120,55603.6,120,0,428010
BANKNIFTY-II.NFO,20/05/2025,09:33:45,55596.4,55587.2,180,55605,120,0,428010
BANKNIFTY-II.NFO,20/05/2025,09:33:46,55596.4,55588.8,150,55605.4,180,0,428010
BANKNIFTY-II.NFO,20/05/2025,09:33:47,55596.4,55589.6,120,55603.8,90,0,428010
BANKNIFTY-II.NFO,20/05/2025,09:33:49,55596.4,55588.8,150,55604.4,180,0,428010
BANKNIFTY-II.NFO,20/05/2025,09:33:50,55599.8,55586.8,150,55605.6,120,60,428010
BANKNIFTY-II.NFO,20/05/2025,09:33:51,55599,55591.6,30,55605.8,60,60,428010
BANKNIFTY-II.NFO,20/05/2025,09:33:52,55599,55591.6,30,55605.2,30,0,428010
BANKNIFTY-II.NFO,20/05/2025,09:33:54,55599,55591.6,30,55604.8,90,0,428010
BANKNIFTY-II.NFO,20/05/2025,09:33:55,55604,55591.6,30,55602.2,30,30,428010
BANKNIFTY-II.NFO,20/05/2025,09:33:56,55600,55591.6,30,55603.4,90,30,428010
BANKNIFTY-II.NFO,20/05/2025,09:33:57,55600,55591.6,30,55602.8,30,0,428010
BANKNIFTY-II.NFO,20/05/2025,09:33:59,55600,55591.6,30,55599.4,30,0,428010
BANKNIFTY-II.NFO,20/05/2025,09:34:00,55591.6,55582.2,30,55599.6,30,30,428010
BANKNIFTY-II.NFO,20/05/2025,09:34:01,55591.6,55590,30,55595,90,0,428010
BANKNIFTY-II.NFO,20/05/2025,09:34:02,55590,55582,30,55591.4,90,30,428010
BANKNIFTY-II.NFO,20/05/2025,09:34:04,55590,55582,30,55590.8,90,0,428010
BANKNIFTY-II.NFO,20/05/2025,09:34:05,55590,55582,30,55593.8,120,0,428010
BANKNIFTY-II.NFO,20/05/2025,09:34:06,55590,55582,30,55592.2,60,0,428010
BANKNIFTY-II.NFO,20/05/2025,09:34:07,55582,55581,30,55593.4,90,30,428010
BANKNIFTY-II.NFO,20/05/2025,09:34:09,55593.6,55581,30,55593.6,90,30,428010
BANKNIFTY-II.NFO,20/05/2025,09:34:10,55593.6,55581,30,55593.6,90,0,428010
BANKNIFTY-II.NFO,20/05/2025,09:34:11,55593.6,55581,30,55594,90,0,428010
BANKNIFTY-II.NFO,20/05/2025,09:34:12,55593.6,55581,30,55592.2,90,0,428010
BANKNIFTY-II.NFO,20/05/2025,09:34:14,55593.6,55581,30,55593,90,0,428010
BANKNIFTY-II.NFO,20/05/2025,09:34:15,55593.6,55581,30,55596,120,0,428010
BANKNIFTY-II.NFO,20/05/2025,09:34:16,55581,55580.4,60,55593.2,90,30,428010
BANKNIFTY-II.NFO,20/05/2025,09:34:17,55581,55580.4,60,55594.8,120,0,428010
BANKNIFTY-II.NFO,20/05/2025,09:34:19,55581,55580.4,60,55594.2,90,0,428010
BANKNIFTY-II.NFO,20/05/2025,09:34:20,55581,55580.4,60,55592.8,90,0,428010
BANKNIFTY-II.NFO,20/05/2025,09:34:21,55581,55581,120,55597.2,120,0,428010
BANKNIFTY-II.NFO,20/05/2025,09:34:22,55597.2,55586.4,120,55597.6,30,30,428010
BANKNIFTY-II.NFO,20/05/2025,09:34:24,55597.2,55580.8,30,55597.4,90,0,428010
BANKNIFTY-II.NFO,20/05/2025,09:34:25,55597.2,55580.8,30,55594.4,270,0,428010
BANKNIFTY-II.NFO,20/05/2025,09:34:26,55597.2,55582.8,30,55599.4,120,0,428010
BANKNIFTY-II.NFO,20/05/2025,09:34:27,55597.2,55580.8,30,55595.4,60,0,428010
BANKNIFTY-II.NFO,20/05/2025,09:34:29,55597.2,55581.8,120,55595.2,30,0,428010
BANKNIFTY-II.NFO,20/05/2025,09:34:30,55597.2,55582.4,30,55595.2,30,0,428010
BANKNIFTY-II.NFO,20/05/2025,09:34:31,55595.2,55585,120,55600,30,30,428010
BANKNIFTY-II.NFO,20/05/2025,09:34:34,55595.2,55585,120,55599.8,60,0,428010
BANKNIFTY-II.NFO,20/05/2025,09:34:35,55584.8,55582.6,120,55599.6,120,30,428010
BANKNIFTY-II.NFO,20/05/2025,09:34:36,55584.8,55584.2,150,55600,30,0,428010
BANKNIFTY-II.NFO,20/05/2025,09:34:39,55584.8,55585.4,150,55600,30,0,428010
BANKNIFTY-II.NFO,20/05/2025,09:34:40,55584.8,55585.2,120,55600,30,0,428010
BANKNIFTY-II.NFO,20/05/2025,09:34:41,55584.8,55586.4,150,55600,30,0,428010
BANKNIFTY-II.NFO,20/05/2025,09:34:42,55584.8,55588.6,120,55600,30,0,428010
BANKNIFTY-II.NFO,20/05/2025,09:34:44,55590,55588.2,120,55600,30,30,428010
BANKNIFTY-II.NFO,20/05/2025,09:34:45,55590,55588.6,120,55600,30,0,428010
BANKNIFTY-II.NFO,20/05/2025,09:34:46,55590,55586.4,180,55600,30,0,428010
BANKNIFTY-II.NFO,20/05/2025,09:34:47,55590,55585.6,180,55600,30,0,428010
BANKNIFTY-II.NFO,20/05/2025,09:34:49,55590,55586.2,120,55600,30,0,428010
BANKNIFTY-II.NFO,20/05/2025,09:34:50,55600,55588,150,55604.8,60,30,428010
BANKNIFTY-II.NFO,20/05/2025,09:34:51,55600,55591.4,120,55607,30,0,428010
BANKNIFTY-II.NFO,20/05/2025,09:34:52,55600,55591.4,150,55607,30,0,428010
BANKNIFTY-II.NFO,20/05/2025,09:34:54,55600,55591.4,120,55606.8,90,0,428010
BANKNIFTY-II.NFO,20/05/2025,09:34:55,55600,55592.2,150,55607,30,0,428010
BANKNIFTY-II.NFO,20/05/2025,09:34:56,55592.2,55592,30,55606.8,60,30,428010
BANKNIFTY-II.NFO,20/05/2025,09:34:58,55592.2,55588.4,30,55603,30,0,428010
BANKNIFTY-II.NFO,20/05/2025,09:34:59,55592.2,55588.8,120,55603.8,30,0,428010
BANKNIFTY-II.NFO,20/05/2025,09:35:00,55592.2,55590.8,150,55607,30,0,428010
BANKNIFTY-II.NFO,20/05/2025,09:35:01,55592.2,55590.8,150,55606.8,120,0,428010
BANKNIFTY-II.NFO,20/05/2025,09:35:03,55592.2,55590.8,120,55606.2,30,0,428010
BANKNIFTY-II.NFO,20/05/2025,09:35:04,55592.2,55590.6,30,55606.6,30,0,428010
BANKNIFTY-II.NFO,20/05/2025,09:35:05,55592.2,55590.6,30,55604.8,90,0,428010
BANKNIFTY-II.NFO,20/05/2025,09:35:06,55588.4,55586.4,150,55603.2,90,30,428010
BANKNIFTY-II.NFO,20/05/2025,09:35:08,55588.4,55588.6,180,55605,90,0,428010
BANKNIFTY-II.NFO,20/05/2025,09:35:09,55588.4,55590.2,150,55606.8,90,0,428010
BANKNIFTY-II.NFO,20/05/2025,09:35:10,55607,55599.6,120,55607.2,30,30,428010
BANKNIFTY-II.NFO,20/05/2025,09:35:11,55607,55600,120,55607.2,30,0,428010
BANKNIFTY-II.NFO,20/05/2025,09:35:13,55607,55606.8,30,55607.2,30,0,428010
BANKNIFTY-II.NFO,20/05/2025,09:35:18,55606.8,55593.8,30,55607.2,30,30,428010
BANKNIFTY-II.NFO,20/05/2025,09:35:19,55606.8,55596,120,55607.2,30,0,428010
BANKNIFTY-II.NFO,20/05/2025,09:35:20,55606.8,55600.8,120,55607.2,30,0,428010
BANKNIFTY-II.NFO,20/05/2025,09:35:21,55606.8,55597,150,55607.2,30,0,428010
BANKNIFTY-II.NFO,20/05/2025,09:35:23,55606.8,55597.6,180,55607.2,30,0,428010
BANKNIFTY-II.NFO,20/05/2025,09:35:24,55606.8,55598.8,150,55607.2,30,0,428010
BANKNIFTY-II.NFO,20/05/2025,09:35:25,55606.8,55599.2,150,55607.2,30,0,428010
BANKNIFTY-II.NFO,20/05/2025,09:35:26,55606.8,55601.2,150,55607.2,30,0,428010
BANKNIFTY-II.NFO,20/05/2025,09:35:28,55606.8,55600.8,120,55607.2,30,0,428010
BANKNIFTY-II.NFO,20/05/2025,09:35:29,55606.8,55600.2,60,55607.2,30,0,428010
BANKNIFTY-II.NFO,20/05/2025,09:35:31,55607.2,55600.2,60,55614.2,360,30,428010
BANKNIFTY-II.NFO,20/05/2025,09:35:33,55607.2,55600.2,60,55608.4,90,0,428010
BANKNIFTY-II.NFO,20/05/2025,09:35:34,55593.8,55594.8,150,55612.8,90,150,428010
BANKNIFTY-II.NFO,20/05/2025,09:35:35,55593.8,55595.4,150,55612.8,90,0,428010
BANKNIFTY-II.NFO,20/05/2025,09:35:36,55593.8,55595.4,180,55613.4,90,0,428010
BANKNIFTY-II.NFO,20/05/2025,09:35:38,55593.8,55594.2,30,55609,60,0,428010
BANKNIFTY-II.NFO,20/05/2025,09:35:39,55593.8,55593.2,60,55608.6,90,0,428010
BANKNIFTY-II.NFO,20/05/2025,09:35:40,55593.8,55593,150,55608.6,90,0,428010
BANKNIFTY-II.NFO,20/05/2025,09:35:41,55593.8,55593.6,60,55608.6,30,0,428010
BANKNIFTY-II.NFO,20/05/2025,09:35:43,55608.6,55600,30,55608.4,60,30,428010
BANKNIFTY-II.NFO,20/05/2025,09:35:44,55608.6,55600,30,55608.6,90,0,428010
BANKNIFTY-II.NFO,20/05/2025,09:35:45,55608.6,55600,30,55608.6,60,0,428010
BANKNIFTY-II.NFO,20/05/2025,09:35:46,55608.6,55600,30,55608.8,30,0,428010
BANKNIFTY-II.NFO,20/05/2025,09:35:49,55608.6,55601.4,120,55608.8,30,0,428010
BANKNIFTY-II.NFO,20/05/2025,09:35:50,55608.6,55603,120,55608.8,30,0,428010
BANKNIFTY-II.NFO,20/05/2025,09:35:51,55608.6,55600.2,150,55608.8,30,0,428010
BANKNIFTY-II.NFO,20/05/2025,09:35:53,55608.6,55601.4,120,55608.8,30,0,428010
BANKNIFTY-II.NFO,20/05/2025,09:35:54,55608.6,55601.2,30,55614.8,240,0,428010
BANKNIFTY-II.NFO,20/05/2025,09:35:55,55608.6,55601.2,30,55616,90,0,428010
BANKNIFTY-II.NFO,20/05/2025,09:35:56,55615,55601.2,30,55616.6,60,30,428010
BANKNIFTY-II.NFO,20/05/2025,09:35:58,55615,55601.2,30,55608.8,90,0,428010
BANKNIFTY-II.NFO,20/05/2025,09:35:59,55615,55601.2,30,55606.6,360,0,428010
BANKNIFTY-II.NFO,20/05/2025,09:36:00,55601.2,55595.8,30,55609.8,90,30,428010
BANKNIFTY-II.NFO,20/05/2025,09:36:01,55601.2,55593.2,30,55606.4,90,0,428010
BANKNIFTY-II.NFO,20/05/2025,09:36:03,55601.2,55593,30,55603.6,30,0,428010
BANKNIFTY-II.NFO,20/05/2025,09:36:04,55601.2,55593,30,55599.8,30,0,428010
BANKNIFTY-II.NFO,20/05/2025,09:36:05,55601.2,55593,30,55599.4,30,0,428010
BANKNIFTY-II.NFO,20/05/2025,09:36:06,55597.2,55593,30,55601.2,90,30,428010
BANKNIFTY-II.NFO,20/05/2025,09:36:08,55597.2,55593,30,55603.4,120,0,428010
BANKNIFTY-II.NFO,20/05/2025,09:36:09,55597.2,55593,30,55605,30,0,428010
BANKNIFTY-II.NFO,20/05/2025,09:36:11,55604.8,55593,30,55604.8,90,30,428010
BANKNIFTY-II.NFO,20/05/2025,09:36:12,55604.8,55593,30,55606.2,30,0,428010
BANKNIFTY-II.NFO,20/05/2025,09:36:14,55593,55590.2,120,55606,120,30,428010
BANKNIFTY-II.NFO,20/05/2025,09:36:15,55593,55590.2,150,55606,60,0,428010
BANKNIFTY-II.NFO,20/05/2025,09:36:16,55606,55593.2,150,55612.6,90,30,428010
BANKNIFTY-II.NFO,20/05/2025,09:36:17,55606,55593.2,150,55612.2,90,0,428010
BANKNIFTY-II.NFO,20/05/2025,09:36:19,55606,55595.2,210,55614.8,90,0,428010
BANKNIFTY-II.NFO,20/05/2025,09:36:20,55606,55599.2,210,55616.8,30,0,428010
BANKNIFTY-II.NFO,20/05/2025,09:36:21,55606,55600.4,150,55616.6,30,0,428010
BANKNIFTY-II.NFO,20/05/2025,09:36:24,55600.4,55600.4,120,55616.6,60,30,428010
BANKNIFTY-II.NFO,20/05/2025,09:36:25,55600.4,55600.4,120,55616.6,30,0,428010
BANKNIFTY-II.NFO,20/05/2025,09:36:26,55600.4,55600.8,210,55616.6,30,0,428010
BANKNIFTY-II.NFO,20/05/2025,09:36:27,55600.4,55607.2,210,55623.2,60,0,428010
BANKNIFTY-II.NFO,20/05/2025,09:36:29,55600.4,55607.6,150,55624.4,30,0,428010
BANKNIFTY-II.NFO,20/05/2025,09:36:30,55600.4,55609.6,150,55625,30,0,428010
BANKNIFTY-II.NFO,20/05/2025,09:36:31,55600.4,55611.6,210,55625,30,0,428010
BANKNIFTY-II.NFO,20/05/2025,09:36:32,55600.4,55611.6,150,55625,30,0,428010
BANKNIFTY-II.NFO,20/05/2025,09:36:34,55600.4,55611.6,210,55625,30,0,428010
BANKNIFTY-II.NFO,20/05/2025,09:36:35,55625,55612,150,55628.6,30,30,428010
BANKNIFTY-II.NFO,20/05/2025,09:36:36,55628.4,55612,150,55628.4,30,30,428520
BANKNIFTY-II.NFO,20/05/2025,09:36:37,55628.4,55612,150,55628.4,30,0,428520
BANKNIFTY-II.NFO,20/05/2025,09:36:39,55628.4,55606.6,120,55628.4,60,0,428520
BANKNIFTY-II.NFO,20/05/2025,09:36:40,55628.4,55608.2,180,55628.4,60,30,428520
BANKNIFTY-II.NFO,20/05/2025,09:36:41,55628.4,55610.2,210,55629.8,60,0,428520
BANKNIFTY-II.NFO,20/05/2025,09:36:42,55628.4,55613.6,240,55630.6,30,0,428520
BANKNIFTY-II.NFO,20/05/2025,09:36:44,55628.4,55613.6,180,55630.8,30,0,428520
BANKNIFTY-II.NFO,20/05/2025,09:36:45,55628.4,55610.6,60,55627.6,60,0,428520
BANKNIFTY-II.NFO,20/05/2025,09:36:46,55628.4,55610.2,30,55624,30,0,428520
BANKNIFTY-II.NFO,20/05/2025,09:36:47,55628.4,55610.2,30,55625,30,0,428520
BANKNIFTY-II.NFO,20/05/2025,09:36:49,55628.4,55610.4,150,55626.4,30,0,428520
BANKNIFTY-II.NFO,20/05/2025,09:36:50,55628.4,55610.4,180,55627.2,30,0,428520
BANKNIFTY-II.NFO,20/05/2025,09:36:51,55628.4,55610.6,150,55628.4,30,0,428520
BANKNIFTY-II.NFO,20/05/2025,09:36:52,55628.4,55610.6,150,55629.8,60,0,428520
BANKNIFTY-II.NFO,20/05/2025,09:36:54,55628.4,55610.6,150,55628.6,60,0,428520
BANKNIFTY-II.NFO,20/05/2025,09:36:55,55628.4,55616.4,210,55633,30,0,428520
BANKNIFTY-II.NFO,20/05/2025,09:36:56,55628.4,55614.4,120,55628.4,30,0,428520
BANKNIFTY-II.NFO,20/05/2025,09:36:57,55628.4,55616.6,150,55628.4,30,0,428520
BANKNIFTY-II.NFO,20/05/2025,09:36:59,55628.4,55619.8,150,55628.4,30,0,428520
BANKNIFTY-II.NFO,20/05/2025,09:37:00,55628.4,55617.8,150,55628.4,30,0,428520
BANKNIFTY-II.NFO,20/05/2025,09:37:01,55628.4,55622.8,150,55642.4,30,30,428520
BANKNIFTY-II.NFO,20/05/2025,09:37:02,55628.4,55623.2,240,55642.4,30,0,428520
BANKNIFTY-II.NFO,20/05/2025,09:37:04,55628.4,55624.6,150,55642.8,30,0,428520
BANKNIFTY-II.NFO,20/05/2025,09:37:05,55628.4,55625.8,150,55642.4,30,0,428520
BANKNIFTY-II.NFO,20/05/2025,09:37:06,55642.4,55625.8,150,55642.6,30,30,428520
BANKNIFTY-II.NFO,20/05/2025,09:37:07,55642.4,55627.4,150,55642.6,30,0,428520
BANKNIFTY-II.NFO,20/05/2025,09:37:09,55642.4,55629.2,120,55642.6,30,0,428520
BANKNIFTY-II.NFO,20/05/2025,09:37:14,55642.4,55628.4,330,55642.6,30,0,428520
BANKNIFTY-II.NFO,20/05/2025,09:37:15,55642.4,55628.4,300,55642.6,30,0,428520
BANKNIFTY-II.NFO,20/05/2025,09:37:16,55642.4,55628.4,300,55641.6,270,0,428520
BANKNIFTY-II.NFO,20/05/2025,09:37:17,55642,55628.4,300,55639.8,60,300,428520
BANKNIFTY-II.NFO,20/05/2025,09:37:19,55642,55628.4,300,55639.8,60,0,428520
BANKNIFTY-II.NFO,20/05/2025,09:37:20,55642,55628.4,300,55639.6,60,0,428520
BANKNIFTY-II.NFO,20/05/2025,09:37:22,55642,55628.4,300,55637.2,90,0,428520
BANKNIFTY-II.NFO,20/05/2025,09:37:24,55642,55628.4,300,55634.4,90,0,428520
BANKNIFTY-II.NFO,20/05/2025,09:37:25,55642,55628.4,300,55635.8,60,0,428520
BANKNIFTY-II.NFO,20/05/2025,09:37:26,55642,55628.4,300,55639.4,60,0,428520
BANKNIFTY-II.NFO,20/05/2025,09:37:27,55642,55630.2,30,55639.6,60,0,428520
BANKNIFTY-II.NFO,20/05/2025,09:37:29,55642,55630.2,30,55639.4,30,0,428520
BANKNIFTY-II.NFO,20/05/2025,09:37:30,55641,55630.2,30,55643,30,60,428520
BANKNIFTY-II.NFO,20/05/2025,09:37:31,55641,55630.4,120,55643,30,0,428520
BANKNIFTY-II.NFO,20/05/2025,09:37:34,55641,55630.8,180,55643,30,0,428520
BANKNIFTY-II.NFO,20/05/2025,09:37:35,55641,55630.4,150,55643,30,0,428520
BANKNIFTY-II.NFO,20/05/2025,09:37:37,55643,55631.4,150,55648.4,60,30,428520
BANKNIFTY-II.NFO,20/05/2025,09:37:39,55643,55631.8,150,55649.8,60,0,428520
BANKNIFTY-II.NFO,20/05/2025,09:37:40,55643,55635,150,55652.4,30,0,428520
BANKNIFTY-II.NFO,20/05/2025,09:37:41,55643,55635,150,55652.2,60,0,428520
BANKNIFTY-II.NFO,20/05/2025,09:37:42,55652.2,55634.8,30,55650.2,60,60,428520
BANKNIFTY-II.NFO,20/05/2025,09:37:44,55652.2,55632.4,120,55649.6,150,0,428520
BANKNIFTY-II.NFO,20/05/2025,09:37:45,55652.2,55635.2,30,55647.6,30,0,428520
BANKNIFTY-II.NFO,20/05/2025,09:37:46,55647,55627.8,150,55644.8,60,300,428520
BANKNIFTY-II.NFO,20/05/2025,09:37:47,55647,55627.8,150,55647,60,0,428520
BANKNIFTY-II.NFO,20/05/2025,09:37:49,55645.8,55642,30,55646.4,60,30,428520
BANKNIFTY-II.NFO,20/05/2025,09:37:50,55645.8,55642,30,55647.2,30,0,428520
BANKNIFTY-II.NFO,20/05/2025,09:37:51,55648.2,55642,30,55650.8,60,30,428520
BANKNIFTY-II.NFO,20/05/2025,09:37:52,55648.2,55642,30,55655,30,0,428520
BANKNIFTY-II.NFO,20/05/2025,09:37:55,55655,55642,30,55655.2,60,30,428520
BANKNIFTY-II.NFO,20/05/2025,09:37:56,55655,55643,30,55655.2,60,0,428520
BANKNIFTY-II.NFO,20/05/2025,09:37:57,55655,55643,30,55654.4,30,0,428520
BANKNIFTY-II.NFO,20/05/2025,09:37:59,55655,55643,30,55653,30,0,428520
BANKNIFTY-II.NFO,20/05/2025,09:38:00,55655,55643.2,30,55651.8,60,0,428520
BANKNIFTY-II.NFO,20/05/2025,09:38:01,55651.8,55643,30,55651.4,60,30,428520
BANKNIFTY-II.NFO,20/05/2025,09:38:02,55651.8,55643,30,55647.6,60,0,428520
BANKNIFTY-II.NFO,20/05/2025,09:38:04,55651.8,55647,30,55651.6,60,0,428520
BANKNIFTY-II.NFO,20/05/2025,09:38:06,55651.6,55647,30,55651.8,30,30,428520
BANKNIFTY-II.NFO,20/05/2025,09:38:07,55651.6,55647,30,55651.8,30,0,428520
BANKNIFTY-II.NFO,20/05/2025,09:38:09,55647,55636.6,120,55651.8,30,30,428520
BANKNIFTY-II.NFO,20/05/2025,09:38:10,55647,55636,180,55652,30,0,428520
BANKNIFTY-II.NFO,20/05/2025,09:38:11,55647,55636.8,150,55652,30,0,428520
BANKNIFTY-II.NFO,20/05/2025,09:38:12,55647,55636.8,150,55651.8,30,0,428520
BANKNIFTY-II.NFO,20/05/2025,09:38:15,55647,55636.8,150,55653.4,330,0,428520
BANKNIFTY-II.NFO,20/05/2025,09:38:16,55647,55636.8,150,55653.4,30,0,428520
BANKNIFTY-II.NFO,20/05/2025,09:38:19,55647,55636.8,120,55650.2,30,0,428520
BANKNIFTY-II.NFO,20/05/2025,09:38:20,55647,55636.8,210,55654.8,60,0,428520
BANKNIFTY-II.NFO,20/05/2025,09:38:21,55647,55651.2,30,55653.4,30,0,428520
BANKNIFTY-II.NFO,20/05/2025,09:38:25,55653.4,55651.2,30,55655.2,300,30,428520
BANKNIFTY-II.NFO,20/05/2025,09:38:26,55653.4,55640.4,60,55655.2,300,0,428520
BANKNIFTY-II.NFO,20/05/2025,09:38:29,55654,55639.2,150,55655.2,450,30,428520
BANKNIFTY-II.NFO,20/05/2025,09:38:30,55654,55639.2,150,55655.6,180,0,428520
BANKNIFTY-II.NFO,20/05/2025,09:38:35,55654,55644.6,120,55662,150,0,428520
BANKNIFTY-II.NFO,20/05/2025,09:38:36,55654,55642.6,150,55661.2,30,0,428520
BANKNIFTY-II.NFO,20/05/2025,09:38:37,55654,55639.4,120,55656.2,150,0,428520
BANKNIFTY-II.NFO,20/05/2025,09:38:39,55654,55636.2,150,55653,30,0,428520
BANKNIFTY-II.NFO,20/05/2025,09:38:40,55654,55640.2,30,55651.4,30,0,428520
BANKNIFTY-II.NFO,20/05/2025,09:38:41,55654,55640.2,30,55651.8,150,0,428520
BANKNIFTY-II.NFO,20/05/2025,09:38:42,55654,55640.2,30,55649.8,150,0,428520
BANKNIFTY-II.NFO,20/05/2025,09:38:44,55654,55640.2,30,55645.8,150,0,428520
BANKNIFTY-II.NFO,20/05/2025,09:38:45,55640,55636,30,55644.2,150,60,428520
BANKNIFTY-II.NFO,20/05/2025,09:38:46,55636,55625.4,30,55637.6,30,30,428520
BANKNIFTY-II.NFO,20/05/2025,09:38:47,55637.2,55625.4,30,55637.2,120,30,428520
BANKNIFTY-II.NFO,20/05/2025,09:38:49,55637.2,55625,90,55637,120,0,428520
BANKNIFTY-II.NFO,20/05/2025,09:38:50,55625,55626.2,30,55635.8,120,30,428520
BANKNIFTY-II.NFO,20/05/2025,09:38:51,55625,55626.4,120,55641.4,120,0,428520
BANKNIFTY-II.NFO,20/05/2025,09:38:52,55625,55626.4,120,55640,150,0,428520
BANKNIFTY-II.NFO,20/05/2025,09:38:54,55626.4,55627.2,180,55643.6,60,60,428520
BANKNIFTY-II.NFO,20/05/2025,09:38:55,55626.4,55626.4,150,55642.8,60,0,428520
BANKNIFTY-II.NFO,20/05/2025,09:38:56,55637,55626.4,120,55642.2,60,30,428520
BANKNIFTY-II.NFO,20/05/2025,09:38:57,55637,55628,150,55644.4,30,0,428520
BANKNIFTY-II.NFO,20/05/2025,09:38:59,55637.2,55626.6,120,55644,60,60,428520
BANKNIFTY-II.NFO,20/05/2025,09:39:00,55637.2,55626.4,120,55642.2,60,0,428520
BANKNIFTY-II.NFO,20/05/2025,09:39:01,55626.6,55626.6,120,55642.8,60,60,428520
BANKNIFTY-II.NFO,20/05/2025,09:39:02,55626.6,55626.4,120,55642.6,60,0,428520
BANKNIFTY-II.NFO,20/05/2025,09:39:04,55626.6,55626.6,150,55644,60,0,428520
BANKNIFTY-II.NFO,20/05/2025,09:39:05,55626.6,55626.6,150,55644,90,0,428520
BANKNIFTY-II.NFO,20/05/2025,09:39:06,55626.6,55626.6,120,55643,90,0,428520
BANKNIFTY-II.NFO,20/05/2025,09:39:07,55626.6,55626.6,120,55643,60,0,428520
BANKNIFTY-II.NFO,20/05/2025,09:39:09,55626.6,55628.6,150,55647.4,90,0,428520
BANKNIFTY-II.NFO,20/05/2025,09:39:10,55626.6,55629.6,150,55648.4,90,0,428520
BANKNIFTY-II.NFO,20/05/2025,09:39:11,55626.6,55628.2,180,55646.2,60,0,428520
BANKNIFTY-II.NFO,20/05/2025,09:39:12,55626.6,55633.8,150,55651,120,0,428520
BANKNIFTY-II.NFO,20/05/2025,09:39:14,55633.8,55633.8,30,55649.6,90,90,428520
BANKNIFTY-II.NFO,20/05/2025,09:39:15,55633.8,55631.8,150,55650,450,0,428520
BANKNIFTY-II.NFO,20/05/2025,09:39:16,55633.8,55628.6,150,55645.8,90,0,428520
BANKNIFTY-II.NFO,20/05/2025,09:39:17,55633.8,55628.6,150,55646.8,90,0,428520
BANKNIFTY-II.NFO,20/05/2025,09:39:19,55633.8,55628.6,240,55647.6,90,0,428520
BANKNIFTY-II.NFO,20/05/2025,09:39:20,55633.8,55629.4,150,55647.6,210,0,428520
BANKNIFTY-II.NFO,20/05/2025,09:39:21,55633.8,55629.4,150,55646.8,60,0,428520
BANKNIFTY-II.NFO,20/05/2025,09:39:22,55633.8,55629.4,150,55645.4,60,0,428520
BANKNIFTY-II.NFO,20/05/2025,09:39:24,55633.8,55627.2,180,55644.2,90,0,428520
BANKNIFTY-II.NFO,20/05/2025,09:39:25,55633.8,55625.6,60,55640.6,90,0,428520
BANKNIFTY-II.NFO,20/05/2025,09:39:26,55633.8,55625.8,120,55640.2,60,0,428520
BANKNIFTY-II.NFO,20/05/2025,09:39:27,55633.8,55625.2,150,55641.4,60,0,428520
BANKNIFTY-II.NFO,20/05/2025,09:39:29,55626.4,55626.4,120,55643,60,30,428520
BANKNIFTY-II.NFO,20/05/2025,09:39:30,55626.4,55626.8,150,55643,60,0,428520
BANKNIFTY-II.NFO,20/05/2025,09:39:31,55626.4,55627.6,210,55643.8,30,0,428520
BANKNIFTY-II.NFO,20/05/2025,09:39:32,55626.4,55627.6,210,55644.6,30,0,428520
BANKNIFTY-II.NFO,20/05/2025,09:39:34,55626.4,55628,180,55647,90,0,428520
BANKNIFTY-II.NFO,20/05/2025,09:39:35,55626.4,55626.4,180,55645.6,60,0,428520
BANKNIFTY-II.NFO,20/05/2025,09:39:36,55626.4,55630.4,120,55645.4,60,0,428520
BANKNIFTY-II.NFO,20/05/2025,09:39:37,55626.4,55630.2,30,55645,90,0,428520
BANKNIFTY-II.NFO,20/05/2025,09:39:40,55626.4,55630.2,30,55645,30,0,428520
BANKNIFTY-II.NFO,20/05/2025,09:39:41,55626.4,55630.4,150,55645,30,0,428520
BANKNIFTY-II.NFO,20/05/2025,09:39:42,55626.4,55630.2,30,55645,30,0,428520
BANKNIFTY-II.NFO,20/05/2025,09:39:44,55626.4,55630.4,120,55645,30,0,428520
BANKNIFTY-II.NFO,20/05/2025,09:39:45,55626.4,55630.2,30,55644.2,60,0,428520
BANKNIFTY-II.NFO,20/05/2025,09:39:46,55626.4,55630.4,30,55640.4,30,0,428520
BANKNIFTY-II.NFO,20/05/2025,09:39:50,55626.4,55631.2,30,55640.4,30,0,428520
BANKNIFTY-II.NFO,20/05/2025,09:39:51,55643,55631.2,30,55643,90,60,429480
BANKNIFTY-II.NFO,20/05/2025,09:39:52,55643,55631.2,30,55643,90,0,429480
BANKNIFTY-II.NFO,20/05/2025,09:39:54,55643,55631.2,30,55644.8,90,0,429480
BANKNIFTY-II.NFO,20/05/2025,09:39:55,55643,55630.4,30,55645,90,0,429480
BANKNIFTY-II.NFO,20/05/2025,09:39:56,55643,55630.4,150,55644.6,60,0,429480
BANKNIFTY-II.NFO,20/05/2025,09:39:57,55643,55630.2,30,55644,90,0,429480
BANKNIFTY-II.NFO,20/05/2025,09:39:58,55643,55630.2,30,55641.8,60,0,429480
BANKNIFTY-II.NFO,20/05/2025,09:40:00,55641.8,55630.2,30,55641.2,210,30,429480
BANKNIFTY-II.NFO,20/05/2025,09:40:01,55641.8,55630.2,30,55637.2,90,0,429480
BANKNIFTY-II.NFO,20/05/2025,09:40:02,55641.8,55630.2,30,55638.2,30,0,429480
BANKNIFTY-II.NFO,20/05/2025,09:40:03,55630.2,55626.4,30,55635.8,90,30,429480
BANKNIFTY-II.NFO,20/05/2025,09:40:05,55625,55620,30,55627.6,120,90,429480
BANKNIFTY-II.NFO,20/05/2025,09:40:06,55624.6,55620,30,55624.8,60,30,429480
BANKNIFTY-II.NFO,20/05/2025,09:40:07,55620,55611,30,55624.4,60,30,429480
BANKNIFTY-II.NFO,20/05/2025,09:40:08,55620.4,55611,30,55621,30,30,429480
BANKNIFTY-II.NFO,20/05/2025,09:40:10,55620.4,55605.6,120,55621,60,0,429480
BANKNIFTY-II.NFO,20/05/2025,09:40:11,55620.4,55605.4,30,55620,90,0,429480
BANKNIFTY-II.NFO,20/05/2025,09:40:12,55614,55605,30,55614,30,30,429480
BANKNIFTY-II.NFO,20/05/2025,09:40:13,55605,55600.2,30,55613.4,60,60,429480
BANKNIFTY-II.NFO,20/05/2025,09:40:15,55605,55600.4,120,55615.6,150,0,429480
BANKNIFTY-II.NFO,20/05/2025,09:40:16,55605,55600.8,150,55619.6,180,0,429480
BANKNIFTY-II.NFO,20/05/2025,09:40:17,55605,55601.2,210,55619.2,210,0,429480
BANKNIFTY-II.NFO,20/05/2025,09:40:18,55605,55601.4,120,55617,60,0,429480
BANKNIFTY-II.NFO,20/05/2025,09:40:20,55613.6,55600.2,30,55613.4,180,30,429480
BANKNIFTY-II.NFO,20/05/2025,09:40:21,55613.6,55600.2,30,55606.6,30,0,429480
BANKNIFTY-II.NFO,20/05/2025,09:40:22,55613.6,55600.2,30,55607,30,0,429480
BANKNIFTY-II.NFO,20/05/2025,09:40:23,55613.6,55600.2,30,55611,60,0,429480
BANKNIFTY-II.NFO,20/05/2025,09:40:25,55613.6,55601.2,30,55610,30,0,429480
BANKNIFTY-II.NFO,20/05/2025,09:40:26,55613.6,55601.2,30,55610.4,120,0,429480
BANKNIFTY-II.NFO,20/05/2025,09:40:27,55600.2,55600,30,55609,150,60,429480
BANKNIFTY-II.NFO,20/05/2025,09:40:28,55600,55592.8,120,55600,30,30,429480
BANKNIFTY-II.NFO,20/05/2025,09:40:30,55600,55593.6,150,55600,30,0,429480
BANKNIFTY-II.NFO,20/05/2025,09:40:31,55600,55590.6,150,55600,30,0,429480
BANKNIFTY-II.NFO,20/05/2025,09:40:32,55600,55590.2,120,55599.8,30,0,429480
BANKNIFTY-II.NFO,20/05/2025,09:40:36,55600,55600,240,55609.6,30,60,429480
BANKNIFTY-II.NFO,20/05/2025,09:40:37,55600,55600,240,55611,120,0,429480
BANKNIFTY-II.NFO,20/05/2025,09:40:38,55600,55600,240,55610.2,150,0,429480
BANKNIFTY-II.NFO,20/05/2025,09:40:40,55600,55600,270,55608.8,180,0,429480
BANKNIFTY-II.NFO,20/05/2025,09:40:41,55600,55600,270,55608.2,30,0,429480
BANKNIFTY-II.NFO,20/05/2025,09:40:42,55600,55600,270,55606.8,180,0,429480
BANKNIFTY-II.NFO,20/05/2025,09:40:43,55600,55590.6,120,55599.8,30,270,429480
BANKNIFTY-II.NFO,20/05/2025,09:40:45,55600,55593,30,55599.8,30,0,429480
BANKNIFTY-II.NFO,20/05/2025,09:40:47,55593,55590,30,55599.8,30,30,429480
BANKNIFTY-II.NFO,20/05/2025,09:40:48,55593,55590,30,55599.8,30,0,429480
BANKNIFTY-II.NFO,20/05/2025,09:40:50,55590,55585,30,55599.4,60,60,429480
BANKNIFTY-II.NFO,20/05/2025,09:40:51,55594.6,55585,30,55595,150,30,429480
BANKNIFTY-II.NFO,20/05/2025,09:40:52,55594.6,55585,30,55594.4,150,0,429480
BANKNIFTY-II.NFO,20/05/2025,09:40:53,55594.6,55585,30,55594,150,0,429480
BANKNIFTY-II.NFO,20/05/2025,09:40:56,55594,55585.2,30,55592.8,150,90,429480
BANKNIFTY-II.NFO,20/05/2025,09:40:57,55594,55585.2,30,55590.2,150,0,429480
BANKNIFTY-II.NFO,20/05/2025,09:40:58,55594,55585.2,30,55593.8,120,0,429480
BANKNIFTY-II.NFO,20/05/2025,09:40:59,55594,55585.2,30,55592.6,150,0,429480
BANKNIFTY-II.NFO,20/05/2025,09:41:01,55585.2,55585,30,55592.2,150,30,429480
BANKNIFTY-II.NFO,20/05/2025,09:41:02,55585.2,55585,30,55588.8,150,0,429480
BANKNIFTY-II.NFO,20/05/2025,09:41:03,55582,55582,60,55584.6,180,120,429480
BANKNIFTY-II.NFO,20/05/2025,09:41:05,55580.4,55580,180,55580.6,30,120,429480
BANKNIFTY-II.NFO,20/05/2025,09:41:06,55573.8,55571,60,55574.2,60,480,429480
BANKNIFTY-II.NFO,20/05/2025,09:41:06,55573.8,55571,60,55574.2,60,0,429480
BANKNIFTY-II.NFO,20/05/2025,09:41:07,55573.8,55571,60,55572.4,150,0,429480
BANKNIFTY-II.NFO,20/05/2025,09:41:08,55554,55553.8,30,55560.8,150,210,429480
BANKNIFTY-II.NFO,20/05/2025,09:41:08,55554,55553.8,30,55560.8,150,0,429480
BANKNIFTY-II.NFO,20/05/2025,09:41:10,55554,55553.8,30,55555,30,0,429480
BANKNIFTY-II.NFO,20/05/2025,09:41:11,55550.2,55550,150,55555,150,60,429480
BANKNIFTY-II.NFO,20/05/2025,09:41:11,55550.2,55550,150,55555,150,0,429480
BANKNIFTY-II.NFO,20/05/2025,09:41:12,55558.6,55550,120,55562,180,120,429480
BANKNIFTY-II.NFO,20/05/2025,09:41:12,55550,55550,120,55562,180,0,429480
BANKNIFTY-II.NFO,20/05/2025,09:41:13,55558.6,55550,120,55560,30,0,429480
BANKNIFTY-II.NFO,20/05/2025,09:41:15,55559,55550,120,55563.4,120,30,429480
BANKNIFTY-II.NFO,20/05/2025,09:41:16,55559,55550,120,55561.4,60,0,429480
BANKNIFTY-II.NFO,20/05/2025,09:41:17,55559,55550.2,30,55561.8,60,0,429480
BANKNIFTY-II.NFO,20/05/2025,09:41:18,55550.2,55550,120,55561.4,30,30,429480
BANKNIFTY-II.NFO,20/05/2025,09:41:20,55555.6,55550,90,55553.8,330,60,429480
BANKNIFTY-II.NFO,20/05/2025,09:41:21,55555.6,55550,90,55557,330,0,429480
BANKNIFTY-II.NFO,20/05/2025,09:41:22,55550.2,55550.2,30,55556.8,180,30,429480
BANKNIFTY-II.NFO,20/05/2025,09:41:23,55550.2,55550.2,60,55554.4,30,0,429480
BANKNIFTY-II.NFO,20/05/2025,09:41:25,55550,55545,30,55553,150,150,429480
BANKNIFTY-II.NFO,20/05/2025,09:41:26,55545,55540.2,120,55552.8,30,30,429480
BANKNIFTY-II.NFO,20/05/2025,09:41:26,55545,55540.2,120,55552.8,30,0,429480
BANKNIFTY-II.NFO,20/05/2025,09:41:27,55545,55540,150,55554,30,0,429480
BANKNIFTY-II.NFO,20/05/2025,09:41:28,55549.8,55540.2,120,55550,30,90,429480
BANKNIFTY-II.NFO,20/05/2025,09:41:30,55549.8,55540.6,120,55549.8,30,30,429480
BANKNIFTY-II.NFO,20/05/2025,09:41:31,55549.8,55541.8,180,55550,30,30,429480
BANKNIFTY-II.NFO,20/05/2025,09:41:32,55550,55550,150,55568,30,30,429480
BANKNIFTY-II.NFO,20/05/2025,09:41:33,55568,55552.2,120,55570.6,30,30,429480
BANKNIFTY-II.NFO,20/05/2025,09:41:35,55568,55549.8,120,55567.2,240,0,429480
BANKNIFTY-II.NFO,20/05/2025,09:41:36,55568,55549.8,120,55567.2,150,0,429480
BANKNIFTY-II.NFO,20/05/2025,09:41:37,55565.2,55550.4,120,55565.6,120,30,429480
BANKNIFTY-II.NFO,20/05/2025,09:41:38,55565.2,55550.4,120,55565.2,150,0,429480
BANKNIFTY-II.NFO,20/05/2025,09:41:39,55565.2,55551,120,55563.6,90,0,429480
BANKNIFTY-II.NFO,20/05/2025,09:41:41,55565.2,55551.2,120,55566.4,150,0,429480
BANKNIFTY-II.NFO,20/05/2025,09:41:42,55565.2,55552,120,55568,30,0,429480
BANKNIFTY-II.NFO,20/05/2025,09:41:43,55565.2,55551.8,150,55568,120,0,429480
BANKNIFTY-II.NFO,20/05/2025,09:41:45,55565.2,55552.2,120,55567.8,60,0,429480
BANKNIFTY-II.NFO,20/05/2025,09:41:46,55565.2,55552,30,55562.4,150,0,429480
BANKNIFTY-II.NFO,20/05/2025,09:41:47,55565.2,55550.4,30,55564.4,150,0,429480
BANKNIFTY-II.NFO,20/05/2025,09:41:48,55565.2,55555.2,30,55560,150,0,429480
BANKNIFTY-II.NFO,20/05/2025,09:41:50,55562.4,55555.2,30,55563.6,90,60,429480
BANKNIFTY-II.NFO,20/05/2025,09:41:51,55563.2,55555.2,30,55563.6,30,30,429480
BANKNIFTY-II.NFO,20/05/2025,09:41:52,55563.2,55555.2,30,55563.6,30,0,429480
BANKNIFTY-II.NFO,20/05/2025,09:41:53,55563.2,55555.2,30,55563.4,30,0,429480
BANKNIFTY-II.NFO,20/05/2025,09:41:55,55563.2,55555.4,120,55563.2,30,0,429480
BANKNIFTY-II.NFO,20/05/2025,09:41:56,55563.2,55555.2,30,55563.4,30,30,429480
BANKNIFTY-II.NFO,20/05/2025,09:41:57,55563.2,55555.2,30,55563.2,30,0,429480
BANKNIFTY-II.NFO,20/05/2025,09:42:00,55563.2,55555.2,30,55563.4,30,30,429480
BANKNIFTY-II.NFO,20/05/2025,09:42:01,55563.2,55555.2,30,55562.6,90,0,429480
BANKNIFTY-II.NFO,20/05/2025,09:42:02,55555.2,55549,120,55562.2,30,30,429480
BANKNIFTY-II.NFO,20/05/2025,09:42:03,55555.2,55553,120,55562,60,0,429480
BANKNIFTY-II.NFO,20/05/2025,09:42:05,55555.2,55552,30,55561.8,30,0,429480
BANKNIFTY-II.NFO,20/05/2025,09:42:06,55561.8,55552.4,30,55562,60,30,429480
BANKNIFTY-II.NFO,20/05/2025,09:42:07,55561.8,55550.2,30,55562,60,0,429480
BANKNIFTY-II.NFO,20/05/2025,09:42:08,55561.8,55550.6,30,55562,60,0,429480
BANKNIFTY-II.NFO,20/05/2025,09:42:10,55561.8,55550.2,30,55561.8,240,0,429480
BANKNIFTY-II.NFO,20/05/2025,09:42:11,55550.2,55540,30,55547.2,30,30,429480
BANKNIFTY-II.NFO,20/05/2025,09:42:12,55551,55540,30,55552.6,90,30,429480
BANKNIFTY-II.NFO,20/05/2025,09:42:13,55550.4,55540,30,55548.4,150,30,429480
BANKNIFTY-II.NFO,20/05/2025,09:42:15,55540,55534.2,30,55548.4,60,60,429480
BANKNIFTY-II.NFO,20/05/2025,09:42:15,55540,55534.2,30,55548.4,60,0,429480
BANKNIFTY-II.NFO,20/05/2025,09:42:16,55545.8,55534.4,30,55547.8,120,90,429480
BANKNIFTY-II.NFO,20/05/2025,09:42:16,55534.2,55534.4,30,55547.8,120,0,429480
BANKNIFTY-II.NFO,20/05/2025,09:42:17,55545.8,55536.8,210,55547.6,30,0,429480
BANKNIFTY-II.NFO,20/05/2025,09:42:18,55547.6,55545,180,55550.8,30,30,429480
BANKNIFTY-II.NFO,20/05/2025,09:42:20,55547.6,55542,150,55550.6,30,0,429480
BANKNIFTY-II.NFO,20/05/2025,09:42:21,55547.6,55539.4,30,55550.6,30,0,429480
BANKNIFTY-II.NFO,20/05/2025,09:42:22,55547.6,55548.4,30,55550.4,30,0,429480
BANKNIFTY-II.NFO,20/05/2025,09:42:23,55548.4,55547.6,60,55549.8,30,30,429480
BANKNIFTY-II.NFO,20/05/2025,09:42:25,55548.4,55547.6,60,55549.8,30,0,429480
BANKNIFTY-II.NFO,20/05/2025,09:42:26,55550,55547.6,60,55550.4,30,60,429480
BANKNIFTY-II.NFO,20/05/2025,09:42:27,55547.6,55547.6,30,55550.4,30,60,429480
BANKNIFTY-II.NFO,20/05/2025,09:42:28,55547.6,55547.6,30,55550.4,30,0,429480
BANKNIFTY-II.NFO,20/05/2025,09:42:33,55547.6,55544,120,55550.4,30,30,429480
BANKNIFTY-II.NFO,20/05/2025,09:42:35,55547.6,55543.8,30,55550.4,30,0,429480
BANKNIFTY-II.NFO,20/05/2025,09:42:37,55547.6,55545.2,120,55550.4,30,0,429480
BANKNIFTY-II.NFO,20/05/2025,09:42:38,55550.4,55545.2,150,55563.4,30,60,430080
BANKNIFTY-II.NFO,20/05/2025,09:42:40,55550.4,55547.8,150,55563.4,30,0,430080
BANKNIFTY-II.NFO,20/05/2025,09:42:41,55550.4,55547.8,120,55562.8,30,0,430080
BANKNIFTY-II.NFO,20/05/2025,09:42:42,55550.4,55547.6,60,55561,30,0,430080
BANKNIFTY-II.NFO,20/05/2025,09:42:43,55550.4,55547.6,60,55560.6,30,0,430080
BANKNIFTY-II.NFO,20/05/2025,09:42:45,55555,55547.6,60,55559.8,30,30,430080
BANKNIFTY-II.NFO,20/05/2025,09:42:46,55555,55547.6,60,55555.4,30,0,430080
BANKNIFTY-II.NFO,20/05/2025,09:42:47,55555,55547.6,60,55555.2,30,0,430080
BANKNIFTY-II.NFO,20/05/2025,09:42:48,55555,55547.6,60,55560,90,0,430080
BANKNIFTY-II.NFO,20/05/2025,09:42:50,55540.2,55539.4,120,55555,30,1320,430080
BANKNIFTY-II.NFO,20/05/2025,09:42:51,55540.2,55540.8,90,55554.8,270,0,430080
BANKNIFTY-II.NFO,20/05/2025,09:42:52,55540.2,55542,30,55554.8,30,0,430080
BANKNIFTY-II.NFO,20/05/2025,09:42:53,55542.4,55534,90,55554,270,30,430080
BANKNIFTY-II.NFO,20/05/2025,09:42:55,55542.4,55533.2,120,55552,270,0,430080
BANKNIFTY-II.NFO,20/05/2025,09:42:56,55542.4,55545,60,55548,240,0,430080
BANKNIFTY-II.NFO,20/05/2025,09:42:58,55542.4,55545,60,55551,240,0,430080
BANKNIFTY-II.NFO,20/05/2025,09:43:01,55542.4,55545,90,55548,240,0,430080
BANKNIFTY-II.NFO,20/05/2025,09:43:02,55542.4,55545,90,55551.2,240,0,430080
BANKNIFTY-II.NFO,20/05/2025,09:43:03,55542.4,55550,60,55553.8,90,0,430080
BANKNIFTY-II.NFO,20/05/2025,09:43:04,55542.4,55550,60,55554.8,30,0,430080
BANKNIFTY-II.NFO,20/05/2025,09:43:06,55542.4,55550,60,55554.6,30,0,430080
BANKNIFTY-II.NFO,20/05/2025,09:43:09,55550,55550,30,55554.6,30,30,430080
BANKNIFTY-II.NFO,20/05/2025,09:43:11,55550,55545,30,55554.4,30,30,430080
BANKNIFTY-II.NFO,20/05/2025,09:43:12,55554.4,55545,30,55554.6,30,30,430080
BANKNIFTY-II.NFO,20/05/2025,09:43:13,55554.4,55545,30,55554.6,30,0,430080
BANKNIFTY-II.NFO,20/05/2025,09:43:14,55554.4,55545,30,55554.4,150,90,430080
BANKNIFTY-II.NFO,20/05/2025,09:43:16,55545,55539.4,30,55549.8,30,90,430080
BANKNIFTY-II.NFO,20/05/2025,09:43:17,55550,55538.6,60,55549.6,30,60,430080
