Ticker,Date,Time,LTP,BuyPrice,BuyQty,SellPrice,SellQty,LTQ,OpenInterest
BANKNIFTY-III.NFO,20/05/2025,09:15:01,56176.2,55720.2,70,56176.2,70,105,56140
BANKNIFTY-III.NFO,20/05/2025,09:15:01,56176.4,55720.2,70,56176.2,70,0,56140
BANKNIFTY-III.NFO,20/05/2025,09:15:01,56176.4,55720.2,70,56176.2,70,0,56140
BANKNIFTY-III.NFO,20/05/2025,09:15:01,56176.2,55720.2,70,56176.2,70,0,56140
BANKNIFTY-III.NFO,20/05/2025,09:15:02,56176.4,55734.6,70,56045.8,70,0,56140
BANKNIFTY-III.NFO,20/05/2025,09:15:03,56176.4,55850.2,280,56045.8,70,0,56140
BANKNIFTY-III.NFO,20/05/2025,09:15:04,56045.8,55850.2,280,56046,210,70,56140
BANKNIFTY-III.NFO,20/05/2025,09:15:04,56045.8,55850.2,280,56046,210,0,56140
BANKNIFTY-III.NFO,20/05/2025,09:15:05,56045.8,55850.2,280,56046,210,0,56140
BANKNIFTY-III.NFO,20/05/2025,09:15:07,56045.8,55851.8,70,56100,210,0,56140
BANKNIFTY-III.NFO,20/05/2025,09:15:08,56045.8,55850.6,70,56000,35,0,56140
BANKNIFTY-III.NFO,20/05/2025,09:15:09,56000,55850.6,70,56051.2,210,35,56140
BANKNIFTY-III.NFO,20/05/2025,09:15:09,56000,55850.6,70,56051.2,210,0,56140
BANKNIFTY-III.NFO,20/05/2025,09:15:10,56050,55851.8,70,56048.8,210,105,56140
BANKNIFTY-III.NFO,20/05/2025,09:15:11,56050,55861,140,56100,420,0,56140
BANKNIFTY-III.NFO,20/05/2025,09:15:12,56050,55861,140,56080.2,210,0,56140
BANKNIFTY-III.NFO,20/05/2025,09:15:13,56050,55862.4,70,56080.2,210,0,56140
BANKNIFTY-III.NFO,20/05/2025,09:15:14,56050,55862.4,70,56089,210,0,56140
BANKNIFTY-III.NFO,20/05/2025,09:15:15,55861.2,55941.2,70,56091.6,70,350,56140
BANKNIFTY-III.NFO,20/05/2025,09:15:15,55861.2,55941.2,70,56091.6,70,0,56140
BANKNIFTY-III.NFO,20/05/2025,09:15:16,55861.2,55941.2,70,56081.4,70,0,56140
BANKNIFTY-III.NFO,20/05/2025,09:15:17,55861.2,55941.2,70,56067.6,70,0,56140
BANKNIFTY-III.NFO,20/05/2025,09:15:18,55861.2,55923.8,70,56069.4,70,0,56140
BANKNIFTY-III.NFO,20/05/2025,09:15:19,55861.2,55951.6,70,56069.4,70,0,56140
BANKNIFTY-III.NFO,20/05/2025,09:15:20,55861.2,55953.6,70,56069.4,70,0,56140
BANKNIFTY-III.NFO,20/05/2025,09:15:21,55861.2,55850.6,70,56099.8,70,0,56140
BANKNIFTY-III.NFO,20/05/2025,09:15:22,55934.4,55929.4,70,56055.8,70,35,56140
BANKNIFTY-III.NFO,20/05/2025,09:15:23,55934.4,55938.4,35,56065.4,70,0,56140
BANKNIFTY-III.NFO,20/05/2025,09:15:24,55934.4,55945.2,35,56067,70,0,56140
BANKNIFTY-III.NFO,20/05/2025,09:15:25,55934.4,55949.8,70,56070.4,70,0,56140
BANKNIFTY-III.NFO,20/05/2025,09:15:26,55934.4,55967.6,35,56070.4,70,0,56140
BANKNIFTY-III.NFO,20/05/2025,09:15:27,55934.4,55935.6,35,56069.2,70,0,56140
BANKNIFTY-III.NFO,20/05/2025,09:15:29,55934.4,55934.6,70,56031.8,70,0,56140
BANKNIFTY-III.NFO,20/05/2025,09:15:30,55934.4,55947.4,35,56044.2,70,0,56140
BANKNIFTY-III.NFO,20/05/2025,09:15:31,55934.4,55948.6,35,56055,70,0,56140
BANKNIFTY-III.NFO,20/05/2025,09:15:32,55934.4,55935.8,35,56055,70,0,56140
BANKNIFTY-III.NFO,20/05/2025,09:15:33,55934.4,55934.6,70,56055,70,0,56140
BANKNIFTY-III.NFO,20/05/2025,09:15:34,55934.4,55934.6,70,56099.8,70,0,56140
BANKNIFTY-III.NFO,20/05/2025,09:15:36,55934.4,55935.8,70,56035,70,0,56140
BANKNIFTY-III.NFO,20/05/2025,09:15:37,55934.4,55940.2,35,56034.4,70,0,56140
BANKNIFTY-III.NFO,20/05/2025,09:15:39,55934.4,55941.4,70,56034.4,70,0,56140
BANKNIFTY-III.NFO,20/05/2025,09:15:40,55934.4,55980.2,35,56034.4,70,0,56140
BANKNIFTY-III.NFO,20/05/2025,09:15:50,55934.4,55980,140,56034.4,70,0,56140
BANKNIFTY-III.NFO,20/05/2025,09:15:51,55934.4,55980.2,35,56034.4,70,0,56140
BANKNIFTY-III.NFO,20/05/2025,09:16:01,55934.4,55981.4,70,56034.4,70,0,56140
BANKNIFTY-III.NFO,20/05/2025,09:16:02,55981.4,55982.4,35,56034,70,70,56035
BANKNIFTY-III.NFO,20/05/2025,09:16:03,55981.4,55983.6,35,56034.2,35,0,56035
BANKNIFTY-III.NFO,20/05/2025,09:16:04,55983.4,55984.6,245,56034.2,35,70,56035
BANKNIFTY-III.NFO,20/05/2025,09:16:06,55983.4,55999.8,35,56040.4,70,0,56035
BANKNIFTY-III.NFO,20/05/2025,09:16:11,55983.4,55999.8,35,56039.2,70,0,56035
BANKNIFTY-III.NFO,20/05/2025,09:16:12,55983.4,55999.8,35,56038,70,0,56035
BANKNIFTY-III.NFO,20/05/2025,09:16:14,55983.4,55999.8,35,56038.2,35,0,56035
BANKNIFTY-III.NFO,20/05/2025,09:16:16,55983.4,55999.8,35,56038,70,0,56035
BANKNIFTY-III.NFO,20/05/2025,09:16:17,55983.4,56000.2,245,56042.6,35,0,56035
BANKNIFTY-III.NFO,20/05/2025,09:16:18,55983.4,56012.2,210,56052.4,70,0,56035
BANKNIFTY-III.NFO,20/05/2025,09:16:19,55983.4,56001.2,35,56052.4,70,0,56035
BANKNIFTY-III.NFO,20/05/2025,09:16:20,55983.4,56002.2,210,56052.4,70,0,56035
BANKNIFTY-III.NFO,20/05/2025,09:16:22,55983.4,56001.2,35,56052,70,0,56035
BANKNIFTY-III.NFO,20/05/2025,09:16:24,55983.4,56003.6,210,56052,70,0,56035
BANKNIFTY-III.NFO,20/05/2025,09:16:25,56003.6,56001.2,35,56052,70,140,56035
BANKNIFTY-III.NFO,20/05/2025,09:16:27,56003.6,56002.2,210,56052,70,0,56035
BANKNIFTY-III.NFO,20/05/2025,09:16:29,56002.2,56001.2,35,56052,70,105,56035
BANKNIFTY-III.NFO,20/05/2025,09:16:30,56002.2,56001.2,35,56052,70,0,56035
BANKNIFTY-III.NFO,20/05/2025,09:16:32,56002.2,56002.2,140,56052,70,0,56035
BANKNIFTY-III.NFO,20/05/2025,09:16:34,56002.2,56001.2,35,56052,70,0,56035
BANKNIFTY-III.NFO,20/05/2025,09:16:35,56002.2,56012,105,56052,70,0,56035
BANKNIFTY-III.NFO,20/05/2025,09:16:37,56002.2,56013.2,140,56049.8,70,0,56035
BANKNIFTY-III.NFO,20/05/2025,09:16:38,56002.2,56012,105,56049.8,70,0,56035
BANKNIFTY-III.NFO,20/05/2025,09:16:43,56002.2,56012,105,56049,70,0,56035
BANKNIFTY-III.NFO,20/05/2025,09:16:44,56002.2,56012,105,56047.2,70,0,56035
BANKNIFTY-III.NFO,20/05/2025,09:16:45,56002.2,56012,105,56046,70,0,56035
BANKNIFTY-III.NFO,20/05/2025,09:16:49,56002.2,56012,105,56044.2,70,0,56035
BANKNIFTY-III.NFO,20/05/2025,09:16:51,56002.2,56012,105,56043,70,0,56035
BANKNIFTY-III.NFO,20/05/2025,09:16:54,56001.2,56000.2,35,56043,70,140,56035
BANKNIFTY-III.NFO,20/05/2025,09:16:55,56001.2,56000.2,35,56041.2,70,0,56035
BANKNIFTY-III.NFO,20/05/2025,09:16:56,56001.2,56000,105,56012,35,0,56035
BANKNIFTY-III.NFO,20/05/2025,09:16:57,56000,56000,35,56011.8,70,70,56035
BANKNIFTY-III.NFO,20/05/2025,09:16:59,56000,55980,140,56011.8,70,35,56035
BANKNIFTY-III.NFO,20/05/2025,09:17:00,56000,55980,140,56011.8,70,0,56035
BANKNIFTY-III.NFO,20/05/2025,09:17:05,55980,55980,70,56011.8,70,35,56035
BANKNIFTY-III.NFO,20/05/2025,09:17:06,55980,55970.8,35,56011.4,70,70,56035
BANKNIFTY-III.NFO,20/05/2025,09:17:08,55967.2,55960.8,35,56011.4,70,350,56035
BANKNIFTY-III.NFO,20/05/2025,09:17:09,55967.2,55960.2,175,56010.2,70,0,56035
BANKNIFTY-III.NFO,20/05/2025,09:17:10,55967.2,55961.2,35,55999.8,70,0,56035
BANKNIFTY-III.NFO,20/05/2025,09:17:11,55967.2,55957.6,140,55999.8,70,0,56035
BANKNIFTY-III.NFO,20/05/2025,09:17:13,55967.2,55952,35,55999.8,70,0,56035
BANKNIFTY-III.NFO,20/05/2025,09:17:14,55967.2,55947.2,175,55999.4,70,0,56035
BANKNIFTY-III.NFO,20/05/2025,09:17:15,55967.2,55949.2,175,55999.4,70,0,56035
BANKNIFTY-III.NFO,20/05/2025,09:17:16,55967.2,55949.6,175,55999.4,70,0,56035
BANKNIFTY-III.NFO,20/05/2025,09:17:18,55967.2,55949.6,35,55999.4,70,0,56035
BANKNIFTY-III.NFO,20/05/2025,09:17:19,55967.2,55949.6,35,55998.8,70,0,56035
BANKNIFTY-III.NFO,20/05/2025,09:17:20,55967.2,55947.2,35,55997.6,70,0,56035
BANKNIFTY-III.NFO,20/05/2025,09:17:21,55944.4,55929,35,55993.6,70,70,56035
BANKNIFTY-III.NFO,20/05/2025,09:17:23,55944.4,55930,140,55993.6,70,0,56035
BANKNIFTY-III.NFO,20/05/2025,09:17:26,55944.4,55929,35,55982.2,70,0,56035
BANKNIFTY-III.NFO,20/05/2025,09:17:27,55929,55920,105,55944.4,175,70,56035
BANKNIFTY-III.NFO,20/05/2025,09:17:29,55936.2,55920,105,55944.4,175,105,56035
BANKNIFTY-III.NFO,20/05/2025,09:17:30,55936.2,55920,105,55944.4,175,0,56035
BANKNIFTY-III.NFO,20/05/2025,09:17:37,55936.2,55920,105,55935,175,0,56035
BANKNIFTY-III.NFO,20/05/2025,09:17:39,55935,55920,105,55944.4,35,175,56035
BANKNIFTY-III.NFO,20/05/2025,09:17:40,55935,55920,105,55944.2,70,0,56035
BANKNIFTY-III.NFO,20/05/2025,09:17:42,55935,55920,105,55944.4,35,0,56035
BANKNIFTY-III.NFO,20/05/2025,09:17:45,55935,55920,105,55944.2,70,0,56035
BANKNIFTY-III.NFO,20/05/2025,09:17:47,55935,55920,105,55944.4,35,0,56035
BANKNIFTY-III.NFO,20/05/2025,09:17:49,55935,55920,105,55944.2,70,0,56035
BANKNIFTY-III.NFO,20/05/2025,09:18:20,55935,55920,105,55944.4,35,0,56035
BANKNIFTY-III.NFO,20/05/2025,09:18:23,55935,55920,140,55944.4,35,0,56035
BANKNIFTY-III.NFO,20/05/2025,09:18:24,55935,55920,105,55944.4,35,0,56035
BANKNIFTY-III.NFO,20/05/2025,09:18:25,55935,55920,105,55944.2,70,0,56035
BANKNIFTY-III.NFO,20/05/2025,09:18:30,55935,55920,105,55944.4,35,0,56035
BANKNIFTY-III.NFO,20/05/2025,09:18:31,55935,55920,105,55944.2,70,0,56035
BANKNIFTY-III.NFO,20/05/2025,09:18:34,55935,55920,105,55944.4,35,0,56035
BANKNIFTY-III.NFO,20/05/2025,09:18:35,55935,55920,105,55944.2,70,0,56035
BANKNIFTY-III.NFO,20/05/2025,09:18:36,55935,55920,105,55944.4,35,0,56035
BANKNIFTY-III.NFO,20/05/2025,09:18:40,55935,55920,105,55944.2,70,0,56035
BANKNIFTY-III.NFO,20/05/2025,09:18:41,55935,55920,140,55944.2,70,0,56035
BANKNIFTY-III.NFO,20/05/2025,09:18:50,55935,55920,140,55943,70,0,56035
BANKNIFTY-III.NFO,20/05/2025,09:18:52,55935,55920,140,55941.8,70,0,56035
BANKNIFTY-III.NFO,20/05/2025,09:18:53,55935,55920,140,55934.8,70,0,56035
BANKNIFTY-III.NFO,20/05/2025,09:19:09,55935,55920,140,55935,70,0,56035
BANKNIFTY-III.NFO,20/05/2025,09:19:10,55935,55920,140,55934.8,70,0,56035
BANKNIFTY-III.NFO,20/05/2025,09:19:14,55935,55920,140,55935,70,0,56035
BANKNIFTY-III.NFO,20/05/2025,09:19:15,55935,55920,140,55934.8,70,0,56035
BANKNIFTY-III.NFO,20/05/2025,09:19:17,55935,55920,140,55935,350,0,56035
BANKNIFTY-III.NFO,20/05/2025,09:19:22,55935,55920,140,55934.8,70,0,56035
BANKNIFTY-III.NFO,20/05/2025,09:19:25,55935,55920,140,55935,350,0,56035
BANKNIFTY-III.NFO,20/05/2025,09:19:30,55935,55920,140,55935,315,0,56035
BANKNIFTY-III.NFO,20/05/2025,09:19:34,55935,55920,140,55934.8,70,0,56035
BANKNIFTY-III.NFO,20/05/2025,09:19:40,55935,55920,140,55935,315,0,56035
BANKNIFTY-III.NFO,20/05/2025,09:19:41,55935,55920,140,55934.8,70,0,56035
BANKNIFTY-III.NFO,20/05/2025,09:20:01,55920,55901,35,55919.8,70,140,56420
BANKNIFTY-III.NFO,20/05/2025,09:20:02,55920,55901,35,55919.8,70,0,56420
BANKNIFTY-III.NFO,20/05/2025,09:20:06,55919.8,55901.2,35,55919.8,35,35,56420
BANKNIFTY-III.NFO,20/05/2025,09:20:08,55919.8,55901.2,35,55919.8,35,0,56420
BANKNIFTY-III.NFO,20/05/2025,09:20:09,55919.8,55900,70,55919.8,105,0,56420
BANKNIFTY-III.NFO,20/05/2025,09:20:10,55919.8,55900.2,35,55919.8,105,0,56420
BANKNIFTY-III.NFO,20/05/2025,09:20:11,55919.8,55900,70,55919.8,105,0,56420
BANKNIFTY-III.NFO,20/05/2025,09:20:16,55919.8,55900.2,35,55919.8,105,0,56420
BANKNIFTY-III.NFO,20/05/2025,09:20:26,55919.8,55900,70,55917.8,140,0,56420
BANKNIFTY-III.NFO,20/05/2025,09:20:29,55899,55867.6,35,55900,35,245,56420
BANKNIFTY-III.NFO,20/05/2025,09:20:31,55899,55867.6,35,55899.4,140,0,56420
BANKNIFTY-III.NFO,20/05/2025,09:20:32,55899,55864,35,55899.4,140,0,56420
BANKNIFTY-III.NFO,20/05/2025,09:20:34,55899.4,55864,35,55899.6,105,35,56420
BANKNIFTY-III.NFO,20/05/2025,09:20:35,55899.4,55864,35,55898.6,140,0,56420
BANKNIFTY-III.NFO,20/05/2025,09:20:38,55899.4,55864,35,55898.8,35,0,56420
BANKNIFTY-III.NFO,20/05/2025,09:20:39,55899.4,55864,35,55898.6,140,0,56420
BANKNIFTY-III.NFO,20/05/2025,09:20:40,55899.4,55864,35,55898.8,35,0,56420
BANKNIFTY-III.NFO,20/05/2025,09:20:41,55899.4,55870.2,35,55898.6,70,0,56420
BANKNIFTY-III.NFO,20/05/2025,09:20:43,55899.4,55870.2,70,55898.8,35,0,56420
BANKNIFTY-III.NFO,20/05/2025,09:20:44,55899.4,55870.2,70,55898.6,70,0,56420
BANKNIFTY-III.NFO,20/05/2025,09:20:45,55899.4,55870.2,70,55898.8,35,0,56420
BANKNIFTY-III.NFO,20/05/2025,09:20:46,55899.4,55870.2,70,55898.6,70,0,56420
BANKNIFTY-III.NFO,20/05/2025,09:20:47,55899.4,55870.2,35,55898.6,140,0,56420
BANKNIFTY-III.NFO,20/05/2025,09:20:53,55899.4,55870.2,70,55898.6,140,0,56420
BANKNIFTY-III.NFO,20/05/2025,09:20:55,55899.4,55880.2,35,55898.6,140,0,56420
BANKNIFTY-III.NFO,20/05/2025,09:20:56,55899.4,55880,35,55898.6,140,0,56420
BANKNIFTY-III.NFO,20/05/2025,09:20:57,55899.4,55880.2,35,55898.6,70,0,56420
BANKNIFTY-III.NFO,20/05/2025,09:20:58,55899.4,55880,35,55898.6,140,0,56420
BANKNIFTY-III.NFO,20/05/2025,09:20:59,55898,55880.2,35,55895,70,105,56420
BANKNIFTY-III.NFO,20/05/2025,09:21:01,55898,55880.2,35,55895,35,0,56420
BANKNIFTY-III.NFO,20/05/2025,09:21:02,55898,55880.2,35,55895,70,0,56420
BANKNIFTY-III.NFO,20/05/2025,09:21:05,55898,55890.2,35,55895,35,0,56420
BANKNIFTY-III.NFO,20/05/2025,09:21:11,55890,55868.4,35,55895,70,35,56420
BANKNIFTY-III.NFO,20/05/2025,09:21:12,55890,55866.4,35,55894.8,70,0,56420
BANKNIFTY-III.NFO,20/05/2025,09:21:15,55890,55859.6,35,55894.8,140,0,56420
BANKNIFTY-III.NFO,20/05/2025,09:21:17,55890,55857.8,35,55890,70,0,56420
BANKNIFTY-III.NFO,20/05/2025,09:21:20,55890,55857.8,35,55890.2,35,0,56420
BANKNIFTY-III.NFO,20/05/2025,09:21:21,55890,55858.6,35,55890.2,35,0,56420
BANKNIFTY-III.NFO,20/05/2025,09:21:24,55890,55868.2,35,55895,70,0,56420
BANKNIFTY-III.NFO,20/05/2025,09:21:25,55890,55868.6,35,55895,70,0,56420
BANKNIFTY-III.NFO,20/05/2025,09:21:26,55890,55871,35,55895,70,0,56420
BANKNIFTY-III.NFO,20/05/2025,09:21:35,55890,55871,35,55894.8,70,0,56420
BANKNIFTY-III.NFO,20/05/2025,09:21:37,55890,55880,35,55894.8,70,0,56420
BANKNIFTY-III.NFO,20/05/2025,09:21:42,55880,55863.4,35,55894.8,70,35,56140
BANKNIFTY-III.NFO,20/05/2025,09:21:43,55880,55863.4,35,55894.8,70,0,56140
BANKNIFTY-III.NFO,20/05/2025,09:21:46,55880,55862.2,35,55889.8,70,0,56140
BANKNIFTY-III.NFO,20/05/2025,09:21:48,55880,55870.2,35,55889.8,70,0,56140
BANKNIFTY-III.NFO,20/05/2025,09:21:51,55880,55870.2,35,55889.8,35,0,56140
BANKNIFTY-III.NFO,20/05/2025,09:21:52,55880,55875,70,55889.4,70,0,56140
BANKNIFTY-III.NFO,20/05/2025,09:21:54,55880,55880,70,55889.4,70,0,56140
BANKNIFTY-III.NFO,20/05/2025,09:21:57,55889.4,55862.6,35,55889.4,35,70,56140
BANKNIFTY-III.NFO,20/05/2025,09:21:58,55889.4,55863,105,55889.4,35,0,56140
BANKNIFTY-III.NFO,20/05/2025,09:21:59,55889.4,55863,105,55887.8,35,0,56140
BANKNIFTY-III.NFO,20/05/2025,09:22:00,55889.4,55869.4,70,55888,35,0,56140
BANKNIFTY-III.NFO,20/05/2025,09:22:02,55889.4,55863.4,35,55887.8,35,0,56140
BANKNIFTY-III.NFO,20/05/2025,09:22:08,55889.4,55855.4,35,55887.8,35,0,56140
BANKNIFTY-III.NFO,20/05/2025,09:22:09,55889.4,55853.2,70,55887.8,35,0,56140
BANKNIFTY-III.NFO,20/05/2025,09:22:10,55889.4,55853.2,70,55885.8,35,0,56140
BANKNIFTY-III.NFO,20/05/2025,09:22:13,55853.2,55853.2,70,55885.8,35,35,56140
BANKNIFTY-III.NFO,20/05/2025,09:22:13,55853.2,55853.2,70,55885.8,35,0,56140
BANKNIFTY-III.NFO,20/05/2025,09:22:14,55853.2,55853.2,70,55885.8,35,0,56140
BANKNIFTY-III.NFO,20/05/2025,09:22:18,55853.2,55853.2,35,55885.8,35,35,56140
BANKNIFTY-III.NFO,20/05/2025,09:22:19,55853.2,55853.2,35,55885.8,35,0,56140
BANKNIFTY-III.NFO,20/05/2025,09:22:26,55853.2,55853,70,55885.8,35,0,56140
BANKNIFTY-III.NFO,20/05/2025,09:22:41,55853.2,55853.2,70,55885.8,35,0,56140
BANKNIFTY-III.NFO,20/05/2025,09:22:44,55853.2,55853.2,70,55886,70,0,56140
BANKNIFTY-III.NFO,20/05/2025,09:22:49,55853.2,55853.8,70,55886,70,0,56140
BANKNIFTY-III.NFO,20/05/2025,09:22:50,55853.2,55855,70,55886,70,0,56140
BANKNIFTY-III.NFO,20/05/2025,09:22:54,55853.2,55861.2,70,55886,35,0,56140
BANKNIFTY-III.NFO,20/05/2025,09:22:55,55853.2,55866.8,70,55886,35,0,56140
BANKNIFTY-III.NFO,20/05/2025,09:22:56,55853.2,55869.6,70,55886,35,0,56140
BANKNIFTY-III.NFO,20/05/2025,09:22:57,55853.2,55870.8,70,55886,35,0,56140
BANKNIFTY-III.NFO,20/05/2025,09:22:59,55853.2,55870.8,280,55886,35,0,56140
BANKNIFTY-III.NFO,20/05/2025,09:23:00,55853.2,55871.8,280,55886,35,0,56140
BANKNIFTY-III.NFO,20/05/2025,09:23:01,55853.2,55873.6,35,55886,35,0,56140
BANKNIFTY-III.NFO,20/05/2025,09:23:04,55853.2,55873.8,70,55886,35,0,56140
BANKNIFTY-III.NFO,20/05/2025,09:23:05,55853.2,55874.8,35,55886,35,0,56140
BANKNIFTY-III.NFO,20/05/2025,09:23:08,55853.2,55875.6,35,55886,35,0,56140
BANKNIFTY-III.NFO,20/05/2025,09:23:09,55889.4,55876.8,70,55889.4,280,105,56140
BANKNIFTY-III.NFO,20/05/2025,09:23:10,55889.4,55886.2,70,55919.2,35,280,56140
BANKNIFTY-III.NFO,20/05/2025,09:23:11,55889.4,55886.8,70,55919.8,70,0,56140
BANKNIFTY-III.NFO,20/05/2025,09:23:13,55889.4,55888,70,55919.8,70,0,56140
BANKNIFTY-III.NFO,20/05/2025,09:23:15,55889.4,55888,70,55919.8,35,0,56140
BANKNIFTY-III.NFO,20/05/2025,09:23:16,55889.4,55889.2,70,55919.8,70,0,56140
BANKNIFTY-III.NFO,20/05/2025,09:23:18,55889.4,55890,70,55919.8,70,0,56140
BANKNIFTY-III.NFO,20/05/2025,09:23:28,55889.4,55890,105,55919.8,70,0,56140
BANKNIFTY-III.NFO,20/05/2025,09:23:44,55889.4,55890,35,55919.8,70,0,56140
BANKNIFTY-III.NFO,20/05/2025,09:23:47,55889.4,55890.2,105,55919.8,70,0,56140
BANKNIFTY-III.NFO,20/05/2025,09:23:48,55889.4,55890.2,35,55919.8,70,0,56140
BANKNIFTY-III.NFO,20/05/2025,09:24:04,55890.2,55890,35,55919.8,70,35,56140
BANKNIFTY-III.NFO,20/05/2025,09:24:05,55890.2,55890,35,55919.8,70,0,56140
BANKNIFTY-III.NFO,20/05/2025,09:24:14,55890.2,55890.2,70,55919.8,70,0,56140
BANKNIFTY-III.NFO,20/05/2025,09:24:17,55890.2,55890.2,35,55919.8,70,35,56140
BANKNIFTY-III.NFO,20/05/2025,09:24:18,55890.2,55890.2,35,55919.8,70,0,56140
BANKNIFTY-III.NFO,20/05/2025,09:24:20,55890.2,55900,35,55919.8,70,0,56140
BANKNIFTY-III.NFO,20/05/2025,09:24:22,55900,55890,35,55919.6,105,35,56140
BANKNIFTY-III.NFO,20/05/2025,09:24:26,55889.4,55889.4,70,55905.8,70,70,56140
BANKNIFTY-III.NFO,20/05/2025,09:24:27,55889.4,55875,70,55905.6,105,70,56140
BANKNIFTY-III.NFO,20/05/2025,09:24:28,55889.4,55875,70,55905.6,105,0,56140
BANKNIFTY-III.NFO,20/05/2025,09:24:30,55905.6,55875,35,55905.2,35,105,56140
BANKNIFTY-III.NFO,20/05/2025,09:24:31,55905.6,55875,35,55905.2,105,0,56140
BANKNIFTY-III.NFO,20/05/2025,09:24:33,55905.6,55875,35,55903.4,105,0,56140
BANKNIFTY-III.NFO,20/05/2025,09:24:38,55875,55855,35,55890.6,140,35,56140
BANKNIFTY-III.NFO,20/05/2025,09:24:39,55875,55855,35,55890.6,140,0,56280
BANKNIFTY-III.NFO,20/05/2025,09:24:48,55888.8,55852,35,55888.4,35,35,56280
BANKNIFTY-III.NFO,20/05/2025,09:24:49,55888.8,55852,35,55887.2,35,0,56280
BANKNIFTY-III.NFO,20/05/2025,09:24:51,55888.8,55852,35,55887.2,105,0,56280
BANKNIFTY-III.NFO,20/05/2025,09:24:53,55847,55847,35,55885.4,35,245,56280
BANKNIFTY-III.NFO,20/05/2025,09:24:53,55847,55847,35,55885.4,35,0,56280
BANKNIFTY-III.NFO,20/05/2025,09:24:54,55847,55847,35,55885.4,35,0,56280
BANKNIFTY-III.NFO,20/05/2025,09:24:56,55847,55851.2,70,55885.4,105,0,56280
BANKNIFTY-III.NFO,20/05/2025,09:25:00,55851,55826.2,35,55851,245,35,56280
BANKNIFTY-III.NFO,20/05/2025,09:25:02,55851,55826.2,35,55851,35,0,56280
BANKNIFTY-III.NFO,20/05/2025,09:25:04,55851,55820.2,70,55850.8,35,0,56280
BANKNIFTY-III.NFO,20/05/2025,09:25:07,55847,55820.2,70,55851,35,35,56280
BANKNIFTY-III.NFO,20/05/2025,09:25:08,55847,55820.2,70,55851,35,0,56280
BANKNIFTY-III.NFO,20/05/2025,09:25:09,55847,55820.2,70,55850.8,35,0,56280
BANKNIFTY-III.NFO,20/05/2025,09:25:10,55847,55820.2,35,55850.8,35,0,56280
BANKNIFTY-III.NFO,20/05/2025,09:25:12,55847,55820.2,70,55850.8,35,0,56280
BANKNIFTY-III.NFO,20/05/2025,09:25:19,55847,55820.2,70,55851,35,0,56280
BANKNIFTY-III.NFO,20/05/2025,09:25:22,55847,55820.2,70,55850.8,35,0,56280
BANKNIFTY-III.NFO,20/05/2025,09:25:24,55847,55820.2,70,55851,35,0,56280
BANKNIFTY-III.NFO,20/05/2025,09:25:25,55847,55820.2,70,55850.8,35,0,56280
BANKNIFTY-III.NFO,20/05/2025,09:25:28,55847,55820.2,35,55850.8,35,0,56280
BANKNIFTY-III.NFO,20/05/2025,09:25:29,55847,55820.2,70,55850.8,35,0,56280
BANKNIFTY-III.NFO,20/05/2025,09:25:33,55847,55820.2,35,55850.8,35,0,56280
BANKNIFTY-III.NFO,20/05/2025,09:25:37,55847,55820.2,35,55846.8,35,0,56280
BANKNIFTY-III.NFO,20/05/2025,09:25:39,55811.4,55805.6,35,55820.2,35,455,56280
BANKNIFTY-III.NFO,20/05/2025,09:25:39,55811.4,55805.6,35,55820.2,35,0,56280
BANKNIFTY-III.NFO,20/05/2025,09:25:40,55811.4,55805.6,35,55820.2,35,0,56280
BANKNIFTY-III.NFO,20/05/2025,09:25:41,55805.6,55800,140,55820.2,35,35,56280
BANKNIFTY-III.NFO,20/05/2025,09:25:41,55805.6,55800,140,55820.2,35,0,56280
BANKNIFTY-III.NFO,20/05/2025,09:25:43,55805.6,55800,140,55820.2,35,0,56280
BANKNIFTY-III.NFO,20/05/2025,09:25:44,55829.6,55800,175,55829.6,35,175,56280
BANKNIFTY-III.NFO,20/05/2025,09:25:45,55800,55800,140,55829.6,35,35,56280
BANKNIFTY-III.NFO,20/05/2025,09:25:45,55800,55800,140,55829.6,35,0,56280
BANKNIFTY-III.NFO,20/05/2025,09:25:46,55800,55800,140,55829.6,35,0,56280
BANKNIFTY-III.NFO,20/05/2025,09:25:55,55800,55800,140,55828.4,245,0,56280
BANKNIFTY-III.NFO,20/05/2025,09:25:56,55800,55800,280,55828.4,35,35,56280
BANKNIFTY-III.NFO,20/05/2025,09:25:58,55828.4,55800,280,55829.6,35,35,56280
BANKNIFTY-III.NFO,20/05/2025,09:25:59,55828.4,55800,280,55829.6,35,0,56280
BANKNIFTY-III.NFO,20/05/2025,09:26:03,55828.4,55800,280,55829.6,245,0,56280
BANKNIFTY-III.NFO,20/05/2025,09:26:04,55828.4,55800,280,55829.6,35,0,56280
BANKNIFTY-III.NFO,20/05/2025,09:26:06,55828.4,55800.2,70,55829.6,35,0,56280
BANKNIFTY-III.NFO,20/05/2025,09:26:08,55828.4,55800,280,55828.4,70,0,56280
BANKNIFTY-III.NFO,20/05/2025,09:26:09,55828.4,55800,315,55828.4,70,0,56280
BANKNIFTY-III.NFO,20/05/2025,09:26:11,55828.4,55800,280,55827.6,245,0,56280
BANKNIFTY-III.NFO,20/05/2025,09:26:12,55828.4,55800,315,55827.6,35,0,56280
BANKNIFTY-III.NFO,20/05/2025,09:26:18,55828.4,55801,70,55827.6,35,0,56280
BANKNIFTY-III.NFO,20/05/2025,09:26:22,55828.4,55801,35,55827.4,35,0,56280
BANKNIFTY-III.NFO,20/05/2025,09:26:23,55828.4,55801,35,55827.6,35,0,56280
BANKNIFTY-III.NFO,20/05/2025,09:26:24,55828.4,55801,70,55827.6,35,0,56280
BANKNIFTY-III.NFO,20/05/2025,09:26:25,55828.4,55801,35,55827.4,35,0,56280
BANKNIFTY-III.NFO,20/05/2025,09:26:31,55828.4,55801,70,55827.6,35,0,56280
BANKNIFTY-III.NFO,20/05/2025,09:26:34,55828.4,55801,70,55827.4,35,0,56280
BANKNIFTY-III.NFO,20/05/2025,09:26:37,55825,55801,70,55827.4,35,35,56280
BANKNIFTY-III.NFO,20/05/2025,09:26:39,55825,55801,70,55827.4,35,0,56280
BANKNIFTY-III.NFO,20/05/2025,09:26:40,55825,55801,70,55827.6,35,0,56280
BANKNIFTY-III.NFO,20/05/2025,09:26:41,55825,55801,70,55828.4,70,0,56280
BANKNIFTY-III.NFO,20/05/2025,09:26:42,55825,55801.2,70,55828.4,70,0,56280
BANKNIFTY-III.NFO,20/05/2025,09:26:44,55825,55801.2,70,55828.4,35,0,56280
BANKNIFTY-III.NFO,20/05/2025,09:26:47,55825,55801.2,70,55828.4,70,0,56280
BANKNIFTY-III.NFO,20/05/2025,09:26:49,55825,55801,70,55828.4,70,0,56280
BANKNIFTY-III.NFO,20/05/2025,09:26:55,55825,55801.2,70,55828.4,70,0,56280
BANKNIFTY-III.NFO,20/05/2025,09:27:06,55825,55801.2,70,55825,70,0,56280
BANKNIFTY-III.NFO,20/05/2025,09:27:07,55825,55801.2,70,55825,35,0,56280
BANKNIFTY-III.NFO,20/05/2025,09:27:08,55825,55801.2,70,55846.4,70,70,56280
BANKNIFTY-III.NFO,20/05/2025,09:27:10,55825,55801.2,70,55846.4,70,0,56280
BANKNIFTY-III.NFO,20/05/2025,09:27:17,55825,55801,70,55846.4,70,0,56280
BANKNIFTY-III.NFO,20/05/2025,09:27:21,55825,55801,70,55824.8,35,35,56280
BANKNIFTY-III.NFO,20/05/2025,09:27:22,55825,55801,70,55824.8,35,0,56280
BANKNIFTY-III.NFO,20/05/2025,09:27:25,55825,55801,35,55824.8,35,0,56280
BANKNIFTY-III.NFO,20/05/2025,09:27:26,55825,55801,70,55824.8,35,0,56280
BANKNIFTY-III.NFO,20/05/2025,09:27:27,55825,55801,35,55824.8,35,0,56280
BANKNIFTY-III.NFO,20/05/2025,09:27:39,55825,55801,70,55824.8,35,0,56280
BANKNIFTY-III.NFO,20/05/2025,09:27:43,55825,55801,35,55824.8,35,0,56280
BANKNIFTY-III.NFO,20/05/2025,09:27:44,55825,55801,70,55824.8,35,0,56280
BANKNIFTY-III.NFO,20/05/2025,09:27:49,55825,55801,35,55824.8,35,0,56280
BANKNIFTY-III.NFO,20/05/2025,09:28:00,55825,55801,70,55824.8,35,0,56280
BANKNIFTY-III.NFO,20/05/2025,09:28:01,55825,55801,70,55825,35,0,56280
BANKNIFTY-III.NFO,20/05/2025,09:28:02,55825,55801.2,70,55846.2,35,0,56280
BANKNIFTY-III.NFO,20/05/2025,09:28:07,55825,55824.8,35,55846.2,35,0,56280
BANKNIFTY-III.NFO,20/05/2025,09:28:09,55824.8,55801,70,55824.6,35,35,56175
BANKNIFTY-III.NFO,20/05/2025,09:28:10,55824.8,55801,70,55824.6,35,0,56175
BANKNIFTY-III.NFO,20/05/2025,09:28:11,55824.8,55801,35,55823.4,35,0,56175
BANKNIFTY-III.NFO,20/05/2025,09:28:12,55800,55799,175,55823.4,35,175,56175
BANKNIFTY-III.NFO,20/05/2025,09:28:14,55800,55799,175,55823.4,35,0,56175
BANKNIFTY-III.NFO,20/05/2025,09:28:28,55791.8,55790,35,55818.4,35,210,56175
BANKNIFTY-III.NFO,20/05/2025,09:28:28,55791.8,55790,35,55818.4,35,0,56175
BANKNIFTY-III.NFO,20/05/2025,09:28:29,55791.8,55790,35,55809.8,35,0,56175
BANKNIFTY-III.NFO,20/05/2025,09:28:31,55790,55777,35,55809.8,35,35,56175
BANKNIFTY-III.NFO,20/05/2025,09:28:31,55790,55777,35,55809.8,35,0,56175
BANKNIFTY-III.NFO,20/05/2025,09:28:33,55790,55777,35,55809.8,35,0,56175
BANKNIFTY-III.NFO,20/05/2025,09:28:36,55790,55777,35,55790,70,0,56175
BANKNIFTY-III.NFO,20/05/2025,09:28:44,55790,55777,35,55790,35,0,56175
BANKNIFTY-III.NFO,20/05/2025,09:28:45,55790,55777,35,55790,70,0,56175
BANKNIFTY-III.NFO,20/05/2025,09:28:51,55777,55760,35,55777,175,35,56175
BANKNIFTY-III.NFO,20/05/2025,09:28:51,55777,55760,35,55777,175,0,56175
BANKNIFTY-III.NFO,20/05/2025,09:28:52,55777,55760,35,55777,175,0,56175
BANKNIFTY-III.NFO,20/05/2025,09:28:54,55777,55760,35,55777,70,105,56175
BANKNIFTY-III.NFO,20/05/2025,09:28:55,55777,55760,35,55777,70,0,56175
BANKNIFTY-III.NFO,20/05/2025,09:28:57,55777,55760.2,105,55777,35,0,56175
BANKNIFTY-III.NFO,20/05/2025,09:28:59,55777,55760.2,105,55790,70,35,56175
BANKNIFTY-III.NFO,20/05/2025,09:29:00,55777,55777,70,55790,70,0,56175
BANKNIFTY-III.NFO,20/05/2025,09:29:04,55777,55777,35,55790,35,35,56175
BANKNIFTY-III.NFO,20/05/2025,09:29:06,55777,55777,35,55790,35,0,56175
BANKNIFTY-III.NFO,20/05/2025,09:29:07,55777,55777,35,55789.8,35,0,56175
BANKNIFTY-III.NFO,20/05/2025,09:29:09,55790,55777,35,55789.6,35,70,56175
BANKNIFTY-III.NFO,20/05/2025,09:29:11,55790,55777,35,55789.6,35,0,56175
BANKNIFTY-III.NFO,20/05/2025,09:29:16,55790,55778.2,35,55809.8,35,0,56175
BANKNIFTY-III.NFO,20/05/2025,09:29:17,55790,55777.4,105,55809.8,35,0,56175
BANKNIFTY-III.NFO,20/05/2025,09:29:18,55790,55779.4,105,55809.8,35,0,56175
BANKNIFTY-III.NFO,20/05/2025,09:29:19,55790,55783,105,55809.8,35,0,56175
BANKNIFTY-III.NFO,20/05/2025,09:29:21,55790,55784.2,105,55809.8,35,0,56175
BANKNIFTY-III.NFO,20/05/2025,09:29:27,55790,55780.2,105,55809.8,35,0,56175
BANKNIFTY-III.NFO,20/05/2025,09:29:30,55790,55780,35,55806.4,35,0,56175
BANKNIFTY-III.NFO,20/05/2025,09:29:33,55790,55780.6,35,55806.4,35,0,56175
BANKNIFTY-III.NFO,20/05/2025,09:29:35,55790,55780.8,70,55806.4,35,0,56175
BANKNIFTY-III.NFO,20/05/2025,09:29:37,55790,55790,35,55806.4,35,0,56175
BANKNIFTY-III.NFO,20/05/2025,09:29:39,55790,55790,70,55793.2,70,0,56175
BANKNIFTY-III.NFO,20/05/2025,09:29:40,55790,55790,70,55793,35,0,56175
BANKNIFTY-III.NFO,20/05/2025,09:29:42,55790,55780.6,35,55793,70,70,56175
BANKNIFTY-III.NFO,20/05/2025,09:29:43,55780.6,55769,70,55793,70,35,56175
BANKNIFTY-III.NFO,20/05/2025,09:29:44,55780.6,55769,70,55793,70,0,56175
BANKNIFTY-III.NFO,20/05/2025,09:29:47,55780.6,55769.2,35,55789.8,35,0,56175
BANKNIFTY-III.NFO,20/05/2025,09:29:51,55780.6,55769,70,55789.8,35,0,56175
BANKNIFTY-III.NFO,20/05/2025,09:29:54,55780.6,55769.2,35,55789.8,35,0,56175
BANKNIFTY-III.NFO,20/05/2025,09:29:56,55769,55769,35,55789.8,35,70,56175
BANKNIFTY-III.NFO,20/05/2025,09:29:56,55769,55769,35,55789.8,35,0,56175
BANKNIFTY-III.NFO,20/05/2025,09:29:58,55769,55769,35,55789.8,35,0,56175
BANKNIFTY-III.NFO,20/05/2025,09:30:01,55769,55760,35,55783.4,35,35,56175
BANKNIFTY-III.NFO,20/05/2025,09:30:03,55769,55760,35,55781,35,0,56175
BANKNIFTY-III.NFO,20/05/2025,09:30:04,55769,55760,35,55779.4,35,0,56175
BANKNIFTY-III.NFO,20/05/2025,09:30:05,55760,55750,210,55776.6,35,35,56175
BANKNIFTY-III.NFO,20/05/2025,09:30:05,55760,55750,210,55776.6,35,0,56175
BANKNIFTY-III.NFO,20/05/2025,09:30:07,55760,55750,210,55776.2,35,0,56175
BANKNIFTY-III.NFO,20/05/2025,09:30:13,55760,55750,245,55776.2,35,0,56175
BANKNIFTY-III.NFO,20/05/2025,09:30:14,55760,55750,210,55776.2,35,0,56175
BANKNIFTY-III.NFO,20/05/2025,09:30:15,55760,55750.2,70,55776.4,35,0,56175
BANKNIFTY-III.NFO,20/05/2025,09:30:17,55760,55750.2,70,55776.2,35,0,56175
BANKNIFTY-III.NFO,20/05/2025,09:30:19,55760,55750,245,55776.2,35,0,56175
BANKNIFTY-III.NFO,20/05/2025,09:30:20,55760,55750.2,70,55776.4,35,0,56175
BANKNIFTY-III.NFO,20/05/2025,09:30:24,55760,55760,70,55786.2,35,0,56175
BANKNIFTY-III.NFO,20/05/2025,09:30:25,55760,55760.2,70,55786.2,35,0,56175
BANKNIFTY-III.NFO,20/05/2025,09:30:28,55760,55760,70,55786.2,35,0,56175
BANKNIFTY-III.NFO,20/05/2025,09:30:29,55760,55760.2,70,55786.2,35,0,56175
BANKNIFTY-III.NFO,20/05/2025,09:30:32,55760,55760.2,70,55790,35,0,56175
BANKNIFTY-III.NFO,20/05/2025,09:30:33,55760,55760.2,70,55795.8,35,0,56175
BANKNIFTY-III.NFO,20/05/2025,09:30:42,55760,55760.2,70,55795.6,35,0,56175
BANKNIFTY-III.NFO,20/05/2025,09:30:47,55760,55760,140,55795.6,35,0,56175
BANKNIFTY-III.NFO,20/05/2025,09:30:49,55760,55760,175,55795.6,35,0,56175
BANKNIFTY-III.NFO,20/05/2025,09:30:53,55760,55760,175,55792.8,35,0,56175
BANKNIFTY-III.NFO,20/05/2025,09:30:54,55760,55760,105,55792.8,35,0,56175
BANKNIFTY-III.NFO,20/05/2025,09:30:59,55793,55760.2,35,55792.6,35,70,56490
BANKNIFTY-III.NFO,20/05/2025,09:31:00,55793,55760,105,55792.6,35,0,56490
BANKNIFTY-III.NFO,20/05/2025,09:31:02,55793,55760,70,55787.8,35,0,56490
BANKNIFTY-III.NFO,20/05/2025,09:31:03,55793,55760,70,55786.2,35,0,56490
BANKNIFTY-III.NFO,20/05/2025,09:31:05,55793,55760,70,55783.8,35,0,56490
BANKNIFTY-III.NFO,20/05/2025,09:31:06,55793,55760,70,55778.6,35,0,56490
BANKNIFTY-III.NFO,20/05/2025,09:31:11,55793,55760,70,55777.8,35,0,56490
BANKNIFTY-III.NFO,20/05/2025,09:31:16,55760,55751.2,70,55777.8,35,70,56490
BANKNIFTY-III.NFO,20/05/2025,09:31:18,55760,55751.2,35,55777.8,35,0,56490
BANKNIFTY-III.NFO,20/05/2025,09:31:19,55760,55751,35,55777.8,35,0,56490
BANKNIFTY-III.NFO,20/05/2025,09:31:20,55776.8,55751.2,35,55776.4,35,35,56490
BANKNIFTY-III.NFO,20/05/2025,09:31:24,55776.8,55752.8,70,55776.4,35,0,56490
BANKNIFTY-III.NFO,20/05/2025,09:31:25,55776.8,55754.8,70,55779.8,35,0,56490
BANKNIFTY-III.NFO,20/05/2025,09:31:26,55776.8,55757.2,70,55781.8,35,0,56490
BANKNIFTY-III.NFO,20/05/2025,09:31:28,55776.8,55755,35,55781.8,35,0,56490
BANKNIFTY-III.NFO,20/05/2025,09:31:29,55776.8,55753,35,55781.8,35,0,56490
BANKNIFTY-III.NFO,20/05/2025,09:31:35,55776.8,55756.6,35,55781.8,35,0,56490
BANKNIFTY-III.NFO,20/05/2025,09:31:36,55776.8,55759.4,35,55783.2,35,0,56490
BANKNIFTY-III.NFO,20/05/2025,09:31:39,55776.8,55761,70,55787.8,35,0,56490
BANKNIFTY-III.NFO,20/05/2025,09:31:40,55776.8,55765.8,70,55791,35,0,56490
BANKNIFTY-III.NFO,20/05/2025,09:31:41,55776.8,55772.6,70,55796,35,0,56490
BANKNIFTY-III.NFO,20/05/2025,09:31:43,55776.8,55775.6,70,55799.8,35,0,56490
BANKNIFTY-III.NFO,20/05/2025,09:31:44,55776.8,55776,140,55800.8,35,0,56490
BANKNIFTY-III.NFO,20/05/2025,09:31:46,55776.8,55776,70,55800.8,35,0,56490
BANKNIFTY-III.NFO,20/05/2025,09:31:49,55776.8,55777.6,140,55802,35,0,56490
BANKNIFTY-III.NFO,20/05/2025,09:31:51,55776.8,55780.4,70,55805,35,0,56490
BANKNIFTY-III.NFO,20/05/2025,09:31:52,55776.8,55780.8,70,55805.6,35,0,56490
BANKNIFTY-III.NFO,20/05/2025,09:31:54,55776.8,55780.8,35,55805.6,35,0,56490
BANKNIFTY-III.NFO,20/05/2025,09:31:59,55776.8,55782.2,35,55806.8,35,0,56490
BANKNIFTY-III.NFO,20/05/2025,09:32:00,55776.8,55783.8,105,55808.2,35,0,56490
BANKNIFTY-III.NFO,20/05/2025,09:32:01,55776.8,55787.2,70,55809.8,70,0,56490
BANKNIFTY-III.NFO,20/05/2025,09:32:04,55776.8,55779.4,35,55809.8,70,0,56490
BANKNIFTY-III.NFO,20/05/2025,09:32:06,55776.8,55779.4,35,55807.8,35,0,56490
BANKNIFTY-III.NFO,20/05/2025,09:32:08,55776.8,55785.4,105,55809.6,35,0,56490
BANKNIFTY-III.NFO,20/05/2025,09:32:09,55776.8,55794,70,55810,35,0,56490
BANKNIFTY-III.NFO,20/05/2025,09:32:11,55776.8,55794,70,55815.8,70,0,56490
BANKNIFTY-III.NFO,20/05/2025,09:32:15,55815.8,55794,70,55815.6,35,35,56490
BANKNIFTY-III.NFO,20/05/2025,09:32:17,55815.8,55794,70,55815.6,35,0,56490
BANKNIFTY-III.NFO,20/05/2025,09:32:18,55815.8,55794,70,55816.4,35,0,56490
BANKNIFTY-III.NFO,20/05/2025,09:32:21,55815.8,55798.8,140,55823.4,35,0,56490
BANKNIFTY-III.NFO,20/05/2025,09:32:23,55815.8,55805.2,70,55828.8,70,0,56490
BANKNIFTY-III.NFO,20/05/2025,09:32:24,55815.8,55805.6,70,55829.2,35,0,56490
BANKNIFTY-III.NFO,20/05/2025,09:32:25,55815.8,55807.2,70,55831.2,70,0,56490
BANKNIFTY-III.NFO,20/05/2025,09:32:30,55815.8,55803.4,35,55830.8,280,0,56490
BANKNIFTY-III.NFO,20/05/2025,09:32:31,55815.8,55800.2,70,55826.8,35,0,56490
BANKNIFTY-III.NFO,20/05/2025,09:32:32,55800.4,55800.4,35,55826.8,35,70,56490
BANKNIFTY-III.NFO,20/05/2025,09:32:33,55800.4,55800.4,35,55826.8,35,0,56490
BANKNIFTY-III.NFO,20/05/2025,09:32:41,55826.8,55800.4,35,55826.4,35,35,56490
BANKNIFTY-III.NFO,20/05/2025,09:32:42,55826.8,55800.4,35,55826.4,35,0,56490
BANKNIFTY-III.NFO,20/05/2025,09:32:43,55800.2,55800.2,35,55826.4,35,35,56490
BANKNIFTY-III.NFO,20/05/2025,09:32:45,55800,55792,35,55823.8,35,35,56490
BANKNIFTY-III.NFO,20/05/2025,09:32:46,55800,55790.4,35,55821.4,35,0,56490
BANKNIFTY-III.NFO,20/05/2025,09:32:48,55821.4,55790,35,55821,35,35,56490
BANKNIFTY-III.NFO,20/05/2025,09:32:50,55821.4,55786.6,35,55820.6,35,0,56490
BANKNIFTY-III.NFO,20/05/2025,09:32:51,55821.4,55786.2,35,55817.8,35,0,56490
BANKNIFTY-III.NFO,20/05/2025,09:32:52,55821.4,55785.4,35,55815,35,0,56490
BANKNIFTY-III.NFO,20/05/2025,09:32:58,55821.4,55793,35,55818,35,0,56490
BANKNIFTY-III.NFO,20/05/2025,09:32:59,55821.4,55794.2,35,55820.6,35,0,56490
BANKNIFTY-III.NFO,20/05/2025,09:33:07,55821.4,55790.2,35,55820.6,35,0,56490
BANKNIFTY-III.NFO,20/05/2025,09:33:10,55820,55786.6,35,55819.8,70,35,56490
BANKNIFTY-III.NFO,20/05/2025,09:33:12,55818.8,55785.8,35,55819,35,35,56490
BANKNIFTY-III.NFO,20/05/2025,09:33:13,55818.8,55781.6,35,55818.8,210,0,56490
BANKNIFTY-III.NFO,20/05/2025,09:33:14,55818.8,55781.6,35,55814.2,35,0,56490
BANKNIFTY-III.NFO,20/05/2025,09:33:15,55818.8,55780.4,35,55812,35,0,56490
BANKNIFTY-III.NFO,20/05/2025,09:33:17,55818.8,55778.2,35,55809.6,35,0,56490
BANKNIFTY-III.NFO,20/05/2025,09:33:18,55818.8,55778.2,35,55808.6,210,0,56490
BANKNIFTY-III.NFO,20/05/2025,09:33:19,55818.8,55778.2,35,55808.8,35,0,56490
BANKNIFTY-III.NFO,20/05/2025,09:33:20,55818.8,55775.4,35,55808.8,35,0,56490
BANKNIFTY-III.NFO,20/05/2025,09:33:22,55807.8,55775,35,55807.8,35,105,56490
BANKNIFTY-III.NFO,20/05/2025,09:33:23,55807.8,55775,35,55807.8,35,0,56490
BANKNIFTY-III.NFO,20/05/2025,09:33:24,55807.8,55773.2,35,55806.8,35,0,56490
BANKNIFTY-III.NFO,20/05/2025,09:33:25,55807.8,55769.2,70,55799,245,0,56490
BANKNIFTY-III.NFO,20/05/2025,09:33:26,55807.8,55769.2,70,55797.2,35,0,56490
BANKNIFTY-III.NFO,20/05/2025,09:33:28,55807.8,55764.2,35,55792.2,35,0,56490
BANKNIFTY-III.NFO,20/05/2025,09:33:29,55807.8,55764.6,35,55792.2,35,0,56490
BANKNIFTY-III.NFO,20/05/2025,09:33:30,55807.8,55766.6,35,55792.2,35,0,56490
BANKNIFTY-III.NFO,20/05/2025,09:33:31,55807.8,55767.8,35,55792.2,35,0,56490
BANKNIFTY-III.NFO,20/05/2025,09:33:35,55807.8,55765.6,35,55792.2,140,0,56490
BANKNIFTY-III.NFO,20/05/2025,09:33:36,55807.8,55760.4,35,55787.6,35,0,56490
BANKNIFTY-III.NFO,20/05/2025,09:33:38,55807.8,55760.4,35,55786,35,0,56490
BANKNIFTY-III.NFO,20/05/2025,09:33:40,55807.8,55760.8,35,55786,35,0,56490
BANKNIFTY-III.NFO,20/05/2025,09:33:43,55807.8,55771.8,70,55794.4,35,0,56490
BANKNIFTY-III.NFO,20/05/2025,09:33:47,55807.8,55772.2,70,55794.4,35,0,56490
BANKNIFTY-III.NFO,20/05/2025,09:33:50,55772.2,55767.8,70,55794.2,35,35,56700
BANKNIFTY-III.NFO,20/05/2025,09:33:51,55772.2,55771.6,70,55794.2,35,0,56700
BANKNIFTY-III.NFO,20/05/2025,09:33:52,55772.2,55772,140,55794.2,35,0,56700
BANKNIFTY-III.NFO,20/05/2025,09:33:54,55772.2,55772,105,55794.2,35,0,56700
BANKNIFTY-III.NFO,20/05/2025,09:33:55,55772.2,55768.6,70,55793.8,35,0,56700
BANKNIFTY-III.NFO,20/05/2025,09:33:56,55772.2,55771,70,55793.8,35,0,56700
BANKNIFTY-III.NFO,20/05/2025,09:33:57,55772.2,55767.8,70,55793.8,35,0,56700
BANKNIFTY-III.NFO,20/05/2025,09:33:59,55772.2,55765.2,70,55790.6,35,0,56700
BANKNIFTY-III.NFO,20/05/2025,09:34:00,55772.2,55761.8,70,55785.6,35,0,56700
BANKNIFTY-III.NFO,20/05/2025,09:34:01,55772.2,55763.8,70,55785.6,35,0,56700
BANKNIFTY-III.NFO,20/05/2025,09:34:02,55772.2,55760.2,35,55782.6,35,0,56700
BANKNIFTY-III.NFO,20/05/2025,09:34:05,55782.6,55762.2,70,55782.8,35,35,56700
BANKNIFTY-III.NFO,20/05/2025,09:34:06,55782.6,55762.2,35,55782.8,35,0,56700
BANKNIFTY-III.NFO,20/05/2025,09:34:07,55782.6,55760.6,35,55782.8,35,0,56700
BANKNIFTY-III.NFO,20/05/2025,09:34:10,55782.6,55762,35,55782.8,35,0,56700
BANKNIFTY-III.NFO,20/05/2025,09:34:11,55782.6,55764.2,35,55784.6,35,0,56700
BANKNIFTY-III.NFO,20/05/2025,09:34:13,55782.6,55761.2,140,55784,35,0,56700
BANKNIFTY-III.NFO,20/05/2025,09:34:15,55782.6,55762.8,70,55784,35,0,56700
BANKNIFTY-III.NFO,20/05/2025,09:34:18,55782.6,55763.2,70,55784,35,0,56700
BANKNIFTY-III.NFO,20/05/2025,09:34:20,55784,55762,140,55786.6,35,35,56700
BANKNIFTY-III.NFO,20/05/2025,09:34:21,55766,55764.4,35,55787.8,35,210,56700
BANKNIFTY-III.NFO,20/05/2025,09:34:22,55766,55764.4,35,55787.8,35,0,56700
BANKNIFTY-III.NFO,20/05/2025,09:34:23,55766,55765.2,35,55787.8,35,0,56700
BANKNIFTY-III.NFO,20/05/2025,09:34:25,55766,55761.2,35,55787.8,35,0,56700
BANKNIFTY-III.NFO,20/05/2025,09:34:28,55766,55758.4,35,55787.2,35,0,56700
BANKNIFTY-III.NFO,20/05/2025,09:34:29,55766,55758.4,35,55786.6,35,0,56700
BANKNIFTY-III.NFO,20/05/2025,09:34:31,55766,55760,105,55786.8,35,0,56700
BANKNIFTY-III.NFO,20/05/2025,09:34:32,55766,55761.2,35,55786.8,35,0,56700
BANKNIFTY-III.NFO,20/05/2025,09:34:33,55766,55762,35,55786.8,35,0,56700
BANKNIFTY-III.NFO,20/05/2025,09:34:34,55766,55762,35,55786.6,35,0,56700
BANKNIFTY-III.NFO,20/05/2025,09:34:35,55766,55762,35,55786.8,35,0,56700
BANKNIFTY-III.NFO,20/05/2025,09:34:38,55766,55762,35,55786.6,35,0,56700
BANKNIFTY-III.NFO,20/05/2025,09:34:39,55766,55762,35,55786.8,35,0,56700
BANKNIFTY-III.NFO,20/05/2025,09:34:40,55766,55762,35,55786.6,35,0,56700
BANKNIFTY-III.NFO,20/05/2025,09:34:41,55766,55764.4,70,55790.4,35,0,56700
BANKNIFTY-III.NFO,20/05/2025,09:34:43,55766,55764.4,70,55790.2,35,0,56700
BANKNIFTY-III.NFO,20/05/2025,09:34:45,55766,55764.8,70,55790.4,35,0,56700
BANKNIFTY-III.NFO,20/05/2025,09:34:46,55766,55764.8,70,55790.2,35,0,56700
BANKNIFTY-III.NFO,20/05/2025,09:34:49,55766,55764.8,140,55790.2,35,0,56700
BANKNIFTY-III.NFO,20/05/2025,09:34:50,55766,55765.6,70,55790.2,35,0,56700
BANKNIFTY-III.NFO,20/05/2025,09:34:51,55766,55767.6,140,55791.2,35,0,56700
BANKNIFTY-III.NFO,20/05/2025,09:34:52,55766,55768,70,55791.2,35,0,56700
BANKNIFTY-III.NFO,20/05/2025,09:34:54,55766,55768,70,55791,35,0,56700
BANKNIFTY-III.NFO,20/05/2025,09:34:55,55766,55768,70,55791.2,35,0,56700
BANKNIFTY-III.NFO,20/05/2025,09:34:56,55766,55768,70,55791,35,0,56700
BANKNIFTY-III.NFO,20/05/2025,09:34:58,55766,55763.6,35,55791,35,0,56700
BANKNIFTY-III.NFO,20/05/2025,09:35:00,55766,55765.6,105,55791.2,35,0,56700
BANKNIFTY-III.NFO,20/05/2025,09:35:01,55766,55765.6,105,55791,35,0,56700
BANKNIFTY-III.NFO,20/05/2025,09:35:10,55766,55774,70,55797.8,35,0,56700
BANKNIFTY-III.NFO,20/05/2025,09:35:11,55766,55774.8,70,55798.2,35,0,56700
BANKNIFTY-III.NFO,20/05/2025,09:35:12,55766,55775.2,140,55799,35,0,56700
BANKNIFTY-III.NFO,20/05/2025,09:35:14,55766,55776,70,55799.4,35,0,56700
BANKNIFTY-III.NFO,20/05/2025,09:35:17,55766,55772,35,55799.4,35,0,56700
BANKNIFTY-III.NFO,20/05/2025,09:35:19,55766,55771.2,35,55798.8,35,0,56700
BANKNIFTY-III.NFO,20/05/2025,09:35:20,55766,55774,35,55799,35,0,56700
BANKNIFTY-III.NFO,20/05/2025,09:35:21,55766,55774,35,55798.8,35,0,56700
BANKNIFTY-III.NFO,20/05/2025,09:35:22,55766,55774,35,55799.4,35,0,56700
BANKNIFTY-III.NFO,20/05/2025,09:35:24,55766,55774.4,35,55799.4,35,0,56700
BANKNIFTY-III.NFO,20/05/2025,09:35:26,55766,55776,35,55801.4,35,0,56700
BANKNIFTY-III.NFO,20/05/2025,09:35:27,55766,55776,35,55801.2,35,0,56700
BANKNIFTY-III.NFO,20/05/2025,09:35:32,55766,55772,35,55800.6,35,0,56700
BANKNIFTY-III.NFO,20/05/2025,09:35:36,55766,55772.8,35,55800.6,35,0,56700
BANKNIFTY-III.NFO,20/05/2025,09:35:47,55766,55773.2,35,55800.6,35,0,56700
BANKNIFTY-III.NFO,20/05/2025,09:35:49,55766,55775.6,35,55800.6,35,0,56700
BANKNIFTY-III.NFO,20/05/2025,09:35:50,55766,55776.8,35,55800.8,35,0,56700
BANKNIFTY-III.NFO,20/05/2025,09:35:51,55766,55776.8,35,55800.6,35,0,56700
BANKNIFTY-III.NFO,20/05/2025,09:35:55,55766,55772.4,35,55800.6,35,0,56700
BANKNIFTY-III.NFO,20/05/2025,09:35:56,55766,55774.8,35,55800.6,35,0,56700
BANKNIFTY-III.NFO,20/05/2025,09:35:59,55766,55771.2,35,55799.2,35,0,56700
BANKNIFTY-III.NFO,20/05/2025,09:36:00,55766,55771.2,35,55798.6,35,0,56700
BANKNIFTY-III.NFO,20/05/2025,09:36:02,55766,55767.6,35,55796.2,140,0,56700
BANKNIFTY-III.NFO,20/05/2025,09:36:04,55766,55765.6,35,55794.2,140,0,56700
BANKNIFTY-III.NFO,20/05/2025,09:36:05,55766,55765.2,70,55792.2,35,0,56700
BANKNIFTY-III.NFO,20/05/2025,09:36:06,55766,55765,35,55788,35,0,56700
BANKNIFTY-III.NFO,20/05/2025,09:36:07,55766,55765.2,70,55788,35,0,56700
BANKNIFTY-III.NFO,20/05/2025,09:36:08,55766,55765.2,70,55788.2,35,0,56700
BANKNIFTY-III.NFO,20/05/2025,09:36:10,55766,55772.2,35,55791.8,35,0,56700
BANKNIFTY-III.NFO,20/05/2025,09:36:12,55766,55772.2,70,55791.8,35,0,56700
BANKNIFTY-III.NFO,20/05/2025,09:36:13,55766,55772.2,70,55793.8,35,0,56700
BANKNIFTY-III.NFO,20/05/2025,09:36:16,55766,55774.2,70,55797.2,70,0,56700
BANKNIFTY-III.NFO,20/05/2025,09:36:18,55766,55774.2,70,55797.2,35,0,56700
BANKNIFTY-III.NFO,20/05/2025,09:36:20,55766,55774.2,70,55798.6,35,0,56700
BANKNIFTY-III.NFO,20/05/2025,09:36:21,55766,55780.4,70,55804.6,35,0,56700
BANKNIFTY-III.NFO,20/05/2025,09:36:22,55766,55780.4,70,55804.6,140,0,56700
BANKNIFTY-III.NFO,20/05/2025,09:36:23,55766,55778,35,55803.2,140,0,56700
BANKNIFTY-III.NFO,20/05/2025,09:36:26,55766,55778,35,55803.2,35,0,56700
BANKNIFTY-III.NFO,20/05/2025,09:36:27,55766,55783.2,70,55807.6,35,0,56700
BANKNIFTY-III.NFO,20/05/2025,09:36:29,55766,55783.6,70,55808.4,70,0,56700
BANKNIFTY-III.NFO,20/05/2025,09:36:31,55766,55786,70,55810,70,0,56700
BANKNIFTY-III.NFO,20/05/2025,09:36:32,55766,55787.6,70,55810,70,0,56700
BANKNIFTY-III.NFO,20/05/2025,09:36:33,55766,55788,70,55810,70,0,56700
BANKNIFTY-III.NFO,20/05/2025,09:36:34,55807.6,55788.8,70,55810,70,35,56700
BANKNIFTY-III.NFO,20/05/2025,09:36:36,55807.6,55788.8,70,55809.8,35,0,56700
BANKNIFTY-III.NFO,20/05/2025,09:36:37,55807.6,55788.8,70,55810,70,0,56700
BANKNIFTY-III.NFO,20/05/2025,09:36:38,55807.6,55788.8,70,55809.8,35,0,56700
BANKNIFTY-III.NFO,20/05/2025,09:36:39,55807.6,55785.4,35,55809.8,35,0,56700
BANKNIFTY-III.NFO,20/05/2025,09:36:41,55807.6,55785.4,35,55810,70,0,56700
BANKNIFTY-III.NFO,20/05/2025,09:36:42,55807.6,55785.4,35,55809.8,35,0,56700
BANKNIFTY-III.NFO,20/05/2025,09:36:43,55807.6,55789,70,55810,35,0,56700
BANKNIFTY-III.NFO,20/05/2025,09:36:44,55807.6,55789,70,55809.8,70,0,56700
BANKNIFTY-III.NFO,20/05/2025,09:36:47,55807.6,55790,35,55809.8,70,0,56700
BANKNIFTY-III.NFO,20/05/2025,09:36:48,55807.6,55790.2,70,55809.8,70,0,56700
BANKNIFTY-III.NFO,20/05/2025,09:36:55,55807.6,55793,70,55810,35,0,56700
BANKNIFTY-III.NFO,20/05/2025,09:36:56,55807.6,55800,35,55810,35,0,56700
BANKNIFTY-III.NFO,20/05/2025,09:36:59,55807.6,55800.2,70,55810,35,0,56700
BANKNIFTY-III.NFO,20/05/2025,09:37:00,55810,55801.8,70,55826.8,35,35,56525
BANKNIFTY-III.NFO,20/05/2025,09:37:01,55810,55806.6,70,55828.6,70,0,56525
BANKNIFTY-III.NFO,20/05/2025,09:37:03,55810,55810,35,55828.6,35,0,56525
BANKNIFTY-III.NFO,20/05/2025,09:37:07,55810,55812,105,55828.6,35,0,56525
BANKNIFTY-III.NFO,20/05/2025,09:37:08,55810,55813.6,105,55828.6,35,0,56525
BANKNIFTY-III.NFO,20/05/2025,09:37:10,55810,55810.4,35,55828.6,35,0,56525
BANKNIFTY-III.NFO,20/05/2025,09:37:13,55828.6,55810.8,35,55828.8,70,35,56525
BANKNIFTY-III.NFO,20/05/2025,09:37:15,55828.6,55806.8,35,55828.8,70,0,56525
BANKNIFTY-III.NFO,20/05/2025,09:37:16,55828.8,55806.2,35,55828.8,35,35,56525
BANKNIFTY-III.NFO,20/05/2025,09:37:17,55828,55807.6,105,55832.4,105,350,56525
BANKNIFTY-III.NFO,20/05/2025,09:37:18,55828,55807.6,105,55830.8,35,0,56525
BANKNIFTY-III.NFO,20/05/2025,09:37:20,55828,55805.6,35,55829,35,0,56525
BANKNIFTY-III.NFO,20/05/2025,09:37:21,55828,55805.8,35,55829,35,0,56525
BANKNIFTY-III.NFO,20/05/2025,09:37:22,55828,55803.8,35,55828.2,140,0,56525
BANKNIFTY-III.NFO,20/05/2025,09:37:23,55828,55800.8,35,55826.4,105,0,56525
BANKNIFTY-III.NFO,20/05/2025,09:37:25,55828,55801,35,55824.4,140,0,56525
BANKNIFTY-III.NFO,20/05/2025,09:37:26,55828,55802.2,35,55824.4,35,0,56525
BANKNIFTY-III.NFO,20/05/2025,09:37:28,55828,55803,35,55825.8,140,0,56525
BANKNIFTY-III.NFO,20/05/2025,09:37:30,55828,55807.4,35,55828,105,0,56525
BANKNIFTY-III.NFO,20/05/2025,09:37:31,55828,55811,70,55832.6,105,0,56525
BANKNIFTY-III.NFO,20/05/2025,09:37:32,55828,55811,70,55832.2,105,0,56525
BANKNIFTY-III.NFO,20/05/2025,09:37:33,55828,55812.4,70,55832,35,0,56525
BANKNIFTY-III.NFO,20/05/2025,09:37:35,55828,55815.6,35,55834,140,0,56525
BANKNIFTY-III.NFO,20/05/2025,09:37:36,55828,55813.8,35,55834.8,140,0,56525
BANKNIFTY-III.NFO,20/05/2025,09:37:37,55828,55813.8,35,55834.6,140,0,56525
BANKNIFTY-III.NFO,20/05/2025,09:37:38,55828,55813.8,70,55834.2,140,35,56525
BANKNIFTY-III.NFO,20/05/2025,09:37:40,55828,55813.8,70,55834.2,35,0,56525
BANKNIFTY-III.NFO,20/05/2025,09:37:41,55828,55817.4,70,55836.6,105,0,56525
BANKNIFTY-III.NFO,20/05/2025,09:37:42,55828,55814.4,35,55836.4,140,0,56525
BANKNIFTY-III.NFO,20/05/2025,09:37:43,55828,55812.6,35,55835.4,105,0,56525
BANKNIFTY-III.NFO,20/05/2025,09:37:45,55828,55810.8,35,55834.4,140,0,56525
BANKNIFTY-III.NFO,20/05/2025,09:37:46,55828,55808.2,35,55833,140,0,56525
BANKNIFTY-III.NFO,20/05/2025,09:37:47,55828,55808.2,35,55832.4,35,0,56525
BANKNIFTY-III.NFO,20/05/2025,09:37:48,55828,55807.8,35,55831.4,35,0,56525
BANKNIFTY-III.NFO,20/05/2025,09:37:50,55828,55812.2,70,55834.8,35,0,56525
BANKNIFTY-III.NFO,20/05/2025,09:37:51,55833,55813.8,70,55836,35,35,56525
BANKNIFTY-III.NFO,20/05/2025,09:37:52,55833,55819.8,70,55840.8,35,0,56525
BANKNIFTY-III.NFO,20/05/2025,09:37:56,55833,55816.8,35,55840.8,35,0,56525
BANKNIFTY-III.NFO,20/05/2025,09:38:00,55833,55816.8,35,55840.4,140,0,56525
BANKNIFTY-III.NFO,20/05/2025,09:38:01,55833,55813.6,35,55838.2,105,0,56525
BANKNIFTY-III.NFO,20/05/2025,09:38:02,55833,55813.6,35,55838,140,0,56525
BANKNIFTY-III.NFO,20/05/2025,09:38:03,55833,55812.8,35,55837.6,35,0,56525
BANKNIFTY-III.NFO,20/05/2025,09:38:04,55833,55814,35,55837.6,35,0,56525
BANKNIFTY-III.NFO,20/05/2025,09:38:12,55833,55814,35,55835,70,0,56525
BANKNIFTY-III.NFO,20/05/2025,09:38:17,55833,55814.4,70,55835,70,0,56525
BANKNIFTY-III.NFO,20/05/2025,09:38:18,55833,55814.4,35,55835,70,0,56525
BANKNIFTY-III.NFO,20/05/2025,09:38:19,55833,55814.4,70,55835,70,0,56525
BANKNIFTY-III.NFO,20/05/2025,09:38:26,55833,55814.8,70,55835,35,0,56525
BANKNIFTY-III.NFO,20/05/2025,09:38:27,55833,55814.8,70,55835,70,0,56525
BANKNIFTY-III.NFO,20/05/2025,09:38:34,55833,55817.4,70,55835,35,0,56525
BANKNIFTY-III.NFO,20/05/2025,09:38:36,55833,55819.4,70,55835,35,0,56525
BANKNIFTY-III.NFO,20/05/2025,09:38:37,55833,55815,35,55835,70,0,56525
BANKNIFTY-III.NFO,20/05/2025,09:38:39,55833,55810.6,70,55835,70,0,56525
BANKNIFTY-III.NFO,20/05/2025,09:38:43,55833,55807.4,35,55835,70,0,56525
BANKNIFTY-III.NFO,20/05/2025,09:38:44,55833,55804.2,35,55833.6,140,0,56525
BANKNIFTY-III.NFO,20/05/2025,09:38:46,55833,55800.6,35,55827.8,140,0,56525
BANKNIFTY-III.NFO,20/05/2025,09:38:47,55820,55800.6,35,55827.8,140,35,56525
BANKNIFTY-III.NFO,20/05/2025,09:38:48,55820,55799,35,55825.6,35,0,56525
BANKNIFTY-III.NFO,20/05/2025,09:38:53,55820,55800.2,105,55825.6,35,0,56525
BANKNIFTY-III.NFO,20/05/2025,09:38:56,55820,55800.2,35,55825.6,35,0,56525
BANKNIFTY-III.NFO,20/05/2025,09:38:58,55820,55810.2,35,55831.8,35,0,56525
BANKNIFTY-III.NFO,20/05/2025,09:38:59,55820,55810,35,55831.8,35,0,56525
BANKNIFTY-III.NFO,20/05/2025,09:39:01,55808.6,55803.2,35,55831.6,35,70,56525
BANKNIFTY-III.NFO,20/05/2025,09:39:02,55808.6,55803.2,35,55831.6,35,0,56525
BANKNIFTY-III.NFO,20/05/2025,09:39:07,55808.6,55803.2,35,55831,35,0,56525
BANKNIFTY-III.NFO,20/05/2025,09:39:08,55808.6,55805.6,35,55831,35,0,56525
BANKNIFTY-III.NFO,20/05/2025,09:39:10,55808.6,55807.2,35,55831,35,0,56525
BANKNIFTY-III.NFO,20/05/2025,09:39:12,55808.6,55808.8,105,55832.4,35,0,56525
BANKNIFTY-III.NFO,20/05/2025,09:39:16,55808.6,55808.8,35,55832.4,35,0,56525
BANKNIFTY-III.NFO,20/05/2025,09:39:24,55808.6,55804.4,35,55832.4,35,0,56525
BANKNIFTY-III.NFO,20/05/2025,09:39:26,55808.6,55802.2,35,55830.2,35,0,56525
BANKNIFTY-III.NFO,20/05/2025,09:39:28,55808.6,55802.6,35,55830.2,35,0,56525
BANKNIFTY-III.NFO,20/05/2025,09:39:33,55808.6,55803,35,55830.2,35,0,56525
BANKNIFTY-III.NFO,20/05/2025,09:40:01,55808.6,55800.2,70,55828.2,140,0,56525
BANKNIFTY-III.NFO,20/05/2025,09:40:02,55808.6,55800.2,70,55828.2,35,0,56525
BANKNIFTY-III.NFO,20/05/2025,09:40:03,55808.6,55800.2,35,55827.6,35,0,56525
BANKNIFTY-III.NFO,20/05/2025,09:40:05,55808.6,55800,35,55819,35,0,56525
BANKNIFTY-III.NFO,20/05/2025,09:40:06,55800,55796,35,55817.6,35,35,56525
BANKNIFTY-III.NFO,20/05/2025,09:40:07,55800,55796,35,55815.8,35,0,56525
BANKNIFTY-III.NFO,20/05/2025,09:40:08,55800,55796,35,55811.6,35,0,56525
BANKNIFTY-III.NFO,20/05/2025,09:40:09,55796,55790,35,55811.6,35,35,56525
BANKNIFTY-III.NFO,20/05/2025,09:40:11,55796,55790,35,55811.6,35,0,56525
BANKNIFTY-III.NFO,20/05/2025,09:40:12,55790,55779,35,55810.2,35,35,56525
BANKNIFTY-III.NFO,20/05/2025,09:40:13,55790,55779,35,55808.6,140,0,56525
BANKNIFTY-III.NFO,20/05/2025,09:40:14,55790,55778.6,35,55808.2,35,0,56525
BANKNIFTY-III.NFO,20/05/2025,09:40:19,55790,55776.2,35,55807.2,35,0,56525
BANKNIFTY-III.NFO,20/05/2025,09:40:21,55790,55773.4,35,55806.8,210,0,56525
BANKNIFTY-III.NFO,20/05/2025,09:40:22,55790,55770.6,35,55801,35,0,56525
BANKNIFTY-III.NFO,20/05/2025,09:40:33,55790,55770.2,70,55798,35,0,56525
BANKNIFTY-III.NFO,20/05/2025,09:40:40,55790,55770.2,35,55798,35,0,56525
BANKNIFTY-III.NFO,20/05/2025,09:40:41,55790,55770.2,70,55798,35,0,56525
BANKNIFTY-III.NFO,20/05/2025,09:40:46,55790,55770.2,70,55797.6,35,0,56525
BANKNIFTY-III.NFO,20/05/2025,09:40:47,55790,55770.2,70,55797.2,35,0,56525
BANKNIFTY-III.NFO,20/05/2025,09:40:48,55770.2,55770.2,35,55796.8,140,35,56525
BANKNIFTY-III.NFO,20/05/2025,09:40:50,55770.2,55770,35,55796.4,105,0,56525
BANKNIFTY-III.NFO,20/05/2025,09:40:51,55761.6,55754.6,35,55788.2,35,245,56525
BANKNIFTY-III.NFO,20/05/2025,09:40:52,55761.6,55754.6,35,55787.2,35,0,56525
BANKNIFTY-III.NFO,20/05/2025,09:40:57,55761.6,55751,70,55783.4,35,0,56525
BANKNIFTY-III.NFO,20/05/2025,09:41:02,55761.6,55751,70,55781.4,35,0,56525
BANKNIFTY-III.NFO,20/05/2025,09:41:03,55761.6,55751,35,55779.6,35,0,56525
BANKNIFTY-III.NFO,20/05/2025,09:41:04,55761.6,55751,35,55774.8,35,0,56525
BANKNIFTY-III.NFO,20/05/2025,09:41:05,55761.6,55751,35,55772.4,35,0,56525
BANKNIFTY-III.NFO,20/05/2025,09:41:07,55750,55745,35,55766.2,35,105,56525
BANKNIFTY-III.NFO,20/05/2025,09:41:07,55750,55745,35,55766.2,35,0,56525
BANKNIFTY-III.NFO,20/05/2025,09:41:08,55745,55720.2,35,55758.8,35,35,56525
BANKNIFTY-III.NFO,20/05/2025,09:41:08,55745,55720.2,35,55758.8,35,0,56525
BANKNIFTY-III.NFO,20/05/2025,09:41:09,55745,55720,280,55753,35,0,56525
BANKNIFTY-III.NFO,20/05/2025,09:41:10,55745,55720,280,55750.2,35,0,56525
BANKNIFTY-III.NFO,20/05/2025,09:41:12,55745,55720,245,55750.2,35,0,56525
BANKNIFTY-III.NFO,20/05/2025,09:41:13,55745,55720,280,55750.2,35,0,56525
BANKNIFTY-III.NFO,20/05/2025,09:41:14,55745,55720,245,55750.2,35,0,56525
BANKNIFTY-III.NFO,20/05/2025,09:41:17,55745,55720,280,55750.2,35,0,56525
BANKNIFTY-III.NFO,20/05/2025,09:41:18,55745,55720,245,55750.2,35,0,56525
BANKNIFTY-III.NFO,20/05/2025,09:41:19,55745,55720,245,55746.4,35,0,56525
BANKNIFTY-III.NFO,20/05/2025,09:41:24,55745,55720,245,55744.8,35,0,56525
BANKNIFTY-III.NFO,20/05/2025,09:41:32,55745,55720.2,70,55745,70,0,56525
BANKNIFTY-III.NFO,20/05/2025,09:41:35,55745,55720,245,55740,70,0,56525
BANKNIFTY-III.NFO,20/05/2025,09:41:39,55720,55720,210,55740,70,35,56525
BANKNIFTY-III.NFO,20/05/2025,09:41:39,55720,55720,210,55740,70,0,56525
BANKNIFTY-III.NFO,20/05/2025,09:41:40,55720,55720,210,55740,70,0,56525
BANKNIFTY-III.NFO,20/05/2025,09:41:42,55720,55720,245,55740,70,0,56525
BANKNIFTY-III.NFO,20/05/2025,09:41:43,55720,55720,210,55740,70,0,56525
BANKNIFTY-III.NFO,20/05/2025,09:41:53,55720,55720,245,55740,70,0,56525
BANKNIFTY-III.NFO,20/05/2025,09:41:56,55720,55720,315,55740,70,0,56525
BANKNIFTY-III.NFO,20/05/2025,09:41:57,55720,55720,210,55740,70,0,56525
BANKNIFTY-III.NFO,20/05/2025,09:42:08,55740,55720,210,55740,35,35,56525
BANKNIFTY-III.NFO,20/05/2025,09:42:09,55740,55720,210,55739.8,35,0,56525
BANKNIFTY-III.NFO,20/05/2025,09:42:12,55720,55720,175,55739.8,35,35,56525
BANKNIFTY-III.NFO,20/05/2025,09:42:13,55720,55720,175,55739.8,35,0,56525
BANKNIFTY-III.NFO,20/05/2025,09:42:19,55720,55720,210,55739.8,35,0,56525
BANKNIFTY-III.NFO,20/05/2025,09:42:21,55720,55720,175,55739.8,35,0,56525
BANKNIFTY-III.NFO,20/05/2025,09:42:25,55720,55720,210,55739.8,35,0,56525
BANKNIFTY-III.NFO,20/05/2025,09:42:27,55720,55720,175,55739.8,35,0,56525
BANKNIFTY-III.NFO,20/05/2025,09:42:33,55720,55720,210,55744.8,35,0,56525
BANKNIFTY-III.NFO,20/05/2025,09:42:36,55720,55720.2,70,55744.8,35,0,56525
BANKNIFTY-III.NFO,20/05/2025,09:42:47,55720,55720.2,105,55744.8,35,0,56525
BANKNIFTY-III.NFO,20/05/2025,09:42:49,55717.2,55710.4,70,55744.8,105,210,56420
BANKNIFTY-III.NFO,20/05/2025,09:42:49,55717.2,55710.4,70,55744.8,105,0,56420
BANKNIFTY-III.NFO,20/05/2025,09:42:51,55717.2,55710.4,70,55744.8,35,0,56420
BANKNIFTY-III.NFO,20/05/2025,09:43:01,55717.2,55706.4,70,55743.8,35,0,56420
BANKNIFTY-III.NFO,20/05/2025,09:43:12,55717.2,55717.2,70,55743.8,35,0,56420
BANKNIFTY-III.NFO,20/05/2025,09:43:13,55717.2,55717.2,35,55743.8,35,0,56420
BANKNIFTY-III.NFO,20/05/2025,09:43:23,55717.2,55717.2,70,55743.8,35,0,56420
BANKNIFTY-III.NFO,20/05/2025,09:43:24,55717.2,55717.2,35,55743.8,35,0,56420
BANKNIFTY-III.NFO,20/05/2025,09:43:30,55717.2,55717.2,70,55743.8,35,0,56420
BANKNIFTY-III.NFO,20/05/2025,09:43:32,55717.2,55717.2,35,55743.8,35,0,56420
BANKNIFTY-III.NFO,20/05/2025,09:43:33,55717.2,55717.2,70,55743.8,35,0,56420
BANKNIFTY-III.NFO,20/05/2025,09:43:35,55717.2,55717.2,35,55743.8,35,0,56420
BANKNIFTY-III.NFO,20/05/2025,09:43:36,55717.2,55717.2,70,55743.8,35,0,56420
BANKNIFTY-III.NFO,20/05/2025,09:43:37,55717.2,55717.2,35,55743.8,35,0,56420
BANKNIFTY-III.NFO,20/05/2025,09:43:42,55717.2,55706.4,70,55743.8,35,35,56420
BANKNIFTY-III.NFO,20/05/2025,09:43:43,55717.2,55706.4,70,55743.8,35,0,56420
BANKNIFTY-III.NFO,20/05/2025,09:43:47,55743.8,55709.6,105,55743.4,35,35,56420
BANKNIFTY-III.NFO,20/05/2025,09:43:48,55743.8,55710.8,70,55739.6,35,0,56420
BANKNIFTY-III.NFO,20/05/2025,09:43:49,55743.8,55711.8,70,55739.6,35,0,56420
BANKNIFTY-III.NFO,20/05/2025,09:43:50,55743.8,55711.8,35,55739.6,35,0,56420
BANKNIFTY-III.NFO,20/05/2025,09:43:51,55743.8,55711.8,70,55739.6,35,0,56420
BANKNIFTY-III.NFO,20/05/2025,09:43:53,55743.8,55705.2,70,55735.8,35,0,56420
BANKNIFTY-III.NFO,20/05/2025,09:43:54,55743.8,55705.2,70,55734,35,0,56420
BANKNIFTY-III.NFO,20/05/2025,09:43:55,55743.8,55701.8,70,55734,35,0,56420
BANKNIFTY-III.NFO,20/05/2025,09:43:56,55743.8,55700,770,55732.6,35,0,56420
BANKNIFTY-III.NFO,20/05/2025,09:43:58,55743.8,55700,770,55726.4,140,0,56420
BANKNIFTY-III.NFO,20/05/2025,09:43:59,55743.8,55700.2,35,55725.2,35,0,56420
BANKNIFTY-III.NFO,20/05/2025,09:44:00,55743.8,55700.2,70,55725.4,35,0,56420
BANKNIFTY-III.NFO,20/05/2025,09:44:02,55743.8,55700.2,70,55728.4,35,0,56420
BANKNIFTY-III.NFO,20/05/2025,09:44:04,55743.8,55700.6,70,55728.4,35,0,56420
BANKNIFTY-III.NFO,20/05/2025,09:44:05,55743.8,55701.8,70,55728.4,35,0,56420
BANKNIFTY-III.NFO,20/05/2025,09:44:07,55728.4,55703.8,140,55728,35,35,56420
BANKNIFTY-III.NFO,20/05/2025,09:44:08,55728.4,55704.2,70,55728,35,0,56420
BANKNIFTY-III.NFO,20/05/2025,09:44:09,55728.4,55704.6,70,55728,35,0,56420
BANKNIFTY-III.NFO,20/05/2025,09:44:13,55728.4,55708.2,70,55732.8,35,175,56420
BANKNIFTY-III.NFO,20/05/2025,09:44:14,55728.4,55708.2,70,55732.8,35,0,56420
BANKNIFTY-III.NFO,20/05/2025,09:44:15,55728.4,55713.4,140,55736.8,140,0,56420
BANKNIFTY-III.NFO,20/05/2025,09:44:17,55728.4,55715.4,70,55739,140,0,56420
BANKNIFTY-III.NFO,20/05/2025,09:44:18,55728.4,55715.8,70,55739,35,0,56420
BANKNIFTY-III.NFO,20/05/2025,09:44:19,55728.4,55717.8,70,55740.4,35,0,56420
BANKNIFTY-III.NFO,20/05/2025,09:44:20,55728.4,55718.6,140,55740.8,35,0,56420
BANKNIFTY-III.NFO,20/05/2025,09:44:21,55728.4,55718.8,70,55740.8,140,0,56420
BANKNIFTY-III.NFO,20/05/2025,09:44:23,55728.4,55719.2,70,55740.8,140,0,56420
BANKNIFTY-III.NFO,20/05/2025,09:44:24,55728.4,55722,70,55742.4,35,0,56420
BANKNIFTY-III.NFO,20/05/2025,09:44:27,55728.4,55722.4,70,55743.2,35,0,56420
BANKNIFTY-III.NFO,20/05/2025,09:44:30,55728.4,55727.2,70,55749.2,35,0,56420
BANKNIFTY-III.NFO,20/05/2025,09:44:31,55721.4,55721.4,35,55749,35,35,56420
BANKNIFTY-III.NFO,20/05/2025,09:44:32,55721.4,55719.2,70,55747.2,140,0,56420
BANKNIFTY-III.NFO,20/05/2025,09:44:34,55721.4,55719.2,70,55746.8,35,0,56420
BANKNIFTY-III.NFO,20/05/2025,09:44:35,55721.4,55722.8,70,55746.8,35,0,56420
BANKNIFTY-III.NFO,20/05/2025,09:44:36,55721.4,55724,70,55747.2,35,0,56420
BANKNIFTY-III.NFO,20/05/2025,09:44:40,55721.4,55724.4,70,55747.2,35,0,56420
BANKNIFTY-III.NFO,20/05/2025,09:44:41,55721.4,55728.6,70,55752.2,35,0,56420
BANKNIFTY-III.NFO,20/05/2025,09:44:43,55721.4,55723.8,35,55750.4,35,0,56420
BANKNIFTY-III.NFO,20/05/2025,09:44:45,55721.4,55721.8,35,55747.4,35,0,56420
BANKNIFTY-III.NFO,20/05/2025,09:44:47,55721.4,55721.8,35,55745.2,35,0,56420
BANKNIFTY-III.NFO,20/05/2025,09:44:48,55721.4,55721.8,35,55745.2,245,0,56420
BANKNIFTY-III.NFO,20/05/2025,09:44:50,55721.4,55710.4,35,55738.4,35,35,56420
BANKNIFTY-III.NFO,20/05/2025,09:44:51,55721.4,55711.2,70,55738,35,0,56420
BANKNIFTY-III.NFO,20/05/2025,09:44:53,55721.4,55711.2,70,55735.2,35,0,56420
BANKNIFTY-III.NFO,20/05/2025,09:44:54,55721.4,55713.2,70,55735.2,35,0,56420
BANKNIFTY-III.NFO,20/05/2025,09:44:56,55721.4,55713.2,140,55735.4,35,0,56420
BANKNIFTY-III.NFO,20/05/2025,09:44:57,55721.4,55713.6,70,55738,35,0,56420
BANKNIFTY-III.NFO,20/05/2025,09:44:58,55721.4,55713.6,70,55738,245,0,56420
BANKNIFTY-III.NFO,20/05/2025,09:45:00,55721.4,55714,70,55738,35,0,56420
BANKNIFTY-III.NFO,20/05/2025,09:45:02,55721.4,55707.6,140,55735.6,35,0,56420
BANKNIFTY-III.NFO,20/05/2025,09:45:03,55721.4,55704,35,55733.6,35,105,56420
BANKNIFTY-III.NFO,20/05/2025,09:45:04,55721.4,55700.2,35,55722.4,35,0,56420
BANKNIFTY-III.NFO,20/05/2025,09:45:06,55721.4,55700,665,55717.6,35,0,56420
BANKNIFTY-III.NFO,20/05/2025,09:45:07,55713.2,55683.2,70,55713.4,315,910,56420
BANKNIFTY-III.NFO,20/05/2025,09:45:07,55699,55683.2,70,55713.4,315,0,56420
BANKNIFTY-III.NFO,20/05/2025,09:45:09,55708.8,55683.2,70,55708.8,35,35,56420
BANKNIFTY-III.NFO,20/05/2025,09:45:11,55708.8,55683.2,70,55707.8,105,0,56420
BANKNIFTY-III.NFO,20/05/2025,09:45:12,55708.8,55683.2,35,55706.8,105,0,56420
BANKNIFTY-III.NFO,20/05/2025,09:45:14,55708.8,55683.2,70,55706.4,105,0,56420
BANKNIFTY-III.NFO,20/05/2025,09:45:28,55708.8,55683.2,70,55706.4,35,0,56420
BANKNIFTY-III.NFO,20/05/2025,09:45:30,55708.8,55683.2,70,55713.4,35,0,56420
BANKNIFTY-III.NFO,20/05/2025,09:45:41,55708.8,55685.2,35,55713.4,35,0,56420
BANKNIFTY-III.NFO,20/05/2025,09:45:42,55708.8,55686,35,55717.8,35,0,56420
BANKNIFTY-III.NFO,20/05/2025,09:45:45,55708.8,55687.2,35,55720.6,35,0,56420
BANKNIFTY-III.NFO,20/05/2025,09:45:47,55708.8,55688,35,55720.6,35,0,56420
BANKNIFTY-III.NFO,20/05/2025,09:45:48,55708.8,55695.6,70,55730,70,0,56420
BANKNIFTY-III.NFO,20/05/2025,09:45:51,55708.8,55705,35,55730,70,0,56420
BANKNIFTY-III.NFO,20/05/2025,09:45:59,55708.8,55700.6,35,55730,70,0,56420
BANKNIFTY-III.NFO,20/05/2025,09:46:03,55708.8,55700,70,55730,140,0,56420
BANKNIFTY-III.NFO,20/05/2025,09:46:05,55730,55700,35,55722,245,35,55895
BANKNIFTY-III.NFO,20/05/2025,09:46:06,55700,55690,70,55717.6,245,35,55895
BANKNIFTY-III.NFO,20/05/2025,09:46:07,55700,55690.2,35,55717.6,35,0,55895
BANKNIFTY-III.NFO,20/05/2025,09:46:09,55700,55690,70,55717.6,35,0,55895
BANKNIFTY-III.NFO,20/05/2025,09:46:10,55700,55690.2,35,55717.6,35,0,55895
BANKNIFTY-III.NFO,20/05/2025,09:46:13,55700,55700,35,55717.6,35,0,55895
BANKNIFTY-III.NFO,20/05/2025,09:46:14,55700,55700,70,55717.6,35,0,55895
BANKNIFTY-III.NFO,20/05/2025,09:46:18,55700,55700.2,70,55724.2,35,0,55895
BANKNIFTY-III.NFO,20/05/2025,09:46:32,55700,55705.2,70,55730,35,0,55895
BANKNIFTY-III.NFO,20/05/2025,09:46:33,55710,55705.4,35,55730,35,70,55895
BANKNIFTY-III.NFO,20/05/2025,09:46:34,55710,55705.4,35,55730,35,0,55895
BANKNIFTY-III.NFO,20/05/2025,09:46:37,55710,55706.6,140,55732.8,35,0,55895
BANKNIFTY-III.NFO,20/05/2025,09:46:39,55710,55708.6,70,55736.4,35,0,55895
BANKNIFTY-III.NFO,20/05/2025,09:46:42,55710,55710.2,70,55735.6,35,0,55895
BANKNIFTY-III.NFO,20/05/2025,09:46:43,55710.2,55710.2,35,55735.4,35,70,55895
BANKNIFTY-III.NFO,20/05/2025,09:46:44,55710.2,55710.2,35,55735.4,35,0,55895
BANKNIFTY-III.NFO,20/05/2025,09:46:50,55710.2,55710.6,35,55735.4,35,70,55895
BANKNIFTY-III.NFO,20/05/2025,09:46:52,55710.2,55710.6,35,55735.4,35,0,55895
BANKNIFTY-III.NFO,20/05/2025,09:46:59,55710.2,55718.2,70,55744.6,35,0,55895
BANKNIFTY-III.NFO,20/05/2025,09:47:09,55710.2,55714.4,35,55744.6,35,0,55895
BANKNIFTY-III.NFO,20/05/2025,09:47:20,55710.2,55710.4,70,55738.6,35,0,55895
BANKNIFTY-III.NFO,20/05/2025,09:47:27,55710.2,55712,70,55738.6,35,0,55895
BANKNIFTY-III.NFO,20/05/2025,09:47:32,55710.2,55712,140,55738.6,35,0,55895
BANKNIFTY-III.NFO,20/05/2025,09:47:34,55710.2,55712,70,55738.6,35,0,55895
BANKNIFTY-III.NFO,20/05/2025,09:47:40,55710.2,55710.4,35,55738.6,35,0,55895
BANKNIFTY-III.NFO,20/05/2025,09:47:41,55710.2,55710.4,70,55738.6,35,0,55895
BANKNIFTY-III.NFO,20/05/2025,09:47:46,55710.2,55710.4,35,55738.6,35,0,55895
BANKNIFTY-III.NFO,20/05/2025,09:47:49,55710.2,55710.2,35,55733.4,35,0,55895
BANKNIFTY-III.NFO,20/05/2025,09:47:50,55710.2,55710.4,35,55733.4,35,0,55895
BANKNIFTY-III.NFO,20/05/2025,09:48:01,55710.2,55710.2,35,55732.6,35,0,55895
BANKNIFTY-III.NFO,20/05/2025,09:48:02,55710.2,55710.2,35,55732,35,0,55895
BANKNIFTY-III.NFO,20/05/2025,09:48:04,55710.2,55710.2,35,55731.6,35,0,55895
BANKNIFTY-III.NFO,20/05/2025,09:48:05,55710.2,55710.2,35,55729.6,35,0,55895
BANKNIFTY-III.NFO,20/05/2025,09:48:06,55710.2,55710.2,35,55728.2,35,0,55895
BANKNIFTY-III.NFO,20/05/2025,09:48:10,55710.2,55710.2,35,55726.6,35,0,55895
BANKNIFTY-III.NFO,20/05/2025,09:48:20,55710.2,55710,35,55726.6,35,0,55895
BANKNIFTY-III.NFO,20/05/2025,09:48:24,55710,55707.2,35,55726.6,35,35,55895
BANKNIFTY-III.NFO,20/05/2025,09:48:26,55710,55707.2,35,55726.6,35,0,55895
BANKNIFTY-III.NFO,20/05/2025,09:48:31,55710,55707.2,35,55726.8,35,0,55895
BANKNIFTY-III.NFO,20/05/2025,09:48:32,55710,55707.2,35,55726.6,35,0,55895
BANKNIFTY-III.NFO,20/05/2025,09:48:36,55710,55707.2,35,55726.8,35,0,55895
BANKNIFTY-III.NFO,20/05/2025,09:48:37,55710,55707.2,35,55726.6,35,0,55895
BANKNIFTY-III.NFO,20/05/2025,09:48:38,55710,55707.2,70,55726.8,35,0,55895
BANKNIFTY-III.NFO,20/05/2025,09:48:39,55710,55707.2,70,55730.2,35,0,55895
BANKNIFTY-III.NFO,20/05/2025,09:48:43,55710,55707.2,35,55730,35,0,55895
BANKNIFTY-III.NFO,20/05/2025,09:48:44,55710,55707.2,70,55730,35,0,55895
BANKNIFTY-III.NFO,20/05/2025,09:48:45,55710,55710.2,70,55730,35,0,55895
BANKNIFTY-III.NFO,20/05/2025,09:48:46,55710,55710.2,35,55730,35,0,55895
BANKNIFTY-III.NFO,20/05/2025,09:48:48,55710,55710.2,70,55730.2,35,0,55895
BANKNIFTY-III.NFO,20/05/2025,09:48:51,55710,55710.2,140,55735.6,35,0,55895
BANKNIFTY-III.NFO,20/05/2025,09:48:54,55710,55710.2,70,55735.6,35,0,55895
BANKNIFTY-III.NFO,20/05/2025,09:48:57,55710,55710.2,70,55735.2,35,0,55895
BANKNIFTY-III.NFO,20/05/2025,09:49:01,55710,55710,70,55734,140,0,55895
BANKNIFTY-III.NFO,20/05/2025,09:49:02,55710,55710.2,35,55731.8,35,0,55895
BANKNIFTY-III.NFO,20/05/2025,09:49:06,55710,55711.2,70,55731.8,35,0,55895
BANKNIFTY-III.NFO,20/05/2025,09:49:07,55710,55711.2,35,55731.8,35,0,55895
BANKNIFTY-III.NFO,20/05/2025,09:49:09,55710,55711,35,55731.8,35,0,55895
BANKNIFTY-III.NFO,20/05/2025,09:49:12,55710,55711.2,35,55731.8,35,0,55895
BANKNIFTY-III.NFO,20/05/2025,09:49:13,55710,55711,35,55731.8,35,0,55895
BANKNIFTY-III.NFO,20/05/2025,09:49:16,55711,55710,70,55727.8,35,35,55860
BANKNIFTY-III.NFO,20/05/2025,09:49:18,55710,55700.2,35,55727.8,35,70,55860
BANKNIFTY-III.NFO,20/05/2025,09:49:19,55710,55700.2,35,55725.4,35,0,55860
BANKNIFTY-III.NFO,20/05/2025,09:49:23,55710,55700.2,35,55725.4,140,0,55860
BANKNIFTY-III.NFO,20/05/2025,09:49:26,55710,55700.2,35,55725.4,35,0,55860
BANKNIFTY-III.NFO,20/05/2025,09:49:30,55710,55700.2,70,55725.4,35,0,55860
BANKNIFTY-III.NFO,20/05/2025,09:49:31,55710,55700.6,70,55725.6,35,0,55860
BANKNIFTY-III.NFO,20/05/2025,09:49:32,55710,55703.8,140,55726.6,35,0,55860
BANKNIFTY-III.NFO,20/05/2025,09:49:35,55710,55704.6,70,55728,35,0,55860
BANKNIFTY-III.NFO,20/05/2025,09:49:36,55710,55703,70,55728,35,0,55860
BANKNIFTY-III.NFO,20/05/2025,09:49:40,55710,55703,70,55727.8,35,0,55860
BANKNIFTY-III.NFO,20/05/2025,09:49:44,55710,55703.8,70,55728,35,0,55860
BANKNIFTY-III.NFO,20/05/2025,09:49:45,55710,55705.4,70,55728,35,0,55860
BANKNIFTY-III.NFO,20/05/2025,09:49:46,55710,55707,70,55731.2,35,0,55860
BANKNIFTY-III.NFO,20/05/2025,09:49:52,55710,55703,70,55731.2,35,0,55860
BANKNIFTY-III.NFO,20/05/2025,09:49:54,55710,55703,70,55730.6,35,0,55860
BANKNIFTY-III.NFO,20/05/2025,09:49:55,55710,55703.4,70,55730.6,35,0,55860
BANKNIFTY-III.NFO,20/05/2025,09:49:56,55710,55705.8,70,55730.8,35,0,55860
BANKNIFTY-III.NFO,20/05/2025,09:49:57,55710,55707,70,55730.8,35,0,55860
BANKNIFTY-III.NFO,20/05/2025,09:50:00,55710,55707,70,55730.6,35,0,55860
BANKNIFTY-III.NFO,20/05/2025,09:50:01,55730.6,55703.6,35,55730.2,35,35,55860
BANKNIFTY-III.NFO,20/05/2025,09:50:02,55730.6,55710.2,35,55725,105,0,55860
BANKNIFTY-III.NFO,20/05/2025,09:50:08,55730.6,55710.2,35,55725,140,0,55860
BANKNIFTY-III.NFO,20/05/2025,09:50:09,55730.6,55710,70,55725,140,0,55860
BANKNIFTY-III.NFO,20/05/2025,09:50:10,55730.6,55710,70,55724.8,70,0,55860
BANKNIFTY-III.NFO,20/05/2025,09:50:17,55710,55700,35,55724.8,70,70,55860
BANKNIFTY-III.NFO,20/05/2025,09:50:19,55710,55700,35,55721.6,35,0,55860
BANKNIFTY-III.NFO,20/05/2025,09:50:20,55710,55700,35,55720.8,35,0,55860
BANKNIFTY-III.NFO,20/05/2025,09:50:29,55710,55700.2,35,55720.8,35,0,55860
BANKNIFTY-III.NFO,20/05/2025,09:50:31,55710,55700,35,55720.8,35,0,55860
BANKNIFTY-III.NFO,20/05/2025,09:50:33,55710,55700.2,35,55720.8,35,0,55860
BANKNIFTY-III.NFO,20/05/2025,09:50:34,55700.2,55700.2,35,55720.8,35,35,55860
BANKNIFTY-III.NFO,20/05/2025,09:50:35,55700.2,55700.2,35,55720.8,35,0,55860
BANKNIFTY-III.NFO,20/05/2025,09:50:37,55700.2,55700,70,55720.8,35,0,55860
BANKNIFTY-III.NFO,20/05/2025,09:50:38,55700.2,55700.2,35,55720.8,35,0,55860
BANKNIFTY-III.NFO,20/05/2025,09:50:39,55700.2,55700,70,55720.8,35,0,55860
BANKNIFTY-III.NFO,20/05/2025,09:50:40,55700.2,55700,70,55720.2,35,0,55860
BANKNIFTY-III.NFO,20/05/2025,09:50:41,55700.2,55700,70,55719.8,35,0,55860
BANKNIFTY-III.NFO,20/05/2025,09:50:42,55700.2,55700,70,55718.8,35,0,55860
BANKNIFTY-III.NFO,20/05/2025,09:50:47,55700.2,55700,70,55718.4,35,0,55860
BANKNIFTY-III.NFO,20/05/2025,09:50:50,55700.2,55700.2,35,55718.6,35,0,55860
BANKNIFTY-III.NFO,20/05/2025,09:50:51,55700.2,55700.2,70,55721,35,0,55860
BANKNIFTY-III.NFO,20/05/2025,09:50:52,55700.2,55701,70,55724.6,35,0,55860
BANKNIFTY-III.NFO,20/05/2025,09:50:59,55700.2,55703.8,70,55725,140,0,55860
BANKNIFTY-III.NFO,20/05/2025,09:51:02,55700.2,55700.2,70,55710,105,0,55860
BANKNIFTY-III.NFO,20/05/2025,09:51:03,55700.2,55700.6,70,55710,105,0,55860
BANKNIFTY-III.NFO,20/05/2025,09:51:04,55700.2,55701,70,55710,105,0,55860
BANKNIFTY-III.NFO,20/05/2025,09:51:05,55710,55707.6,70,55730.4,35,105,55860
BANKNIFTY-III.NFO,20/05/2025,09:51:06,55710,55708,70,55730.2,35,0,55860
BANKNIFTY-III.NFO,20/05/2025,09:51:08,55710,55711.6,140,55732.6,35,0,55860
BANKNIFTY-III.NFO,20/05/2025,09:51:09,55710,55713,70,55732.6,35,0,55860
BANKNIFTY-III.NFO,20/05/2025,09:51:13,55710,55710.2,70,55732.6,35,0,55860
BANKNIFTY-III.NFO,20/05/2025,09:51:14,55710,55713,70,55732.6,35,0,55860
BANKNIFTY-III.NFO,20/05/2025,09:51:15,55710,55713.4,70,55733.4,35,0,55860
BANKNIFTY-III.NFO,20/05/2025,09:51:18,55710,55717.4,35,55736.6,70,0,55860
BANKNIFTY-III.NFO,20/05/2025,09:51:19,55710,55717.4,70,55736.6,70,0,55860
BANKNIFTY-III.NFO,20/05/2025,09:51:20,55710,55719.4,70,55740.4,35,0,55860
BANKNIFTY-III.NFO,20/05/2025,09:51:23,55710,55719.8,70,55741.2,35,0,55860
BANKNIFTY-III.NFO,20/05/2025,09:51:24,55710,55719.8,35,55741,35,0,55860
BANKNIFTY-III.NFO,20/05/2025,09:51:25,55710,55713.6,35,55739,35,0,55860
BANKNIFTY-III.NFO,20/05/2025,09:51:26,55710,55716.4,35,55739,35,0,55860
BANKNIFTY-III.NFO,20/05/2025,09:51:30,55710,55720,70,55739,35,0,55860
BANKNIFTY-III.NFO,20/05/2025,09:51:34,55710,55720,70,55737.6,35,0,55860
BANKNIFTY-III.NFO,20/05/2025,09:51:35,55710,55720,70,55736.8,35,0,55860
BANKNIFTY-III.NFO,20/05/2025,09:51:49,55710,55720.2,70,55740.4,35,0,55860
BANKNIFTY-III.NFO,20/05/2025,09:51:51,55710,55720.2,140,55740.4,35,0,55860
BANKNIFTY-III.NFO,20/05/2025,09:51:53,55710,55720,70,55740.4,35,0,55860
BANKNIFTY-III.NFO,20/05/2025,09:51:55,55720,55710.2,70,55735.2,35,70,55790
BANKNIFTY-III.NFO,20/05/2025,09:51:56,55720,55710.2,70,55735.2,35,0,55790
BANKNIFTY-III.NFO,20/05/2025,09:51:59,55720,55710.2,35,55735.2,35,0,55790
BANKNIFTY-III.NFO,20/05/2025,09:52:01,55720,55710,35,55732.4,35,0,55790
BANKNIFTY-III.NFO,20/05/2025,09:52:04,55720,55710.2,70,55732.4,35,0,55790
BANKNIFTY-III.NFO,20/05/2025,09:52:09,55720,55710.2,35,55732.4,35,0,55790
BANKNIFTY-III.NFO,20/05/2025,09:52:10,55720,55710.2,35,55729.8,35,0,55790
BANKNIFTY-III.NFO,20/05/2025,09:52:11,55720,55710,35,55729.2,35,0,55790
BANKNIFTY-III.NFO,20/05/2025,09:52:12,55720,55710,35,55727.8,140,0,55790
BANKNIFTY-III.NFO,20/05/2025,09:52:14,55720,55710,35,55726.6,35,0,55790
BANKNIFTY-III.NFO,20/05/2025,09:52:15,55720,55710,35,55724.6,35,0,55790
BANKNIFTY-III.NFO,20/05/2025,09:52:16,55710,55701.2,35,55724.6,35,35,55790
BANKNIFTY-III.NFO,20/05/2025,09:52:17,55710,55701.2,35,55723.2,35,0,55790
BANKNIFTY-III.NFO,20/05/2025,09:52:19,55710,55701.2,35,55723.4,140,0,55790
BANKNIFTY-III.NFO,20/05/2025,09:52:20,55710,55701.2,35,55723.2,35,0,55790
BANKNIFTY-III.NFO,20/05/2025,09:52:21,55710,55701.2,35,55719.6,35,0,55790
BANKNIFTY-III.NFO,20/05/2025,09:52:22,55710,55701.2,35,55719.8,35,0,55790
BANKNIFTY-III.NFO,20/05/2025,09:52:27,55710,55701.2,35,55719.6,35,0,55790
BANKNIFTY-III.NFO,20/05/2025,09:52:29,55710,55701.2,35,55718.8,140,0,55790
BANKNIFTY-III.NFO,20/05/2025,09:52:30,55710,55701.2,35,55718.8,35,0,55790
BANKNIFTY-III.NFO,20/05/2025,09:52:31,55710,55701.2,35,55718.8,140,0,55790
BANKNIFTY-III.NFO,20/05/2025,09:52:32,55710,55701,35,55717.2,35,0,55790
BANKNIFTY-III.NFO,20/05/2025,09:52:34,55710,55701,35,55716.6,140,0,55790
BANKNIFTY-III.NFO,20/05/2025,09:52:35,55710,55701.2,35,55716.8,35,0,55790
BANKNIFTY-III.NFO,20/05/2025,09:52:37,55710,55700.2,35,55716.8,35,0,55790
BANKNIFTY-III.NFO,20/05/2025,09:52:39,55710,55700.2,35,55716.6,35,0,55790
BANKNIFTY-III.NFO,20/05/2025,09:52:40,55710,55700.2,35,55716.8,35,0,55790
BANKNIFTY-III.NFO,20/05/2025,09:52:41,55710,55700.2,70,55722.4,35,0,55790
BANKNIFTY-III.NFO,20/05/2025,09:52:42,55710,55700.2,35,55722.2,35,0,55790
BANKNIFTY-III.NFO,20/05/2025,09:52:44,55710,55700.2,70,55722.4,35,0,55790
BANKNIFTY-III.NFO,20/05/2025,09:52:46,55710,55700.2,70,55722.2,35,0,55790
BANKNIFTY-III.NFO,20/05/2025,09:52:51,55710,55700.2,35,55722.2,35,0,55790
BANKNIFTY-III.NFO,20/05/2025,09:52:52,55710,55700.2,70,55722.2,35,0,55790
BANKNIFTY-III.NFO,20/05/2025,09:52:54,55710,55700.2,35,55722.2,35,0,55790
BANKNIFTY-III.NFO,20/05/2025,09:52:56,55710,55700,35,55722.2,35,0,55790
BANKNIFTY-III.NFO,20/05/2025,09:52:59,55710,55700,35,55720,35,0,55790
BANKNIFTY-III.NFO,20/05/2025,09:53:01,55710,55700,35,55718,35,0,55790
BANKNIFTY-III.NFO,20/05/2025,09:53:03,55710,55700,35,55717.2,35,0,55790
BANKNIFTY-III.NFO,20/05/2025,09:53:08,55693.2,55690,35,55717.2,35,105,55790
BANKNIFTY-III.NFO,20/05/2025,09:53:08,55693.2,55690,35,55717.2,35,0,55790
BANKNIFTY-III.NFO,20/05/2025,09:53:09,55693.2,55690,35,55716.4,35,0,55790
BANKNIFTY-III.NFO,20/05/2025,09:53:11,55693.2,55690,35,55709.6,35,0,55790
BANKNIFTY-III.NFO,20/05/2025,09:53:12,55693.2,55690,35,55708.6,140,0,55790
BANKNIFTY-III.NFO,20/05/2025,09:53:14,55693.2,55690,35,55708.2,140,0,55790
BANKNIFTY-III.NFO,20/05/2025,09:53:15,55693.2,55690,35,55707.8,35,0,55790
BANKNIFTY-III.NFO,20/05/2025,09:53:16,55693.2,55690,35,55706.2,140,0,55790
BANKNIFTY-III.NFO,20/05/2025,09:53:17,55693.2,55690,35,55705,140,0,55790
BANKNIFTY-III.NFO,20/05/2025,09:53:19,55690,55683,35,55702.4,35,35,55790
BANKNIFTY-III.NFO,20/05/2025,09:53:19,55690,55683,35,55702.4,35,0,55790
BANKNIFTY-III.NFO,20/05/2025,09:53:20,55690,55683,35,55702.4,35,0,55790
BANKNIFTY-III.NFO,20/05/2025,09:53:21,55690,55683,35,55701.6,35,0,55790
BANKNIFTY-III.NFO,20/05/2025,09:53:22,55690,55683,35,55701.6,140,0,55790
BANKNIFTY-III.NFO,20/05/2025,09:53:24,55690,55683,35,55701.8,35,0,55790
BANKNIFTY-III.NFO,20/05/2025,09:53:27,55690,55683,35,55701.6,35,0,55790
BANKNIFTY-III.NFO,20/05/2025,09:53:29,55690,55683,35,55701.8,35,0,55790
BANKNIFTY-III.NFO,20/05/2025,09:53:30,55680,55675,35,55701.6,105,1015,55790
BANKNIFTY-III.NFO,20/05/2025,09:53:30,55680,55675,35,55701.6,105,0,55790
BANKNIFTY-III.NFO,20/05/2025,09:53:31,55680,55675,35,55698.6,35,0,55790
BANKNIFTY-III.NFO,20/05/2025,09:53:32,55680,55675,35,55698.4,35,0,55790
BANKNIFTY-III.NFO,20/05/2025,09:53:33,55680,55675,35,55698.6,35,0,55790
BANKNIFTY-III.NFO,20/05/2025,09:53:42,55680,55675,105,55698.6,35,0,55790
BANKNIFTY-III.NFO,20/05/2025,09:53:45,55680,55675,35,55698.4,35,0,55790
BANKNIFTY-III.NFO,20/05/2025,09:53:49,55680,55675,35,55698.6,35,0,55790
BANKNIFTY-III.NFO,20/05/2025,09:53:51,55680,55675,35,55698.4,35,0,55790
BANKNIFTY-III.NFO,20/05/2025,09:53:57,55680,55675,35,55696.4,35,0,55790
BANKNIFTY-III.NFO,20/05/2025,09:53:58,55680,55675,35,55696.6,35,0,55790
BANKNIFTY-III.NFO,20/05/2025,09:53:59,55680,55675,35,55696.4,35,0,55790
BANKNIFTY-III.NFO,20/05/2025,09:54:00,55680,55675,35,55680,70,0,55790
BANKNIFTY-III.NFO,20/05/2025,09:54:14,55680,55675,35,55680,35,0,55790
BANKNIFTY-III.NFO,20/05/2025,09:54:15,55680,55675,35,55680,70,0,55790
BANKNIFTY-III.NFO,20/05/2025,09:54:16,55675,55666.8,35,55680.4,35,35,55790
BANKNIFTY-III.NFO,20/05/2025,09:54:16,55675,55666.8,35,55680.4,35,0,55790
BANKNIFTY-III.NFO,20/05/2025,09:54:18,55675,55666.8,35,55680.4,35,0,55790
BANKNIFTY-III.NFO,20/05/2025,09:54:27,55675,55667,105,55696.4,35,0,55790
BANKNIFTY-III.NFO,20/05/2025,09:54:29,55675,55667,70,55696.4,35,0,55790
BANKNIFTY-III.NFO,20/05/2025,09:54:30,55675,55667,105,55696.4,35,0,55790
BANKNIFTY-III.NFO,20/05/2025,09:54:31,55675,55667,70,55696.4,35,0,55790
BANKNIFTY-III.NFO,20/05/2025,09:54:32,55675,55667,105,55696.4,35,0,55790
BANKNIFTY-III.NFO,20/05/2025,09:54:36,55675,55667,105,55696.6,35,0,55790
BANKNIFTY-III.NFO,20/05/2025,09:54:39,55675,55667,105,55696.6,35,35,55790
BANKNIFTY-III.NFO,20/05/2025,09:54:40,55675,55667,105,55696.6,35,0,55790
BANKNIFTY-III.NFO,20/05/2025,09:54:41,55675,55667,105,55696.4,35,0,55790
BANKNIFTY-III.NFO,20/05/2025,09:54:53,55667,55667,70,55693.2,35,350,54880
BANKNIFTY-III.NFO,20/05/2025,09:54:53,55667,55667,70,55693.2,35,0,54880
BANKNIFTY-III.NFO,20/05/2025,09:54:55,55667,55667,70,55693.2,35,0,54880
BANKNIFTY-III.NFO,20/05/2025,09:54:56,55667,55667,105,55693.2,35,0,54880
BANKNIFTY-III.NFO,20/05/2025,09:54:58,55667,55675,35,55693.2,35,0,54880
BANKNIFTY-III.NFO,20/05/2025,09:55:10,55667,55667,140,55693.2,35,0,54880
BANKNIFTY-III.NFO,20/05/2025,09:55:11,55667,55667,105,55693.2,35,0,54880
BANKNIFTY-III.NFO,20/05/2025,09:55:14,55667,55667,140,55693.2,35,0,54880
BANKNIFTY-III.NFO,20/05/2025,09:55:19,55667,55666.8,105,55693.2,35,105,54880
BANKNIFTY-III.NFO,20/05/2025,09:55:20,55667,55666.8,140,55693.2,35,0,54880
BANKNIFTY-III.NFO,20/05/2025,09:55:26,55667,55666.8,105,55693.2,35,0,54880
BANKNIFTY-III.NFO,20/05/2025,09:55:27,55667,55666.8,140,55693.2,35,0,54880
BANKNIFTY-III.NFO,20/05/2025,09:55:29,55667,55667,105,55693.2,35,0,54880
BANKNIFTY-III.NFO,20/05/2025,09:55:30,55667,55666.8,35,55689.8,35,0,54880
BANKNIFTY-III.NFO,20/05/2025,09:55:40,55667,55666.8,70,55690,70,0,54880
BANKNIFTY-III.NFO,20/05/2025,09:55:41,55667,55667,70,55690,70,0,54880
BANKNIFTY-III.NFO,20/05/2025,09:55:44,55667,55667,105,55689,70,0,54880
BANKNIFTY-III.NFO,20/05/2025,09:56:04,55667,55667,105,55689,35,0,54880
BANKNIFTY-III.NFO,20/05/2025,09:56:05,55667,55667,105,55689,70,0,54880
BANKNIFTY-III.NFO,20/05/2025,09:56:11,55667,55667,105,55689,35,0,54880
BANKNIFTY-III.NFO,20/05/2025,09:56:13,55667,55667,105,55689,70,0,54880
BANKNIFTY-III.NFO,20/05/2025,09:56:25,55667,55667,70,55688.8,35,0,54880
BANKNIFTY-III.NFO,20/05/2025,09:56:26,55667,55667,105,55689,70,0,54880
BANKNIFTY-III.NFO,20/05/2025,09:56:29,55667,55667,70,55688.8,35,0,54880
BANKNIFTY-III.NFO,20/05/2025,09:56:32,55667,55667,105,55688.8,35,0,54880
BANKNIFTY-III.NFO,20/05/2025,09:56:39,55667,55667,105,55689,70,0,54880
BANKNIFTY-III.NFO,20/05/2025,09:56:40,55667,55667,105,55688.8,35,0,54880
BANKNIFTY-III.NFO,20/05/2025,09:56:43,55667,55667,70,55688.8,35,0,54880
BANKNIFTY-III.NFO,20/05/2025,09:56:44,55667,55667,105,55688.8,35,0,54880
BANKNIFTY-III.NFO,20/05/2025,09:56:49,55667,55667,105,55689,70,0,54880
BANKNIFTY-III.NFO,20/05/2025,09:56:54,55667,55667,105,55688.8,35,0,54880
BANKNIFTY-III.NFO,20/05/2025,09:56:55,55667,55667,105,55689,35,0,54880
BANKNIFTY-III.NFO,20/05/2025,09:56:57,55689,55667.8,70,55690,35,35,54880
BANKNIFTY-III.NFO,20/05/2025,09:56:58,55689,55669,70,55690,35,0,54880
BANKNIFTY-III.NFO,20/05/2025,09:56:59,55689,55670.2,70,55690,35,0,54880
BANKNIFTY-III.NFO,20/05/2025,09:57:04,55689,55672.4,70,55690,35,0,54880
BANKNIFTY-III.NFO,20/05/2025,09:57:05,55690,55673.6,70,55698,35,35,54880
BANKNIFTY-III.NFO,20/05/2025,09:57:07,55690,55674.8,70,55698,35,0,54880
BANKNIFTY-III.NFO,20/05/2025,09:57:08,55690,55674.8,70,55698,70,0,54880
BANKNIFTY-III.NFO,20/05/2025,09:57:10,55690,55674.8,70,55698,35,0,54880
BANKNIFTY-III.NFO,20/05/2025,09:57:11,55690,55675.4,70,55698,35,0,54880
BANKNIFTY-III.NFO,20/05/2025,09:57:15,55690,55676.2,70,55698,35,0,54880
BANKNIFTY-III.NFO,20/05/2025,09:57:19,55690,55676.2,70,55697.6,35,0,54880
BANKNIFTY-III.NFO,20/05/2025,09:57:20,55698.8,55676.2,70,55703.4,35,70,54880
BANKNIFTY-III.NFO,20/05/2025,09:57:21,55698.8,55676.2,70,55703.4,35,0,54880
BANKNIFTY-III.NFO,20/05/2025,09:57:29,55698.8,55677.4,70,55706.2,35,0,54880
BANKNIFTY-III.NFO,20/05/2025,09:57:33,55698.8,55677.4,70,55710.8,35,0,54880
BANKNIFTY-III.NFO,20/05/2025,09:57:34,55698.8,55683.8,70,55712.4,35,0,54880
BANKNIFTY-III.NFO,20/05/2025,09:57:35,55698.8,55684.4,70,55713.6,35,0,54880
BANKNIFTY-III.NFO,20/05/2025,09:57:37,55698.8,55684.4,280,55713.6,35,0,54880
BANKNIFTY-III.NFO,20/05/2025,09:57:41,55698.8,55685.2,70,55715.6,35,0,54880
BANKNIFTY-III.NFO,20/05/2025,09:58:01,55698.8,55685,35,55715.6,35,0,54880
BANKNIFTY-III.NFO,20/05/2025,09:58:24,55698.8,55698.8,70,55724,35,0,54880
BANKNIFTY-III.NFO,20/05/2025,09:58:34,55698.8,55698.8,70,55729.8,35,0,54880
BANKNIFTY-III.NFO,20/05/2025,09:58:59,55698.8,55698.8,35,55727,35,0,54880
BANKNIFTY-III.NFO,20/05/2025,09:59:00,55698.8,55698.8,70,55727,35,0,54880
BANKNIFTY-III.NFO,20/05/2025,09:59:02,55698.8,55698.8,35,55727,35,0,54880
BANKNIFTY-III.NFO,20/05/2025,09:59:03,55698.8,55698.8,70,55727,35,0,54880
BANKNIFTY-III.NFO,20/05/2025,09:59:04,55698.8,55698.8,35,55724.2,35,0,54880
BANKNIFTY-III.NFO,20/05/2025,09:59:06,55698.8,55698.8,35,55721.8,35,0,54880
BANKNIFTY-III.NFO,20/05/2025,09:59:07,55698.8,55698.8,35,55716.6,35,0,54880
BANKNIFTY-III.NFO,20/05/2025,09:59:24,55698.8,55700,35,55719.6,35,0,54880
BANKNIFTY-III.NFO,20/05/2025,09:59:25,55698.8,55700,70,55719.6,35,0,54880
BANKNIFTY-III.NFO,20/05/2025,09:59:27,55698.8,55700,35,55719.6,35,0,54880
BANKNIFTY-III.NFO,20/05/2025,09:59:29,55698.8,55700,70,55719.6,35,0,54880
BANKNIFTY-III.NFO,20/05/2025,09:59:35,55698.8,55700,35,55719.6,35,0,54880
BANKNIFTY-III.NFO,20/05/2025,09:59:38,55698.8,55700,70,55723,35,0,54880
BANKNIFTY-III.NFO,20/05/2025,09:59:40,55698.8,55700,70,55726.2,35,0,54880
BANKNIFTY-III.NFO,20/05/2025,09:59:43,55698.8,55700,70,55726.4,35,0,54880
BANKNIFTY-III.NFO,20/05/2025,09:59:54,55698.8,55700.2,70,55730,70,0,54880
BANKNIFTY-III.NFO,20/05/2025,09:59:59,55698.8,55700.2,70,55729.8,35,0,54880
BANKNIFTY-III.NFO,20/05/2025,10:00:00,55698.8,55700,70,55730,70,0,54880
BANKNIFTY-III.NFO,20/05/2025,10:00:01,55698.8,55700,70,55729.8,35,0,54880
BANKNIFTY-III.NFO,20/05/2025,10:00:04,55698.8,55700,70,55729.8,105,0,54880
BANKNIFTY-III.NFO,20/05/2025,10:00:08,55698.8,55700,70,55729.4,35,0,54880
BANKNIFTY-III.NFO,20/05/2025,10:00:09,55698.8,55700,70,55724.6,105,0,54880
BANKNIFTY-III.NFO,20/05/2025,10:00:13,55698.8,55700,35,55724.6,105,0,54880
BANKNIFTY-III.NFO,20/05/2025,10:00:14,55698.8,55700,70,55724.6,105,0,54880
BANKNIFTY-III.NFO,20/05/2025,10:00:20,55698.8,55700,35,55724.6,105,0,54880
BANKNIFTY-III.NFO,20/05/2025,10:00:21,55698.8,55700,35,55722.6,105,0,54880
BANKNIFTY-III.NFO,20/05/2025,10:00:22,55698.8,55700,70,55722.6,105,0,54880
BANKNIFTY-III.NFO,20/05/2025,10:00:24,55698.8,55700,70,55723.8,35,0,54880
BANKNIFTY-III.NFO,20/05/2025,10:00:26,55698.8,55700,70,55725.8,35,0,54880
BANKNIFTY-III.NFO,20/05/2025,10:00:32,55698.8,55700,70,55728.6,35,0,54880
BANKNIFTY-III.NFO,20/05/2025,10:00:45,55698.8,55700,105,55728.6,35,0,54880
BANKNIFTY-III.NFO,20/05/2025,10:01:17,55698.8,55700,70,55728.6,35,0,54880
BANKNIFTY-III.NFO,20/05/2025,10:01:37,55698.8,55700,70,55727,35,0,54880
BANKNIFTY-III.NFO,20/05/2025,10:01:43,55698.8,55700,35,55727,35,0,54880
BANKNIFTY-III.NFO,20/05/2025,10:01:44,55698.8,55700,70,55727,35,0,54880
BANKNIFTY-III.NFO,20/05/2025,10:01:46,55698.8,55700,35,55721,35,0,54880
BANKNIFTY-III.NFO,20/05/2025,10:01:55,55721,55700.2,35,55720.6,35,35,54670
BANKNIFTY-III.NFO,20/05/2025,10:01:58,55721,55700.2,35,55720.6,35,0,54670
BANKNIFTY-III.NFO,20/05/2025,10:02:01,55721,55700,35,55720.6,35,0,54670
BANKNIFTY-III.NFO,20/05/2025,10:02:05,55721,55700.2,70,55720.6,35,0,54670
BANKNIFTY-III.NFO,20/05/2025,10:02:06,55721,55700.2,35,55720.6,35,0,54670
BANKNIFTY-III.NFO,20/05/2025,10:02:09,55721,55700,35,55720.6,35,0,54670
BANKNIFTY-III.NFO,20/05/2025,10:02:10,55721,55700,70,55720.6,35,0,54670
BANKNIFTY-III.NFO,20/05/2025,10:02:13,55720.6,55700,35,55720.2,35,35,54670
BANKNIFTY-III.NFO,20/05/2025,10:02:15,55720.6,55700,35,55720.2,35,0,54670
BANKNIFTY-III.NFO,20/05/2025,10:02:18,55720.6,55700,70,55720.2,35,0,54670
BANKNIFTY-III.NFO,20/05/2025,10:02:24,55720.6,55700,35,55717.8,35,0,54670
BANKNIFTY-III.NFO,20/05/2025,10:02:39,55720.6,55700.2,35,55717.8,70,0,54670
BANKNIFTY-III.NFO,20/05/2025,10:02:41,55720.6,55700.2,70,55719.6,35,0,54670
BANKNIFTY-III.NFO,20/05/2025,10:02:42,55720.6,55700.2,70,55723,35,0,54670
BANKNIFTY-III.NFO,20/05/2025,10:02:43,55720.6,55700.2,70,55725.4,35,0,54670
BANKNIFTY-III.NFO,20/05/2025,10:02:44,55720.6,55700.2,70,55725.6,35,0,54670
BANKNIFTY-III.NFO,20/05/2025,10:02:47,55720.6,55700.2,70,55725.4,35,0,54670
BANKNIFTY-III.NFO,20/05/2025,10:02:48,55720.6,55700.2,70,55725.6,35,0,54670
BANKNIFTY-III.NFO,20/05/2025,10:02:49,55720.6,55700.2,70,55725.4,35,0,54670
BANKNIFTY-III.NFO,20/05/2025,10:02:50,55720.6,55700.2,70,55725.6,35,0,54670
BANKNIFTY-III.NFO,20/05/2025,10:02:59,55720.6,55700.2,70,55725.4,35,0,54670
BANKNIFTY-III.NFO,20/05/2025,10:03:04,55720.6,55700.2,35,55721,105,0,54670
BANKNIFTY-III.NFO,20/05/2025,10:03:07,55720.6,55700,35,55721,105,0,54670
BANKNIFTY-III.NFO,20/05/2025,10:03:08,55720.6,55700,35,55719,35,0,54670
BANKNIFTY-III.NFO,20/05/2025,10:03:11,55720.6,55700,35,55717,35,0,54670
BANKNIFTY-III.NFO,20/05/2025,10:03:12,55720.6,55700,35,55715.8,35,0,54670
BANKNIFTY-III.NFO,20/05/2025,10:03:17,55720.6,55700.2,70,55719.8,35,0,54670
BANKNIFTY-III.NFO,20/05/2025,10:03:18,55720.6,55700.4,35,55720.6,35,0,54670
BANKNIFTY-III.NFO,20/05/2025,10:03:19,55720.6,55700.4,35,55726.2,35,0,54670
BANKNIFTY-III.NFO,20/05/2025,10:03:27,55720.6,55700.2,70,55725.4,35,0,54670
BANKNIFTY-III.NFO,20/05/2025,10:03:44,55720.6,55700.2,70,55725.6,35,0,54670
BANKNIFTY-III.NFO,20/05/2025,10:03:47,55720.6,55700.2,70,55725.4,35,0,54670
BANKNIFTY-III.NFO,20/05/2025,10:03:48,55720.6,55700.2,70,55725.6,35,0,54670
BANKNIFTY-III.NFO,20/05/2025,10:03:49,55720.6,55700.2,70,55725.4,35,0,54670
BANKNIFTY-III.NFO,20/05/2025,10:03:50,55720.6,55700.2,70,55725.6,35,0,54670
BANKNIFTY-III.NFO,20/05/2025,10:03:53,55720.6,55700.2,70,55725.4,35,0,54670
BANKNIFTY-III.NFO,20/05/2025,10:03:54,55720.6,55700.2,70,55725.6,35,0,54670
BANKNIFTY-III.NFO,20/05/2025,10:03:57,55720.6,55700.2,70,55725.4,35,0,54670
BANKNIFTY-III.NFO,20/05/2025,10:04:11,55720.6,55700,35,55721,35,0,54670
BANKNIFTY-III.NFO,20/05/2025,10:04:13,55720.6,55700,35,55720.2,35,0,54670
BANKNIFTY-III.NFO,20/05/2025,10:04:19,55720.6,55700,35,55717.8,105,0,54670
BANKNIFTY-III.NFO,20/05/2025,10:04:22,55717.8,55700,35,55717.6,70,35,54635
BANKNIFTY-III.NFO,20/05/2025,10:04:23,55717.8,55700,35,55717.6,70,0,54635
BANKNIFTY-III.NFO,20/05/2025,10:04:27,55717.6,55700,35,55717.6,35,35,54635
BANKNIFTY-III.NFO,20/05/2025,10:04:28,55717.6,55700,35,55717.6,35,0,54635
BANKNIFTY-III.NFO,20/05/2025,10:04:29,55717.6,55700.2,70,55722,35,0,54635
BANKNIFTY-III.NFO,20/05/2025,10:04:36,55722,55700.2,70,55722.4,35,35,54635
BANKNIFTY-III.NFO,20/05/2025,10:04:37,55722,55700.2,70,55722.4,35,0,54635
BANKNIFTY-III.NFO,20/05/2025,10:04:38,55722,55700.2,70,55726.8,35,0,54635
BANKNIFTY-III.NFO,20/05/2025,10:04:40,55722,55703.4,140,55730,70,0,54635
BANKNIFTY-III.NFO,20/05/2025,10:04:48,55722,55703.4,70,55730,70,0,54635
BANKNIFTY-III.NFO,20/05/2025,10:04:51,55722,55720,35,55730,70,0,54635
BANKNIFTY-III.NFO,20/05/2025,10:05:06,55722,55720,35,55729.8,70,0,54635
BANKNIFTY-III.NFO,20/05/2025,10:05:07,55720,55700.4,35,55729.8,70,35,54635
BANKNIFTY-III.NFO,20/05/2025,10:05:08,55720,55700.4,35,55729.8,70,0,54635
BANKNIFTY-III.NFO,20/05/2025,10:05:19,55720,55702.4,35,55730,70,0,54635
BANKNIFTY-III.NFO,20/05/2025,10:05:31,55730,55702.4,35,55730,35,35,54635
BANKNIFTY-III.NFO,20/05/2025,10:05:32,55730,55702.4,35,55730,35,0,54635
BANKNIFTY-III.NFO,20/05/2025,10:05:35,55702.4,55701.2,35,55729.8,35,35,54635
BANKNIFTY-III.NFO,20/05/2025,10:05:36,55702.4,55701.2,35,55729.8,35,0,54635
BANKNIFTY-III.NFO,20/05/2025,10:05:40,55702.4,55701.6,35,55729.8,35,0,54635
BANKNIFTY-III.NFO,20/05/2025,10:06:11,55702.4,55707.8,35,55738.4,35,0,54635
BANKNIFTY-III.NFO,20/05/2025,10:06:33,55702.4,55708.2,105,55738.4,35,0,54635
BANKNIFTY-III.NFO,20/05/2025,10:06:45,55702.4,55711.8,70,55738.6,35,0,54635
BANKNIFTY-III.NFO,20/05/2025,10:06:51,55702.4,55712.6,70,55738.6,35,0,54635
BANKNIFTY-III.NFO,20/05/2025,10:06:56,55702.4,55716.2,70,55743.2,35,0,54635
BANKNIFTY-III.NFO,20/05/2025,10:06:58,55702.4,55717.4,70,55744.8,35,0,54635
BANKNIFTY-III.NFO,20/05/2025,10:07:00,55702.4,55717.8,70,55744.8,35,0,54635
BANKNIFTY-III.NFO,20/05/2025,10:07:01,55702.4,55719.4,70,55748.4,35,0,54635
BANKNIFTY-III.NFO,20/05/2025,10:07:03,55702.4,55719.4,70,55748.2,35,0,54635
BANKNIFTY-III.NFO,20/05/2025,10:07:07,55702.4,55719.4,140,55748.2,35,0,54635
BANKNIFTY-III.NFO,20/05/2025,10:07:11,55702.4,55722.2,70,55748.8,70,0,54635
BANKNIFTY-III.NFO,20/05/2025,10:07:13,55702.4,55722.6,70,55748.8,70,0,54635
BANKNIFTY-III.NFO,20/05/2025,10:07:24,55702.4,55722.6,70,55748.6,35,0,54635
BANKNIFTY-III.NFO,20/05/2025,10:07:36,55702.4,55722.6,35,55748.6,35,0,54635
BANKNIFTY-III.NFO,20/05/2025,10:07:41,55702.4,55722.8,35,55748.6,35,0,54635
BANKNIFTY-III.NFO,20/05/2025,10:07:42,55702.4,55722.6,35,55748.6,35,0,54635
BANKNIFTY-III.NFO,20/05/2025,10:07:59,55702.4,55722.8,35,55748.6,35,0,54635
BANKNIFTY-III.NFO,20/05/2025,10:08:03,55702.4,55722.6,35,55748.6,35,0,54635
BANKNIFTY-III.NFO,20/05/2025,10:08:06,55702.4,55722.8,35,55748.6,35,0,54635
BANKNIFTY-III.NFO,20/05/2025,10:08:11,55702.4,55722.6,35,55748.6,35,0,54635
BANKNIFTY-III.NFO,20/05/2025,10:08:18,55702.4,55716.2,35,55747.4,35,0,54635
BANKNIFTY-III.NFO,20/05/2025,10:08:19,55702.4,55716.4,35,55747.4,35,0,54635
BANKNIFTY-III.NFO,20/05/2025,10:08:22,55702.4,55715.6,35,55747,35,0,54635
BANKNIFTY-III.NFO,20/05/2025,10:08:26,55702.4,55713.2,35,55745.4,35,0,54635
BANKNIFTY-III.NFO,20/05/2025,10:08:28,55702.4,55712,35,55743.4,35,0,54635
BANKNIFTY-III.NFO,20/05/2025,10:08:45,55702.4,55711.4,35,55743,35,0,54635
BANKNIFTY-III.NFO,20/05/2025,10:08:47,55702.4,55709,35,55741.8,35,0,54635
BANKNIFTY-III.NFO,20/05/2025,10:08:59,55702.4,55705,35,55737.8,35,0,54635
BANKNIFTY-III.NFO,20/05/2025,10:09:00,55702.4,55705,35,55737.4,35,0,54635
BANKNIFTY-III.NFO,20/05/2025,10:09:03,55702.4,55703.8,35,55736.6,105,0,54635
BANKNIFTY-III.NFO,20/05/2025,10:09:04,55702.4,55703.8,35,55736.2,35,0,54635
BANKNIFTY-III.NFO,20/05/2025,10:09:07,55702.4,55702.6,70,55735.4,105,0,54635
BANKNIFTY-III.NFO,20/05/2025,10:09:19,55702.4,55702.6,70,55732.6,70,0,54635
BANKNIFTY-III.NFO,20/05/2025,10:09:26,55702.4,55702.6,70,55732.2,70,0,54635
BANKNIFTY-III.NFO,20/05/2025,10:09:27,55702.4,55702.4,35,55729,70,0,54635
BANKNIFTY-III.NFO,20/05/2025,10:09:28,55702.4,55702.6,35,55729,70,0,54635
BANKNIFTY-III.NFO,20/05/2025,10:09:29,55702.4,55702.4,35,55728.6,140,0,54635
BANKNIFTY-III.NFO,20/05/2025,10:09:31,55702.4,55702.6,70,55728.6,140,0,54635
BANKNIFTY-III.NFO,20/05/2025,10:09:32,55702.4,55702.6,35,55728.6,140,0,54635
BANKNIFTY-III.NFO,20/05/2025,10:09:33,55702.4,55702.6,70,55728.6,140,0,54635
BANKNIFTY-III.NFO,20/05/2025,10:09:38,55702.4,55702.6,70,55728.6,70,0,54635
BANKNIFTY-III.NFO,20/05/2025,10:09:44,55702.4,55702.6,70,55728.6,35,0,54635
BANKNIFTY-III.NFO,20/05/2025,10:09:45,55702.4,55702.6,70,55728.4,35,0,54635
BANKNIFTY-III.NFO,20/05/2025,10:09:46,55702.4,55702.6,70,55728.6,35,0,54635
BANKNIFTY-III.NFO,20/05/2025,10:09:52,55702.4,55702.6,70,55728.4,35,0,54635
BANKNIFTY-III.NFO,20/05/2025,10:09:56,55702.4,55702.6,70,55728.6,35,0,54635
BANKNIFTY-III.NFO,20/05/2025,10:09:57,55702.4,55702.6,70,55728.4,35,0,54635
BANKNIFTY-III.NFO,20/05/2025,10:10:01,55702.4,55702.6,70,55728.6,35,0,54635
BANKNIFTY-III.NFO,20/05/2025,10:10:04,55702.4,55702.6,70,55728.4,35,0,54635
BANKNIFTY-III.NFO,20/05/2025,10:11:10,55702.4,55709.4,140,55737,35,0,54635
BANKNIFTY-III.NFO,20/05/2025,10:11:32,55702.4,55710.8,70,55738.2,35,0,54635
BANKNIFTY-III.NFO,20/05/2025,10:11:52,55702.4,55708.8,35,55738.2,35,0,54635
BANKNIFTY-III.NFO,20/05/2025,10:11:53,55702.4,55706.8,35,55738.2,35,0,54635
BANKNIFTY-III.NFO,20/05/2025,10:11:54,55702.4,55706,35,55738.2,35,0,54635
BANKNIFTY-III.NFO,20/05/2025,10:11:55,55702.4,55706.2,35,55738.2,35,0,54635
BANKNIFTY-III.NFO,20/05/2025,10:12:39,55702.4,55707,35,55738.4,35,0,54635
BANKNIFTY-III.NFO,20/05/2025,10:12:42,55702.4,55707,35,55738.2,35,0,54635
BANKNIFTY-III.NFO,20/05/2025,10:13:28,55702.4,55706.2,35,55736.6,105,0,54635
BANKNIFTY-III.NFO,20/05/2025,10:13:29,55702.4,55706.4,35,55736.6,105,0,54635
BANKNIFTY-III.NFO,20/05/2025,10:13:41,55702.4,55706,70,55736.6,105,0,54635
BANKNIFTY-III.NFO,20/05/2025,10:13:42,55702.4,55706.2,35,55736.6,105,0,54635
BANKNIFTY-III.NFO,20/05/2025,10:13:44,55702.4,55706.2,70,55736.6,105,0,54635
BANKNIFTY-III.NFO,20/05/2025,10:14:01,55702.4,55706.2,70,55736.6,35,0,54635
BANKNIFTY-III.NFO,20/05/2025,10:14:06,55702.4,55706.2,70,55736.8,35,0,54635
BANKNIFTY-III.NFO,20/05/2025,10:14:10,55702.4,55706.2,70,55736.6,35,0,54635
BANKNIFTY-III.NFO,20/05/2025,10:14:21,55702.4,55706.2,70,55736.8,35,0,54635
BANKNIFTY-III.NFO,20/05/2025,10:14:23,55702.4,55706.2,70,55736.6,35,0,54635
BANKNIFTY-III.NFO,20/05/2025,10:14:43,55702.4,55707.4,70,55737,35,0,54635
BANKNIFTY-III.NFO,20/05/2025,10:14:44,55702.4,55707.4,70,55737.2,35,0,54635
BANKNIFTY-III.NFO,20/05/2025,10:14:45,55702.4,55710.6,70,55741.2,35,0,54635
BANKNIFTY-III.NFO,20/05/2025,10:14:48,55702.4,55711.8,70,55742.4,35,0,54635
BANKNIFTY-III.NFO,20/05/2025,10:14:50,55702.4,55711.8,70,55742.2,35,0,54635
BANKNIFTY-III.NFO,20/05/2025,10:14:57,55702.4,55712.6,70,55742.4,35,0,54635
BANKNIFTY-III.NFO,20/05/2025,10:14:59,55702.4,55713.8,70,55743.6,35,0,54635
BANKNIFTY-III.NFO,20/05/2025,10:15:02,55702.4,55716.2,70,55746,35,0,54635
BANKNIFTY-III.NFO,20/05/2025,10:15:03,55702.4,55716.2,70,55745.8,35,0,54635
BANKNIFTY-III.NFO,20/05/2025,10:15:04,55702.4,55743.6,35,55752.4,35,0,54635
BANKNIFTY-III.NFO,20/05/2025,10:15:16,55752.4,55716.4,35,55752.6,35,35,54705
BANKNIFTY-III.NFO,20/05/2025,10:15:18,55752.4,55716.4,35,55752.6,35,0,54705
BANKNIFTY-III.NFO,20/05/2025,10:15:21,55752.6,55716.4,35,55753,35,35,54705
BANKNIFTY-III.NFO,20/05/2025,10:15:22,55752.6,55716.4,35,55753,35,0,54705
BANKNIFTY-III.NFO,20/05/2025,10:15:26,55753.8,55716.4,35,55754.2,35,105,54705
BANKNIFTY-III.NFO,20/05/2025,10:15:27,55753.8,55716.4,35,55754.2,35,0,54705
BANKNIFTY-III.NFO,20/05/2025,10:15:37,55753.8,55716.4,35,55754.2,105,0,54705
BANKNIFTY-III.NFO,20/05/2025,10:15:39,55753.8,55716.2,35,55754,70,0,54705
BANKNIFTY-III.NFO,20/05/2025,10:15:41,55753.8,55716.2,35,55748.8,245,0,54705
BANKNIFTY-III.NFO,20/05/2025,10:15:42,55714.6,55713.6,35,55748.8,35,210,54705
BANKNIFTY-III.NFO,20/05/2025,10:15:44,55714.6,55713.6,35,55748.8,35,0,54705
BANKNIFTY-III.NFO,20/05/2025,10:16:50,55714.6,55710,35,55748.8,35,0,54705
BANKNIFTY-III.NFO,20/05/2025,10:16:56,55714.6,55709.6,35,55747.8,140,0,54705
BANKNIFTY-III.NFO,20/05/2025,10:16:57,55714.6,55709.6,35,55747.8,35,0,54705
BANKNIFTY-III.NFO,20/05/2025,10:16:57,55714.6,55709.6,35,55747.6,70,0,54705
BANKNIFTY-III.NFO,20/05/2025,10:16:59,55714.6,55708,35,55747,35,0,54705
BANKNIFTY-III.NFO,20/05/2025,10:17:03,55714.6,55708,35,55746.8,70,0,54705
BANKNIFTY-III.NFO,20/05/2025,10:17:05,55714.6,55706.4,35,55746.6,35,0,54705
BANKNIFTY-III.NFO,20/05/2025,10:17:14,55706.4,55706.2,70,55744.8,35,35,54705
BANKNIFTY-III.NFO,20/05/2025,10:17:15,55706.4,55706.2,70,55744.8,35,0,54845
BANKNIFTY-III.NFO,20/05/2025,10:17:19,55706.4,55706.2,70,55742.4,140,0,54845
BANKNIFTY-III.NFO,20/05/2025,10:17:20,55706.4,55706.2,70,55741.6,35,0,54845
BANKNIFTY-III.NFO,20/05/2025,10:17:23,55706.2,55706.4,35,55740.6,35,35,54845
BANKNIFTY-III.NFO,20/05/2025,10:17:24,55706.2,55706.4,35,55740.6,35,0,54845
BANKNIFTY-III.NFO,20/05/2025,10:17:28,55706.2,55706.2,35,55737,35,0,54845
BANKNIFTY-III.NFO,20/05/2025,10:17:29,55706.2,55706.2,35,55736.6,35,0,54845
BANKNIFTY-III.NFO,20/05/2025,10:17:35,55706.2,55706.4,35,55736.6,35,0,54845
BANKNIFTY-III.NFO,20/05/2025,10:17:37,55706.2,55706.2,35,55736.6,35,0,54845
BANKNIFTY-III.NFO,20/05/2025,10:17:39,55706.2,55706.4,35,55736.6,35,0,54845
BANKNIFTY-III.NFO,20/05/2025,10:17:43,55706.4,55706.4,35,55736.6,35,35,54845
BANKNIFTY-III.NFO,20/05/2025,10:17:45,55706.4,55706.4,35,55736.6,35,0,54845
BANKNIFTY-III.NFO,20/05/2025,10:17:54,55706.4,55706.4,70,55736.6,35,0,54845
BANKNIFTY-III.NFO,20/05/2025,10:18:05,55706.4,55706.4,105,55736.6,35,0,54845
BANKNIFTY-III.NFO,20/05/2025,10:18:08,55737,55706.4,105,55736.4,35,105,54845
BANKNIFTY-III.NFO,20/05/2025,10:18:09,55737,55706.4,105,55736.4,35,0,54845
BANKNIFTY-III.NFO,20/05/2025,10:18:19,55736.4,55706.4,105,55736.6,35,35,54845
BANKNIFTY-III.NFO,20/05/2025,10:18:20,55736.4,55706.4,105,55736.6,35,0,54845
BANKNIFTY-III.NFO,20/05/2025,10:18:22,55736.4,55706.4,35,55736.6,35,0,54845
BANKNIFTY-III.NFO,20/05/2025,10:18:24,55736.4,55706.4,35,55735.2,35,0,54845
BANKNIFTY-III.NFO,20/05/2025,10:18:25,55736.4,55706.4,35,55734.6,105,0,54845
BANKNIFTY-III.NFO,20/05/2025,10:18:26,55736.4,55706.4,35,55731,35,0,54845
BANKNIFTY-III.NFO,20/05/2025,10:18:28,55736.4,55706.4,35,55730.6,140,0,54845
BANKNIFTY-III.NFO,20/05/2025,10:18:30,55736.4,55706.4,35,55730.2,140,0,54845
BANKNIFTY-III.NFO,20/05/2025,10:18:31,55736.4,55706.4,35,55730.2,35,0,54845
BANKNIFTY-III.NFO,20/05/2025,10:18:32,55736.4,55706.4,35,55730.2,140,0,54845
BANKNIFTY-III.NFO,20/05/2025,10:18:33,55736.4,55706.4,35,55729.4,140,0,54845
BANKNIFTY-III.NFO,20/05/2025,10:18:34,55706.4,55706,70,55727.4,35,35,54845
BANKNIFTY-III.NFO,20/05/2025,10:18:35,55706,55706,35,55727.4,35,35,54845
BANKNIFTY-III.NFO,20/05/2025,10:18:36,55706,55706,35,55727.4,35,0,54845
BANKNIFTY-III.NFO,20/05/2025,10:18:43,55706,55706.2,35,55727.4,35,0,54845
BANKNIFTY-III.NFO,20/05/2025,10:18:54,55706,55706.2,70,55727.4,35,0,54845
BANKNIFTY-III.NFO,20/05/2025,10:18:56,55706,55706.2,35,55727.4,35,0,54845
BANKNIFTY-III.NFO,20/05/2025,10:18:57,55706,55706.2,70,55727.4,35,0,54845
BANKNIFTY-III.NFO,20/05/2025,10:18:58,55706,55706.2,35,55727.4,35,0,54845
BANKNIFTY-III.NFO,20/05/2025,10:19:00,55706,55706.2,70,55727.4,35,0,54845
BANKNIFTY-III.NFO,20/05/2025,10:19:02,55706,55706.2,35,55727.4,35,0,54845
BANKNIFTY-III.NFO,20/05/2025,10:19:11,55706,55706.2,70,55727.4,35,0,54845
BANKNIFTY-III.NFO,20/05/2025,10:19:14,55706,55706.2,35,55727.4,35,0,54845
BANKNIFTY-III.NFO,20/05/2025,10:19:15,55706,55706.2,70,55727.4,35,0,54845
BANKNIFTY-III.NFO,20/05/2025,10:19:24,55706,55706.2,70,55732.2,35,0,54845
BANKNIFTY-III.NFO,20/05/2025,10:19:28,55706,55707.4,70,55733.4,35,0,54845
BANKNIFTY-III.NFO,20/05/2025,10:19:36,55706,55706.2,35,55733.4,35,0,54845
BANKNIFTY-III.NFO,20/05/2025,10:19:38,55706,55706.2,70,55733.4,35,0,54845
BANKNIFTY-III.NFO,20/05/2025,10:19:49,55706,55706.2,35,55733.4,35,0,54845
BANKNIFTY-III.NFO,20/05/2025,10:19:54,55706,55706.2,70,55733.4,35,0,54845
BANKNIFTY-III.NFO,20/05/2025,10:20:08,55706,55706.2,35,55733.4,35,0,54845
BANKNIFTY-III.NFO,20/05/2025,10:20:09,55706,55706.2,70,55733.4,35,0,54845
BANKNIFTY-III.NFO,20/05/2025,10:21:13,55706,55706.2,35,55733.4,35,0,54845
BANKNIFTY-III.NFO,20/05/2025,10:21:15,55706,55706.2,70,55733.4,35,0,54845
BANKNIFTY-III.NFO,20/05/2025,10:21:26,55706,55706.2,35,55733.4,35,0,54845
BANKNIFTY-III.NFO,20/05/2025,10:21:29,55706,55706.2,70,55733.4,35,0,54845
BANKNIFTY-III.NFO,20/05/2025,10:21:30,55706,55706.2,35,55733.4,35,0,54845
BANKNIFTY-III.NFO,20/05/2025,10:21:33,55706,55706.2,70,55733.4,35,0,54845
BANKNIFTY-III.NFO,20/05/2025,10:21:51,55706,55706.2,35,55733.4,35,0,54845
BANKNIFTY-III.NFO,20/05/2025,10:21:52,55706,55706.2,70,55733.4,35,0,54845
BANKNIFTY-III.NFO,20/05/2025,10:22:02,55706,55706.2,35,55733.4,35,0,54845
BANKNIFTY-III.NFO,20/05/2025,10:22:04,55706,55706.2,70,55733.4,35,0,54845
BANKNIFTY-III.NFO,20/05/2025,10:22:19,55706,55706.2,35,55733.4,35,0,54845
BANKNIFTY-III.NFO,20/05/2025,10:22:22,55706,55706.2,70,55733.4,35,0,54845
BANKNIFTY-III.NFO,20/05/2025,10:22:29,55706,55706.2,35,55733.4,35,0,54845
BANKNIFTY-III.NFO,20/05/2025,10:22:30,55706,55706.2,70,55733.4,35,0,54845
BANKNIFTY-III.NFO,20/05/2025,10:22:41,55706,55707,70,55733.4,35,0,54845
BANKNIFTY-III.NFO,20/05/2025,10:23:28,55733.8,55707,70,55734.2,35,70,54880
BANKNIFTY-III.NFO,20/05/2025,10:23:30,55733.8,55707.8,70,55736.6,35,0,54880
BANKNIFTY-III.NFO,20/05/2025,10:23:50,55733.8,55710.8,35,55739.6,35,0,54880
BANKNIFTY-III.NFO,20/05/2025,10:23:52,55733.8,55712.4,105,55741.8,35,0,54880
BANKNIFTY-III.NFO,20/05/2025,10:23:57,55733.8,55714.4,35,55745,70,0,54880
BANKNIFTY-III.NFO,20/05/2025,10:24:13,55733.8,55715.2,35,55745,70,0,54880
BANKNIFTY-III.NFO,20/05/2025,10:24:24,55733.8,55716.2,35,55745,70,0,54880
BANKNIFTY-III.NFO,20/05/2025,10:24:51,55733.8,55717.2,35,55745,70,0,54880
BANKNIFTY-III.NFO,20/05/2025,10:25:02,55733.8,55717.6,35,55745,70,0,54880
BANKNIFTY-III.NFO,20/05/2025,10:25:07,55733.8,55720.2,70,55745,70,0,54880
BANKNIFTY-III.NFO,20/05/2025,10:25:09,55751.2,55722,105,55755,105,595,54810
BANKNIFTY-III.NFO,20/05/2025,10:25:10,55751.2,55723.2,70,55754.8,105,0,54810
BANKNIFTY-III.NFO,20/05/2025,10:25:11,55751.2,55724.4,70,55753.2,105,0,54810
BANKNIFTY-III.NFO,20/05/2025,10:25:12,55751.2,55724.4,70,55753.6,105,0,54810
BANKNIFTY-III.NFO,20/05/2025,10:25:13,55751.2,55724.8,70,55754.6,105,0,54810
BANKNIFTY-III.NFO,20/05/2025,10:25:14,55751.2,55726.4,70,55754.8,105,0,54810
BANKNIFTY-III.NFO,20/05/2025,10:25:15,55751.2,55726.8,70,55754.8,105,0,54810
BANKNIFTY-III.NFO,20/05/2025,10:25:16,55751.2,55728,70,55756,105,0,54810
BANKNIFTY-III.NFO,20/05/2025,10:25:18,55751.2,55728.4,105,55755.8,105,0,54810
BANKNIFTY-III.NFO,20/05/2025,10:25:19,55751.2,55728.4,70,55755.6,105,0,54810
BANKNIFTY-III.NFO,20/05/2025,10:25:20,55751.2,55728.8,70,55756,105,0,54810
BANKNIFTY-III.NFO,20/05/2025,10:25:21,55751.2,55729.2,70,55755.8,105,0,54810
BANKNIFTY-III.NFO,20/05/2025,10:25:22,55751.2,55730,105,55756,105,0,54810
BANKNIFTY-III.NFO,20/05/2025,10:25:23,55730.4,55730.4,70,55756,105,35,54810
BANKNIFTY-III.NFO,20/05/2025,10:25:24,55730.4,55731.2,70,55756,105,0,54810
BANKNIFTY-III.NFO,20/05/2025,10:25:25,55730.4,55733.6,70,55758,105,0,54810
BANKNIFTY-III.NFO,20/05/2025,10:25:26,55758.6,55737.4,70,55775.8,210,105,54810
BANKNIFTY-III.NFO,20/05/2025,10:25:28,55741,55741,70,55772,210,35,54810
BANKNIFTY-III.NFO,20/05/2025,10:25:29,55739.8,55739.6,105,55775.8,210,210,54810
BANKNIFTY-III.NFO,20/05/2025,10:25:30,55739.8,55739.4,35,55771.4,210,0,54810
BANKNIFTY-III.NFO,20/05/2025,10:25:32,55739.8,55739.6,35,55771.4,210,0,54810
BANKNIFTY-III.NFO,20/05/2025,10:25:34,55739.8,55739.6,105,55771.6,210,0,54810
BANKNIFTY-III.NFO,20/05/2025,10:25:38,55739.8,55739.6,105,55772.8,210,0,54810
BANKNIFTY-III.NFO,20/05/2025,10:25:42,55739.8,55739.6,105,55765,35,0,54810
