Ticker,Date,Time,LTP,BuyPrice,BuyQty,SellPrice,SellQty,LTQ,OpenInterest
BANKNIFTY-III.NFO,17/01/2025,09:15:03,49850.05,49800,30,49852.6,60,180,129810
BANKNIFTY-III.NFO,17/01/2025,09:15:03,49850,49800,30,49852.6,60,0,129810
BANKNIFTY-III.NFO,17/01/2025,09:15:03,49850.05,49800,30,49852.6,60,0,129810
BANKNIFTY-III.NFO,17/01/2025,09:15:03,49850,49800,30,49852.6,60,0,129810
BANKNIFTY-III.NFO,17/01/2025,09:15:05,49847.25,49800,30,49833.45,60,30,129810
BANKNIFTY-III.NFO,17/01/2025,09:15:05,49847.25,49800,30,49833.45,60,0,129810
BANKNIFTY-III.NFO,17/01/2025,09:15:06,49834.35,49800.05,60,49830.95,60,30,129810
BANKNIFTY-III.NFO,17/01/2025,09:15:06,49834.35,49800.05,60,49830.95,60,0,129810
BANKNIFTY-III.NFO,17/01/2025,09:15:08,49750.05,49750.05,30,49789.4,60,90,129810
BANKNIFTY-III.NFO,17/01/2025,09:15:08,49750.05,49750.05,30,49789.4,60,0,129810
BANKNIFTY-III.NFO,17/01/2025,09:15:09,49750.05,49750.8,30,49795.35,60,0,129810
BANKNIFTY-III.NFO,17/01/2025,09:15:11,49783.6,49750.05,60,49785.8,60,30,129810
BANKNIFTY-III.NFO,17/01/2025,09:15:13,49783.6,49750.05,60,49783.55,60,0,129810
BANKNIFTY-III.NFO,17/01/2025,09:15:14,49783.55,49750.05,90,49783.6,60,60,129810
BANKNIFTY-III.NFO,17/01/2025,09:15:16,49750.1,49750.05,30,49766.2,60,60,129810
BANKNIFTY-III.NFO,17/01/2025,09:15:18,49750.1,49750.05,30,49768.2,60,0,129810
BANKNIFTY-III.NFO,17/01/2025,09:15:19,49750.1,49750.05,30,49765.65,60,0,129810
BANKNIFTY-III.NFO,17/01/2025,09:15:21,49750.1,49750.1,60,49775.65,90,0,129810
BANKNIFTY-III.NFO,17/01/2025,09:15:22,49750.1,49750.1,90,49790.95,60,0,129810
BANKNIFTY-III.NFO,17/01/2025,09:15:24,49750.1,49756.35,60,49792.35,210,0,129810
BANKNIFTY-III.NFO,17/01/2025,09:15:26,49772.85,49770,30,49773.2,30,30,129810
BANKNIFTY-III.NFO,17/01/2025,09:15:27,49770,49750.1,30,49764.5,30,30,129810
BANKNIFTY-III.NFO,17/01/2025,09:15:29,49750.1,49750.05,30,49768.55,30,30,129810
BANKNIFTY-III.NFO,17/01/2025,09:15:30,49750.1,49750.1,60,49779.15,30,0,129810
BANKNIFTY-III.NFO,17/01/2025,09:15:32,49750.1,49750.1,60,49784.45,30,0,129810
BANKNIFTY-III.NFO,17/01/2025,09:15:34,49750.1,49750.1,60,49777.7,30,0,129810
BANKNIFTY-III.NFO,17/01/2025,09:15:35,49750.1,49750.05,30,49774.25,30,0,129810
BANKNIFTY-III.NFO,17/01/2025,09:15:37,49750.1,49750.05,30,49770.8,30,0,129810
BANKNIFTY-III.NFO,17/01/2025,09:15:38,49750.1,49750.05,30,49753.35,30,0,129810
BANKNIFTY-III.NFO,17/01/2025,09:15:40,49750.1,49750.05,30,49762.45,30,0,129810
BANKNIFTY-III.NFO,17/01/2025,09:15:42,49750.1,49750.05,30,49754.95,30,0,129810
BANKNIFTY-III.NFO,17/01/2025,09:15:43,49750.1,49750.05,30,49752.25,30,0,129810
BANKNIFTY-III.NFO,17/01/2025,09:15:45,49745.25,49711.6,60,49745.3,30,150,129960
BANKNIFTY-III.NFO,17/01/2025,09:15:45,49745.25,49711.6,60,49745.3,30,0,129960
BANKNIFTY-III.NFO,17/01/2025,09:15:46,49745.25,49712.3,60,49745.3,30,0,129960
BANKNIFTY-III.NFO,17/01/2025,09:15:48,49745.25,49710.05,60,49745.3,30,0,129960
BANKNIFTY-III.NFO,17/01/2025,09:15:49,49745.25,49711.8,60,49745.3,30,0,129960
BANKNIFTY-III.NFO,17/01/2025,09:15:51,49745.25,49710.05,60,49744.35,30,0,129960
BANKNIFTY-III.NFO,17/01/2025,09:15:53,49745.25,49710.05,60,49738.65,150,0,129960
BANKNIFTY-III.NFO,17/01/2025,09:15:54,49745.25,49710,30,49731.25,30,0,129960
BANKNIFTY-III.NFO,17/01/2025,09:15:56,49731.25,49710.05,60,49732.75,30,30,129960
BANKNIFTY-III.NFO,17/01/2025,09:15:56,49731.25,49710.05,60,49732.75,30,0,129960
BANKNIFTY-III.NFO,17/01/2025,09:15:57,49710.05,49711.05,60,49748.75,30,30,129960
BANKNIFTY-III.NFO,17/01/2025,09:15:57,49710.05,49711.05,60,49748.75,30,0,129960
BANKNIFTY-III.NFO,17/01/2025,09:15:59,49710.05,49717.3,60,49749.95,30,0,129960
BANKNIFTY-III.NFO,17/01/2025,09:16:01,49710.05,49711.15,60,49746.55,30,0,129960
BANKNIFTY-III.NFO,17/01/2025,09:16:02,49750,49711.15,60,49742.5,150,60,129960
BANKNIFTY-III.NFO,17/01/2025,09:16:04,49750,49711.05,60,49742.95,150,0,129960
BANKNIFTY-III.NFO,17/01/2025,09:16:05,49750,49711.05,60,49733.7,30,0,129960
BANKNIFTY-III.NFO,17/01/2025,09:16:09,49732.1,49711.05,90,49737.25,150,30,129960
BANKNIFTY-III.NFO,17/01/2025,09:16:10,49732.1,49711.05,90,49739.4,150,0,129960
BANKNIFTY-III.NFO,17/01/2025,09:16:12,49736.05,49711,150,49735.8,150,30,129960
BANKNIFTY-III.NFO,17/01/2025,09:16:13,49736.05,49711.05,90,49738.55,150,0,129960
BANKNIFTY-III.NFO,17/01/2025,09:16:15,49736.05,49711.05,90,49741.35,150,0,129960
BANKNIFTY-III.NFO,17/01/2025,09:16:17,49736.05,49711.05,90,49742.1,150,0,129960
BANKNIFTY-III.NFO,17/01/2025,09:16:18,49736.05,49711.05,60,49738.15,180,150,129960
BANKNIFTY-III.NFO,17/01/2025,09:16:20,49736.05,49711.05,60,49734.5,30,0,129960
BANKNIFTY-III.NFO,17/01/2025,09:16:22,49736.05,49711.05,60,49729.65,30,0,129960
BANKNIFTY-III.NFO,17/01/2025,09:16:23,49736.05,49712.05,60,49729.65,30,0,129960
BANKNIFTY-III.NFO,17/01/2025,09:16:25,49736.05,49712,30,49726.5,30,0,129960
BANKNIFTY-III.NFO,17/01/2025,09:16:26,49727.05,49712,30,49727.1,30,30,129960
BANKNIFTY-III.NFO,17/01/2025,09:16:28,49712,49711,210,49717.5,30,30,129960
BANKNIFTY-III.NFO,17/01/2025,09:16:30,49708.95,49700,90,49711.15,30,300,129960
BANKNIFTY-III.NFO,17/01/2025,09:16:30,49708.95,49700,90,49711.15,30,0,129960
BANKNIFTY-III.NFO,17/01/2025,09:16:31,49708.95,49700,90,49711.15,30,0,129960
BANKNIFTY-III.NFO,17/01/2025,09:16:33,49708.95,49700,90,49707.85,180,0,129960
BANKNIFTY-III.NFO,17/01/2025,09:16:34,49708.95,49700,90,49704.5,30,0,129960
BANKNIFTY-III.NFO,17/01/2025,09:16:36,49707.25,49700,90,49707.85,30,60,129960
BANKNIFTY-III.NFO,17/01/2025,09:16:36,49704.5,49700,90,49707.85,30,0,129960
BANKNIFTY-III.NFO,17/01/2025,09:16:38,49707.25,49700,90,49707.85,30,0,129960
BANKNIFTY-III.NFO,17/01/2025,09:16:39,49687.2,49686.65,60,49714.4,210,450,129960
BANKNIFTY-III.NFO,17/01/2025,09:16:39,49687.2,49686.65,60,49714.4,210,0,129960
BANKNIFTY-III.NFO,17/01/2025,09:16:41,49687.2,49700,30,49717.1,60,0,129960
BANKNIFTY-III.NFO,17/01/2025,09:16:43,49713.95,49700,30,49713.6,60,30,129960
BANKNIFTY-III.NFO,17/01/2025,09:16:44,49713.95,49700,30,49710.5,60,0,129960
BANKNIFTY-III.NFO,17/01/2025,09:16:46,49707.15,49687.2,30,49699.4,60,150,129960
BANKNIFTY-III.NFO,17/01/2025,09:16:46,49675.85,49687.2,30,49699.4,60,0,129960
BANKNIFTY-III.NFO,17/01/2025,09:16:47,49707.15,49687.2,30,49697.25,30,0,129960
BANKNIFTY-III.NFO,17/01/2025,09:16:49,49707.15,49687.2,30,49696.65,60,0,129960
BANKNIFTY-III.NFO,17/01/2025,09:16:51,49707.15,49687.2,30,49698.75,60,0,129960
BANKNIFTY-III.NFO,17/01/2025,09:16:52,49707.15,49687.25,90,49700,60,0,129960
BANKNIFTY-III.NFO,17/01/2025,09:16:54,49707.15,49687.25,60,49700,60,0,129960
BANKNIFTY-III.NFO,17/01/2025,09:16:55,49700,49687.2,30,49702.35,60,60,129960
BANKNIFTY-III.NFO,17/01/2025,09:16:57,49700,49700,60,49703.8,30,0,129960
BANKNIFTY-III.NFO,17/01/2025,09:16:59,49700,49700,60,49706.75,30,0,129960
BANKNIFTY-III.NFO,17/01/2025,09:17:00,49700,49700,60,49710.25,30,0,129960
BANKNIFTY-III.NFO,17/01/2025,09:17:02,49700,49693.85,60,49700,300,120,129960
BANKNIFTY-III.NFO,17/01/2025,09:17:03,49700,49687.3,60,49700,300,0,129960
BANKNIFTY-III.NFO,17/01/2025,09:17:05,49700,49690.05,60,49700,270,30,129960
BANKNIFTY-III.NFO,17/01/2025,09:17:07,49700,49690.05,60,49700,120,150,129960
BANKNIFTY-III.NFO,17/01/2025,09:17:08,49700,49690.05,60,49700,120,0,129960
BANKNIFTY-III.NFO,17/01/2025,09:17:10,49700,49690.05,90,49700,120,0,129960
BANKNIFTY-III.NFO,17/01/2025,09:17:11,49700,49690.05,90,49700,60,60,129960
BANKNIFTY-III.NFO,17/01/2025,09:17:13,49700,49700,60,49719.1,30,60,129960
BANKNIFTY-III.NFO,17/01/2025,09:17:15,49700,49690.45,90,49700,390,60,129960
BANKNIFTY-III.NFO,17/01/2025,09:17:16,49700,49690.45,90,49700,360,30,129960
BANKNIFTY-III.NFO,17/01/2025,09:17:18,49700,49690.45,90,49700,360,0,129960
BANKNIFTY-III.NFO,17/01/2025,09:17:20,49700,49691.35,60,49700,360,0,129960
BANKNIFTY-III.NFO,17/01/2025,09:17:21,49700,49691.45,60,49700,360,0,129960
BANKNIFTY-III.NFO,17/01/2025,09:17:23,49700,49691.55,60,49700,360,0,129960
BANKNIFTY-III.NFO,17/01/2025,09:17:24,49700,49693.1,60,49700,360,0,129960
BANKNIFTY-III.NFO,17/01/2025,09:17:26,49700,49694.15,30,49700,150,660,129960
BANKNIFTY-III.NFO,17/01/2025,09:17:28,49700,49694.55,60,49700,150,0,129960
BANKNIFTY-III.NFO,17/01/2025,09:17:29,49700,49694.65,30,49700,150,0,129960
BANKNIFTY-III.NFO,17/01/2025,09:17:33,49700,49686.5,30,49700,150,0,129960
BANKNIFTY-III.NFO,17/01/2025,09:17:34,49700,49692.95,60,49700,180,0,129960
BANKNIFTY-III.NFO,17/01/2025,09:17:36,49700,49694.4,60,49700,180,0,129960
BANKNIFTY-III.NFO,17/01/2025,09:17:38,49700,49697.95,60,49700,150,30,129960
BANKNIFTY-III.NFO,17/01/2025,09:17:39,49700,49691.95,60,49700,120,30,129960
BANKNIFTY-III.NFO,17/01/2025,09:17:41,49700,49683.5,30,49698.4,30,0,129960
BANKNIFTY-III.NFO,17/01/2025,09:17:42,49700,49688.25,30,49700,120,0,129960
BANKNIFTY-III.NFO,17/01/2025,09:17:44,49700,49686,120,49707.05,90,120,129960
BANKNIFTY-III.NFO,17/01/2025,09:17:46,49700,49691.3,60,49711.5,60,0,129960
BANKNIFTY-III.NFO,17/01/2025,09:17:47,49700,49693.65,30,49714,90,0,129960
BANKNIFTY-III.NFO,17/01/2025,09:17:49,49700,49691.9,60,49712.3,90,0,129960
BANKNIFTY-III.NFO,17/01/2025,09:17:51,49710.75,49687.85,150,49710.35,60,30,129960
BANKNIFTY-III.NFO,17/01/2025,09:17:52,49710.75,49686.3,60,49705.85,90,0,129960
BANKNIFTY-III.NFO,17/01/2025,09:17:54,49710.75,49686.3,90,49705.2,150,0,129960
BANKNIFTY-III.NFO,17/01/2025,09:17:55,49710.75,49688.4,60,49709.35,90,0,129960
BANKNIFTY-III.NFO,17/01/2025,09:17:57,49710.75,49684.35,60,49703.3,60,0,129960
BANKNIFTY-III.NFO,17/01/2025,09:17:59,49710.75,49682.9,60,49703.75,150,0,129960
BANKNIFTY-III.NFO,17/01/2025,09:18:00,49700,49683.7,60,49704.55,120,60,129960
BANKNIFTY-III.NFO,17/01/2025,09:18:02,49700,49682,30,49697,30,0,129960
BANKNIFTY-III.NFO,17/01/2025,09:18:03,49700,49682.05,90,49700.7,60,0,129960
BANKNIFTY-III.NFO,17/01/2025,09:18:05,49699.05,49690,30,49705.7,30,30,129960
BANKNIFTY-III.NFO,17/01/2025,09:18:07,49699.05,49690,30,49704.8,30,0,129960
BANKNIFTY-III.NFO,17/01/2025,09:18:08,49699.05,49690.05,90,49709.95,60,0,129960
BANKNIFTY-III.NFO,17/01/2025,09:18:10,49699.05,49690,30,49707,60,0,129960
BANKNIFTY-III.NFO,17/01/2025,09:18:12,49699.05,49690,30,49699.05,30,0,129960
BANKNIFTY-III.NFO,17/01/2025,09:18:18,49699.05,49690,30,49699.05,60,0,129960
BANKNIFTY-III.NFO,17/01/2025,09:18:20,49683.2,49682.05,60,49699,90,120,129960
BANKNIFTY-III.NFO,17/01/2025,09:18:21,49683.2,49682.05,150,49699.05,30,0,129960
BANKNIFTY-III.NFO,17/01/2025,09:18:23,49683.2,49686.95,150,49699.05,30,0,129960
BANKNIFTY-III.NFO,17/01/2025,09:18:24,49683.2,49691.3,90,49699.05,30,0,129960
BANKNIFTY-III.NFO,17/01/2025,09:18:26,49683.2,49689.05,90,49699.05,30,0,129960
BANKNIFTY-III.NFO,17/01/2025,09:18:28,49683.2,49684.75,90,49699.05,30,0,129960
BANKNIFTY-III.NFO,17/01/2025,09:18:29,49683.2,49688.4,90,49699.05,30,0,129960
BANKNIFTY-III.NFO,17/01/2025,09:18:31,49683.2,49688.5,90,49699.05,30,0,129960
BANKNIFTY-III.NFO,17/01/2025,09:18:33,49683.2,49686.7,150,49699.05,30,0,129960
BANKNIFTY-III.NFO,17/01/2025,09:18:34,49683.2,49691.15,60,49699.05,30,0,129960
BANKNIFTY-III.NFO,17/01/2025,09:18:36,49683.2,49689.3,90,49699.05,30,0,129960
BANKNIFTY-III.NFO,17/01/2025,09:18:38,49683.2,49691.6,60,49699.05,30,0,129960
BANKNIFTY-III.NFO,17/01/2025,09:18:39,49683.2,49693.65,60,49699.05,30,0,129960
BANKNIFTY-III.NFO,17/01/2025,09:18:41,49693.8,49695.15,30,49699.05,30,90,128940
BANKNIFTY-III.NFO,17/01/2025,09:18:42,49693.8,49696.65,150,49699.05,30,0,128940
BANKNIFTY-III.NFO,17/01/2025,09:18:44,49693.8,49697.75,150,49699.05,30,0,128940
BANKNIFTY-III.NFO,17/01/2025,09:18:46,49699.05,49700.4,180,49710,30,30,128940
BANKNIFTY-III.NFO,17/01/2025,09:18:47,49703.8,49704,150,49710,30,30,128940
BANKNIFTY-III.NFO,17/01/2025,09:18:49,49710,49706.6,90,49728.75,150,30,128940
BANKNIFTY-III.NFO,17/01/2025,09:18:50,49710,49710.55,180,49727.95,60,0,128940
BANKNIFTY-III.NFO,17/01/2025,09:18:52,49710,49704.6,60,49725.25,90,0,128940
BANKNIFTY-III.NFO,17/01/2025,09:18:54,49710,49702.4,180,49720.6,60,0,128940
BANKNIFTY-III.NFO,17/01/2025,09:18:55,49729.8,49709.15,60,49729.8,90,60,128940
BANKNIFTY-III.NFO,17/01/2025,09:18:57,49729.8,49712.85,90,49730.95,90,0,128940
BANKNIFTY-III.NFO,17/01/2025,09:18:59,49729.8,49704.9,90,49724.8,90,0,128940
BANKNIFTY-III.NFO,17/01/2025,09:19:00,49729.8,49704.4,60,49723.85,90,0,128940
BANKNIFTY-III.NFO,17/01/2025,09:19:02,49729.8,49704.05,90,49721.05,60,0,128940
BANKNIFTY-III.NFO,17/01/2025,09:19:03,49729.8,49709.3,90,49725.8,60,0,128940
BANKNIFTY-III.NFO,17/01/2025,09:19:05,49729.8,49706.15,60,49725.9,90,0,128940
BANKNIFTY-III.NFO,17/01/2025,09:19:07,49728.55,49707.1,120,49728.55,90,120,128940
BANKNIFTY-III.NFO,17/01/2025,09:19:08,49728.55,49707.15,30,49728.55,90,0,128940
BANKNIFTY-III.NFO,17/01/2025,09:19:10,49728.55,49705.75,30,49728.55,90,0,128940
BANKNIFTY-III.NFO,17/01/2025,09:19:12,49728.55,49700,270,49721.75,60,0,128940
BANKNIFTY-III.NFO,17/01/2025,09:19:13,49728.55,49700,240,49717.05,60,0,128940
BANKNIFTY-III.NFO,17/01/2025,09:19:15,49728.55,49700,270,49716.15,60,0,128940
BANKNIFTY-III.NFO,17/01/2025,09:19:17,49700,49680.9,120,49712.15,60,270,128940
BANKNIFTY-III.NFO,17/01/2025,09:19:18,49700,49680.3,60,49706.45,60,0,128940
BANKNIFTY-III.NFO,17/01/2025,09:19:20,49700,49680.3,90,49704.2,60,0,128940
BANKNIFTY-III.NFO,17/01/2025,09:19:23,49700,49683.2,90,49704.2,60,0,128940
BANKNIFTY-III.NFO,17/01/2025,09:19:27,49683.2,49680.3,60,49696.15,90,90,128940
BANKNIFTY-III.NFO,17/01/2025,09:19:28,49683.2,49680.25,30,49694.75,60,0,128940
BANKNIFTY-III.NFO,17/01/2025,09:19:30,49683.2,49680.3,60,49697.6,60,0,128940
BANKNIFTY-III.NFO,17/01/2025,09:19:32,49683.2,49680.3,90,49698.35,90,0,128940
BANKNIFTY-III.NFO,17/01/2025,09:19:33,49683.2,49687.35,90,49707.75,60,0,128940
BANKNIFTY-III.NFO,17/01/2025,09:19:35,49683.2,49680.4,60,49701.45,120,0,128940
BANKNIFTY-III.NFO,17/01/2025,09:19:37,49683.2,49680.3,150,49703.8,60,0,128940
BANKNIFTY-III.NFO,17/01/2025,09:19:38,49683.2,49686.1,120,49709.4,60,0,128940
BANKNIFTY-III.NFO,17/01/2025,09:19:40,49683.2,49687.15,90,49707.7,90,0,128940
BANKNIFTY-III.NFO,17/01/2025,09:19:42,49683.2,49686.9,90,49706.05,60,0,128940
BANKNIFTY-III.NFO,17/01/2025,09:19:43,49683.2,49696.2,90,49716.5,90,0,128940
BANKNIFTY-III.NFO,17/01/2025,09:19:45,49683.2,49691.4,60,49711.55,90,0,128940
BANKNIFTY-III.NFO,17/01/2025,09:19:47,49690,49690.55,120,49714.25,60,30,128940
BANKNIFTY-III.NFO,17/01/2025,09:19:48,49690,49690.55,120,49714.05,60,0,128940
BANKNIFTY-III.NFO,17/01/2025,09:19:50,49690,49700.25,90,49721.15,60,0,128940
BANKNIFTY-III.NFO,17/01/2025,09:19:52,49690,49701.1,60,49721.95,60,0,128940
BANKNIFTY-III.NFO,17/01/2025,09:19:53,49690,49695.15,150,49717.9,90,0,128940
BANKNIFTY-III.NFO,17/01/2025,09:19:55,49719.7,49702.25,60,49725,60,90,128940
BANKNIFTY-III.NFO,17/01/2025,09:19:57,49719.7,49690.05,60,49709.65,60,0,128940
BANKNIFTY-III.NFO,17/01/2025,09:19:58,49719.7,49703.8,120,49730.2,60,0,128940
BANKNIFTY-III.NFO,17/01/2025,09:20:00,49719.7,49690.1,60,49711.35,60,0,128940
BANKNIFTY-III.NFO,17/01/2025,09:20:02,49719.7,49690,30,49704.95,60,0,128940
BANKNIFTY-III.NFO,17/01/2025,09:20:03,49719.7,49690,30,49707.8,60,0,128940
BANKNIFTY-III.NFO,17/01/2025,09:20:05,49690,49685,30,49694.55,90,60,128940
BANKNIFTY-III.NFO,17/01/2025,09:20:07,49690,49685,30,49692.8,60,0,128940
BANKNIFTY-III.NFO,17/01/2025,09:20:08,49690,49685,30,49689.35,150,0,128940
BANKNIFTY-III.NFO,17/01/2025,09:20:10,49680,49651,120,49676.95,60,90,128940
BANKNIFTY-III.NFO,17/01/2025,09:20:12,49680,49650.05,90,49673.65,60,0,128940
BANKNIFTY-III.NFO,17/01/2025,09:20:13,49680,49650.1,60,49676,60,0,128940
BANKNIFTY-III.NFO,17/01/2025,09:20:15,49680,49650.05,90,49672.8,60,0,128940
BANKNIFTY-III.NFO,17/01/2025,09:20:17,49680,49650,120,49667.4,90,0,128940
BANKNIFTY-III.NFO,17/01/2025,09:20:18,49668.4,49650.05,60,49670.35,30,450,128940
BANKNIFTY-III.NFO,17/01/2025,09:20:18,49667.4,49650.05,60,49670.35,30,0,128940
BANKNIFTY-III.NFO,17/01/2025,09:20:20,49668.4,49650,150,49667.85,90,0,128940
BANKNIFTY-III.NFO,17/01/2025,09:20:22,49668.4,49650,120,49665.9,90,0,128940
BANKNIFTY-III.NFO,17/01/2025,09:20:23,49668.4,49650,120,49666.3,90,0,128940
BANKNIFTY-III.NFO,17/01/2025,09:20:25,49668.4,49650,120,49658.55,90,0,128940
BANKNIFTY-III.NFO,17/01/2025,09:20:27,49668.4,49650,120,49663.35,150,0,128940
BANKNIFTY-III.NFO,17/01/2025,09:20:28,49668.4,49650,120,49659.65,150,0,128940
BANKNIFTY-III.NFO,17/01/2025,09:20:30,49668.4,49650,120,49654.2,150,0,128940
BANKNIFTY-III.NFO,17/01/2025,09:20:32,49668.4,49650,120,49656.85,150,0,128940
BANKNIFTY-III.NFO,17/01/2025,09:20:33,49668.4,49650,120,49659,150,0,128940
BANKNIFTY-III.NFO,17/01/2025,09:20:35,49668.4,49650.05,120,49667.1,30,0,128940
BANKNIFTY-III.NFO,17/01/2025,09:20:37,49648.85,49642.65,210,49663.1,150,180,128940
BANKNIFTY-III.NFO,17/01/2025,09:20:37,49648.85,49642.65,210,49663.1,150,0,128940
BANKNIFTY-III.NFO,17/01/2025,09:20:38,49648.85,49642.65,210,49661.05,150,0,128940
BANKNIFTY-III.NFO,17/01/2025,09:20:40,49648.85,49635.05,210,49656.65,120,0,128940
BANKNIFTY-III.NFO,17/01/2025,09:20:42,49656.65,49635.05,210,49659.95,90,30,128940
BANKNIFTY-III.NFO,17/01/2025,09:20:43,49656.65,49635.9,210,49655.6,120,0,128940
BANKNIFTY-III.NFO,17/01/2025,09:20:45,49656.65,49634.5,210,49654.35,90,0,128940
BANKNIFTY-III.NFO,17/01/2025,09:20:47,49656.65,49626.75,210,49648.2,90,0,128940
BANKNIFTY-III.NFO,17/01/2025,09:20:48,49656.65,49626.75,210,49650.1,90,0,128940
BANKNIFTY-III.NFO,17/01/2025,09:20:52,49656.65,49633.4,180,49656.65,60,0,128940
BANKNIFTY-III.NFO,17/01/2025,09:20:53,49656.65,49633.3,210,49653.8,120,0,128940
BANKNIFTY-III.NFO,17/01/2025,09:20:55,49656.65,49627,180,49651.65,90,0,128940
BANKNIFTY-III.NFO,17/01/2025,09:20:57,49656.65,49623.25,180,49645.15,90,0,128940
BANKNIFTY-III.NFO,17/01/2025,09:20:58,49645.15,49623.25,180,49648.2,60,30,128940
BANKNIFTY-III.NFO,17/01/2025,09:20:58,49645.15,49623.25,180,49648.2,60,0,128940
BANKNIFTY-III.NFO,17/01/2025,09:21:00,49645.15,49630.75,180,49656.6,60,0,128940
BANKNIFTY-III.NFO,17/01/2025,09:21:02,49645.15,49631.25,210,49640,450,0,128940
BANKNIFTY-III.NFO,17/01/2025,09:21:03,49650,49632.55,180,49656.65,30,480,128940
BANKNIFTY-III.NFO,17/01/2025,09:21:03,49640,49632.55,180,49656.65,30,0,128940
BANKNIFTY-III.NFO,17/01/2025,09:21:05,49650,49634.1,180,49656.55,60,0,128940
BANKNIFTY-III.NFO,17/01/2025,09:21:07,49650,49632.5,120,49655.7,60,0,128940
BANKNIFTY-III.NFO,17/01/2025,09:21:09,49654.95,49632.5,180,49654.95,30,30,128940
BANKNIFTY-III.NFO,17/01/2025,09:21:10,49654.95,49632.5,180,49656.55,30,0,128940
BANKNIFTY-III.NFO,17/01/2025,09:21:12,49654.95,49633.4,180,49656.6,60,0,128940
BANKNIFTY-III.NFO,17/01/2025,09:21:14,49654.95,49643.4,210,49656.65,30,0,128940
BANKNIFTY-III.NFO,17/01/2025,09:21:15,49654.95,49638.85,210,49645.15,120,30,128940
BANKNIFTY-III.NFO,17/01/2025,09:21:17,49654.95,49638.85,210,49645.15,120,0,128940
BANKNIFTY-III.NFO,17/01/2025,09:21:19,49645.15,49647.2,210,49656.65,30,120,128940
BANKNIFTY-III.NFO,17/01/2025,09:21:20,49656.65,49661.75,180,49691.35,30,30,128940
BANKNIFTY-III.NFO,17/01/2025,09:21:22,49656.65,49668.55,150,49689.95,60,0,128940
BANKNIFTY-III.NFO,17/01/2025,09:21:24,49656.65,49671.35,180,49694.55,60,0,128940
BANKNIFTY-III.NFO,17/01/2025,09:21:25,49656.65,49672.25,180,49698.55,30,0,128940
BANKNIFTY-III.NFO,17/01/2025,09:21:27,49656.65,49668.9,120,49689.75,30,0,128940
BANKNIFTY-III.NFO,17/01/2025,09:21:29,49656.65,49668.6,180,49695.35,30,0,128940
BANKNIFTY-III.NFO,17/01/2025,09:21:30,49656.65,49672.05,120,49693,30,0,128940
BANKNIFTY-III.NFO,17/01/2025,09:21:32,49656.65,49669.9,360,49692.5,60,0,128940
BANKNIFTY-III.NFO,17/01/2025,09:21:34,49656.65,49679.9,120,49701.7,60,0,128940
BANKNIFTY-III.NFO,17/01/2025,09:21:35,49656.65,49680.85,120,49701.6,60,0,128940
BANKNIFTY-III.NFO,17/01/2025,09:21:37,49656.65,49672.25,120,49695.25,30,0,128940
BANKNIFTY-III.NFO,17/01/2025,09:21:39,49697.3,49675.4,180,49700.9,90,90,128940
BANKNIFTY-III.NFO,17/01/2025,09:21:40,49697.3,49673.9,120,49700.55,60,0,128940
BANKNIFTY-III.NFO,17/01/2025,09:21:42,49697.3,49675.6,180,49701.75,30,0,128940
BANKNIFTY-III.NFO,17/01/2025,09:21:44,49697.3,49678.55,120,49703.45,60,0,128940
BANKNIFTY-III.NFO,17/01/2025,09:21:47,49697.3,49668.6,120,49692.85,60,0,128940
BANKNIFTY-III.NFO,17/01/2025,09:21:49,49697.3,49668.6,180,49692.9,30,0,128940
BANKNIFTY-III.NFO,17/01/2025,09:21:50,49697.3,49670.65,120,49695.15,60,0,128940
BANKNIFTY-III.NFO,17/01/2025,09:21:52,49697.3,49661.8,180,49690.65,60,0,128940
BANKNIFTY-III.NFO,17/01/2025,09:21:54,49697.3,49668.3,120,49695.15,60,0,128940
BANKNIFTY-III.NFO,17/01/2025,09:21:55,49697.3,49670.05,120,49695.15,60,0,128940
BANKNIFTY-III.NFO,17/01/2025,09:21:57,49697.3,49670,30,49680.95,90,0,128940
BANKNIFTY-III.NFO,17/01/2025,09:21:59,49697.3,49670,30,49681.95,60,0,128940
BANKNIFTY-III.NFO,17/01/2025,09:22:00,49697.3,49670.05,150,49691.6,180,0,128940
BANKNIFTY-III.NFO,17/01/2025,09:22:02,49697.3,49670.1,120,49691.65,90,0,128940
BANKNIFTY-III.NFO,17/01/2025,09:22:04,49693.6,49670.1,180,49697,120,30,128730
BANKNIFTY-III.NFO,17/01/2025,09:22:05,49693.6,49672.85,330,49697,120,0,128730
BANKNIFTY-III.NFO,17/01/2025,09:22:07,49693.6,49672.85,180,49697,150,0,128730
BANKNIFTY-III.NFO,17/01/2025,09:22:08,49693.6,49672.85,120,49696.95,60,0,128730
BANKNIFTY-III.NFO,17/01/2025,09:22:10,49693.6,49680,30,49696.95,90,0,128730
BANKNIFTY-III.NFO,17/01/2025,09:22:12,49693.6,49680,30,49696.05,30,0,128730
BANKNIFTY-III.NFO,17/01/2025,09:22:13,49693.6,49680,30,49695.4,60,0,128730
BANKNIFTY-III.NFO,17/01/2025,09:22:15,49697,49680,60,49697,90,30,128730
BANKNIFTY-III.NFO,17/01/2025,09:22:17,49697,49680,30,49696.05,180,0,128730
BANKNIFTY-III.NFO,17/01/2025,09:22:18,49697,49680.05,150,49697,90,0,128730
BANKNIFTY-III.NFO,17/01/2025,09:22:20,49697,49680.05,150,49701.95,150,0,128730
BANKNIFTY-III.NFO,17/01/2025,09:22:22,49697,49680.05,150,49703.65,180,0,128730
BANKNIFTY-III.NFO,17/01/2025,09:22:23,49697,49681.35,180,49707.25,30,0,128730
BANKNIFTY-III.NFO,17/01/2025,09:22:25,49697,49680.35,180,49703.65,30,0,128730
BANKNIFTY-III.NFO,17/01/2025,09:22:27,49697,49680.05,150,49703.35,60,0,128730
BANKNIFTY-III.NFO,17/01/2025,09:22:28,49697,49680,30,49697.7,90,0,128730
BANKNIFTY-III.NFO,17/01/2025,09:22:30,49697,49680,30,49685.05,30,0,128730
BANKNIFTY-III.NFO,17/01/2025,09:22:32,49685.5,49654.15,150,49677.65,90,30,128730
BANKNIFTY-III.NFO,17/01/2025,09:22:33,49685.5,49653,180,49676.4,30,0,128730
BANKNIFTY-III.NFO,17/01/2025,09:22:35,49685.5,49650.2,120,49674.95,60,0,128730
BANKNIFTY-III.NFO,17/01/2025,09:22:37,49685.5,49650.05,150,49671.3,60,0,128730
BANKNIFTY-III.NFO,17/01/2025,09:22:38,49685.5,49650.05,120,49666.95,30,0,128730
BANKNIFTY-III.NFO,17/01/2025,09:22:40,49685.5,49650.05,150,49671.35,30,0,128730
BANKNIFTY-III.NFO,17/01/2025,09:22:42,49685.5,49650,90,49667.5,30,0,128730
BANKNIFTY-III.NFO,17/01/2025,09:22:43,49667.5,49651.8,180,49679.5,30,30,128730
BANKNIFTY-III.NFO,17/01/2025,09:22:45,49667.5,49654.3,180,49685.5,30,0,128730
BANKNIFTY-III.NFO,17/01/2025,09:22:47,49667.5,49651.8,180,49680.9,60,0,128730
BANKNIFTY-III.NFO,17/01/2025,09:22:48,49667.5,49655.05,180,49684.9,60,0,128730
BANKNIFTY-III.NFO,17/01/2025,09:22:50,49667.5,49651.8,180,49677.7,60,0,128730
BANKNIFTY-III.NFO,17/01/2025,09:22:52,49667.5,49650.1,180,49677.65,60,0,128730
BANKNIFTY-III.NFO,17/01/2025,09:22:53,49667.5,49650.1,180,49674.1,30,0,128730
BANKNIFTY-III.NFO,17/01/2025,09:22:55,49667.5,49650.1,180,49678.15,60,0,128730
BANKNIFTY-III.NFO,17/01/2025,09:22:57,49667.5,49650.05,150,49671.05,180,0,128730
BANKNIFTY-III.NFO,17/01/2025,09:22:58,49667.5,49650,60,49665.6,90,0,128730
BANKNIFTY-III.NFO,17/01/2025,09:23:00,49667.5,49650,60,49656.95,180,0,128730
BANKNIFTY-III.NFO,17/01/2025,09:23:02,49650,49632,30,49647.75,240,60,128730
BANKNIFTY-III.NFO,17/01/2025,09:23:03,49650,49632.05,120,49650,180,0,128730
BANKNIFTY-III.NFO,17/01/2025,09:23:05,49650,49632,30,49649.95,60,0,128730
BANKNIFTY-III.NFO,17/01/2025,09:23:07,49650,49632.05,120,49650,180,0,128730
BANKNIFTY-III.NFO,17/01/2025,09:23:08,49650,49632,30,49645.65,30,0,128730
BANKNIFTY-III.NFO,17/01/2025,09:23:10,49650,49632.05,120,49650,180,0,128730
BANKNIFTY-III.NFO,17/01/2025,09:23:12,49650,49632,30,49648.55,180,0,128730
BANKNIFTY-III.NFO,17/01/2025,09:23:13,49646.35,49622.05,120,49645.2,180,60,128730
BANKNIFTY-III.NFO,17/01/2025,09:23:15,49646.35,49622.05,150,49644,30,0,128730
BANKNIFTY-III.NFO,17/01/2025,09:23:17,49646.35,49622.05,150,49644.45,30,0,128730
BANKNIFTY-III.NFO,17/01/2025,09:23:18,49646.35,49622.05,150,49643.6,90,0,128730
BANKNIFTY-III.NFO,17/01/2025,09:23:20,49646.35,49622.05,150,49642.8,30,0,128730
BANKNIFTY-III.NFO,17/01/2025,09:23:22,49646.35,49622.05,150,49643.95,30,0,128730
BANKNIFTY-III.NFO,17/01/2025,09:23:24,49646.35,49622.45,180,49647.15,30,0,128730
BANKNIFTY-III.NFO,17/01/2025,09:23:25,49646.35,49622.05,150,49642.25,30,0,128730
BANKNIFTY-III.NFO,17/01/2025,09:23:27,49640.6,49618.25,150,49638.8,30,90,128730
BANKNIFTY-III.NFO,17/01/2025,09:23:29,49640.6,49618.25,210,49641.1,30,0,128730
BANKNIFTY-III.NFO,17/01/2025,09:23:30,49618.25,49618.25,210,49641.05,30,30,128730
BANKNIFTY-III.NFO,17/01/2025,09:23:30,49618.25,49618.25,210,49641.05,30,0,128730
BANKNIFTY-III.NFO,17/01/2025,09:23:32,49618.25,49618.3,120,49643.2,30,0,128730
BANKNIFTY-III.NFO,17/01/2025,09:23:34,49618.25,49618.25,210,49641.9,30,0,128730
BANKNIFTY-III.NFO,17/01/2025,09:23:37,49618.25,49612.1,120,49618.25,90,0,128730
BANKNIFTY-III.NFO,17/01/2025,09:23:39,49618.25,49611.05,120,49618.25,90,0,128730
BANKNIFTY-III.NFO,17/01/2025,09:23:42,49618.25,49611.05,120,49618.25,60,30,128730
BANKNIFTY-III.NFO,17/01/2025,09:23:43,49618.25,49611,30,49618.25,60,0,128730
BANKNIFTY-III.NFO,17/01/2025,09:23:48,49618.25,49611.05,120,49618.25,60,0,128730
BANKNIFTY-III.NFO,17/01/2025,09:23:50,49615,49611.95,120,49615,120,30,128730
BANKNIFTY-III.NFO,17/01/2025,09:23:50,49615,49611.95,120,49615,120,0,128730
BANKNIFTY-III.NFO,17/01/2025,09:23:52,49618.25,49616.5,210,49641.6,30,180,128730
BANKNIFTY-III.NFO,17/01/2025,09:23:53,49618.25,49613.35,120,49635.1,90,0,128730
BANKNIFTY-III.NFO,17/01/2025,09:23:55,49618.25,49616.65,210,49638.6,30,0,128730
BANKNIFTY-III.NFO,17/01/2025,09:23:57,49618.25,49613.25,150,49633.75,30,0,128730
BANKNIFTY-III.NFO,17/01/2025,09:23:58,49609.2,49609.9,180,49632.25,180,450,128730
BANKNIFTY-III.NFO,17/01/2025,09:23:58,49609.2,49609.9,180,49632.25,180,0,128730
BANKNIFTY-III.NFO,17/01/2025,09:24:00,49609.2,49608.9,120,49629.85,120,0,128730
BANKNIFTY-III.NFO,17/01/2025,09:24:02,49609.2,49603.05,120,49624.7,120,0,128730
BANKNIFTY-III.NFO,17/01/2025,09:24:03,49609.2,49605,180,49625.4,120,0,128730
BANKNIFTY-III.NFO,17/01/2025,09:24:05,49609.2,49606.4,180,49628.25,120,0,128730
BANKNIFTY-III.NFO,17/01/2025,09:24:07,49609.2,49603.7,90,49626.1,120,0,128730
BANKNIFTY-III.NFO,17/01/2025,09:24:08,49609.2,49605.25,180,49626.1,120,0,128730
BANKNIFTY-III.NFO,17/01/2025,09:24:10,49609.2,49603,120,49618.75,120,0,128730
BANKNIFTY-III.NFO,17/01/2025,09:24:12,49609.2,49603,120,49621.95,210,0,128730
BANKNIFTY-III.NFO,17/01/2025,09:24:13,49609.2,49603,120,49615.25,120,0,128730
BANKNIFTY-III.NFO,17/01/2025,09:24:15,49609.2,49603,120,49613.15,150,0,128730
BANKNIFTY-III.NFO,17/01/2025,09:24:17,49609.2,49603,120,49611.9,120,0,128730
BANKNIFTY-III.NFO,17/01/2025,09:24:18,49609.2,49603,120,49617.1,150,0,128730
BANKNIFTY-III.NFO,17/01/2025,09:24:20,49609.2,49603,120,49622.65,150,0,128730
BANKNIFTY-III.NFO,17/01/2025,09:24:22,49609.2,49603.05,180,49626.75,120,0,128730
BANKNIFTY-III.NFO,17/01/2025,09:24:23,49609.2,49606.9,150,49634.85,120,0,128730
BANKNIFTY-III.NFO,17/01/2025,09:24:25,49609.2,49606.9,180,49629.95,120,0,128730
BANKNIFTY-III.NFO,17/01/2025,09:24:27,49609.2,49603,120,49609.2,60,0,128730
BANKNIFTY-III.NFO,17/01/2025,09:24:35,49609.2,49603,120,49609.15,120,30,128730
BANKNIFTY-III.NFO,17/01/2025,09:24:37,49600,49600,240,49604.55,120,150,128730
BANKNIFTY-III.NFO,17/01/2025,09:24:37,49600,49600,240,49604.55,120,0,128730
BANKNIFTY-III.NFO,17/01/2025,09:24:38,49600,49600,270,49606.15,150,0,128730
BANKNIFTY-III.NFO,17/01/2025,09:24:40,49600,49600,270,49609.2,60,0,128730
BANKNIFTY-III.NFO,17/01/2025,09:24:42,49600,49600,240,49609.2,60,60,128850
BANKNIFTY-III.NFO,17/01/2025,09:24:43,49600,49600.05,150,49609.2,60,0,128850
BANKNIFTY-III.NFO,17/01/2025,09:24:47,49600,49601.65,150,49609.2,60,0,128850
BANKNIFTY-III.NFO,17/01/2025,09:24:48,49609.2,49604.15,150,49627.55,120,60,128850
BANKNIFTY-III.NFO,17/01/2025,09:24:50,49609.2,49606.9,150,49629.25,120,0,128850
BANKNIFTY-III.NFO,17/01/2025,09:24:52,49609.2,49606.9,180,49625.35,150,0,128850
BANKNIFTY-III.NFO,17/01/2025,09:24:53,49609.2,49601.7,150,49624.15,30,0,128850
BANKNIFTY-III.NFO,17/01/2025,09:24:55,49609.2,49602.3,150,49629.25,120,0,128850
BANKNIFTY-III.NFO,17/01/2025,09:24:57,49609.2,49603.9,180,49624.3,120,0,128850
BANKNIFTY-III.NFO,17/01/2025,09:24:58,49609.2,49610.05,180,49629.5,150,0,128850
BANKNIFTY-III.NFO,17/01/2025,09:25:00,49609.2,49610.05,180,49633.65,120,0,128850
BANKNIFTY-III.NFO,17/01/2025,09:25:02,49609.2,49610.05,180,49634.25,150,0,128850
BANKNIFTY-III.NFO,17/01/2025,09:25:05,49609.2,49610.05,90,49626.35,120,0,128850
BANKNIFTY-III.NFO,17/01/2025,09:25:07,49609.2,49610,30,49625.05,120,0,128850
BANKNIFTY-III.NFO,17/01/2025,09:25:08,49609.2,49610.05,180,49630.65,150,0,128850
BANKNIFTY-III.NFO,17/01/2025,09:25:10,49609.2,49618.1,150,49644.1,120,0,128850
BANKNIFTY-III.NFO,17/01/2025,09:25:12,49609.2,49618.1,180,49637.35,150,0,128850
BANKNIFTY-III.NFO,17/01/2025,09:25:13,49609.2,49612.15,180,49631.65,150,0,128850
BANKNIFTY-III.NFO,17/01/2025,09:25:15,49626,49610.05,120,49626.9,120,60,128850
BANKNIFTY-III.NFO,17/01/2025,09:25:17,49626,49610.05,210,49634.5,90,0,128850
BANKNIFTY-III.NFO,17/01/2025,09:25:18,49626,49611.9,180,49638.55,90,0,128850
BANKNIFTY-III.NFO,17/01/2025,09:25:20,49626,49610.05,120,49628,120,0,128850
BANKNIFTY-III.NFO,17/01/2025,09:25:21,49626,49610,30,49624.6,120,0,128850
BANKNIFTY-III.NFO,17/01/2025,09:25:23,49626,49610,30,49621.6,90,0,128850
BANKNIFTY-III.NFO,17/01/2025,09:25:25,49626,49610,30,49622.75,120,0,128850
BANKNIFTY-III.NFO,17/01/2025,09:25:27,49626,49612,120,49622.9,90,0,128850
BANKNIFTY-III.NFO,17/01/2025,09:25:28,49626,49612,120,49624.55,90,0,128850
BANKNIFTY-III.NFO,17/01/2025,09:25:30,49626,49612,180,49628.9,390,0,128850
BANKNIFTY-III.NFO,17/01/2025,09:25:32,49626,49612.05,210,49636.05,90,0,128850
BANKNIFTY-III.NFO,17/01/2025,09:25:33,49626,49620.7,180,49644.6,90,0,128850
BANKNIFTY-III.NFO,17/01/2025,09:25:35,49626,49621.9,180,49649.8,90,0,128850
BANKNIFTY-III.NFO,17/01/2025,09:25:37,49622,49625.55,120,49649.8,120,90,128850
BANKNIFTY-III.NFO,17/01/2025,09:25:38,49622,49625.55,120,49649.8,120,0,128850
BANKNIFTY-III.NFO,17/01/2025,09:25:40,49622,49620.7,150,49642.9,120,0,128850
BANKNIFTY-III.NFO,17/01/2025,09:25:41,49622,49619.95,120,49641.85,150,0,128850
BANKNIFTY-III.NFO,17/01/2025,09:25:43,49622,49626.05,90,49645.4,150,0,128850
BANKNIFTY-III.NFO,17/01/2025,09:25:46,49622,49626,90,49636.2,120,0,128850
BANKNIFTY-III.NFO,17/01/2025,09:25:48,49622,49626,90,49637.55,120,0,128850
BANKNIFTY-III.NFO,17/01/2025,09:25:50,49622,49626,90,49637.15,120,0,128850
BANKNIFTY-III.NFO,17/01/2025,09:25:51,49622,49626,90,49633.5,120,0,128850
BANKNIFTY-III.NFO,17/01/2025,09:25:53,49622,49626,90,49631.55,120,0,128850
BANKNIFTY-III.NFO,17/01/2025,09:25:55,49622,49626,90,49633.95,120,0,128850
BANKNIFTY-III.NFO,17/01/2025,09:25:56,49622,49626,90,49631.05,120,0,128850
BANKNIFTY-III.NFO,17/01/2025,09:26:00,49630,49626,90,49631.3,120,30,128850
BANKNIFTY-III.NFO,17/01/2025,09:26:01,49630,49626,150,49631.4,120,0,128850
BANKNIFTY-III.NFO,17/01/2025,09:26:03,49626,49612.05,90,49627.9,120,150,128850
BANKNIFTY-III.NFO,17/01/2025,09:26:04,49626,49612.05,60,49627.8,120,0,128850
BANKNIFTY-III.NFO,17/01/2025,09:26:06,49626,49612.05,150,49636.25,120,0,128850
BANKNIFTY-III.NFO,17/01/2025,09:26:08,49626,49627,90,49638.65,150,0,128850
BANKNIFTY-III.NFO,17/01/2025,09:26:09,49626,49627.05,150,49649.15,120,0,128850
BANKNIFTY-III.NFO,17/01/2025,09:26:11,49626,49628.6,120,49649.2,150,0,128850
BANKNIFTY-III.NFO,17/01/2025,09:26:13,49626,49628.6,270,49651.05,150,0,128850
BANKNIFTY-III.NFO,17/01/2025,09:26:14,49626,49628.85,150,49648.3,150,0,128850
BANKNIFTY-III.NFO,17/01/2025,09:26:16,49626,49628.85,150,49647.85,150,0,128850
BANKNIFTY-III.NFO,17/01/2025,09:26:18,49626,49627.05,150,49648.8,150,0,128850
BANKNIFTY-III.NFO,17/01/2025,09:26:19,49626,49627.05,90,49645.65,150,0,128850
BANKNIFTY-III.NFO,17/01/2025,09:26:21,49645.8,49627.1,180,49645.8,150,30,128850
BANKNIFTY-III.NFO,17/01/2025,09:26:23,49645.8,49627.05,180,49648.6,150,0,128850
BANKNIFTY-III.NFO,17/01/2025,09:26:24,49645.8,49627.05,120,49645.45,150,0,128850
BANKNIFTY-III.NFO,17/01/2025,09:26:26,49645.8,49627,90,49635.2,150,0,128850
BANKNIFTY-III.NFO,17/01/2025,09:26:28,49626,49612.05,150,49629.35,60,120,128850
BANKNIFTY-III.NFO,17/01/2025,09:26:29,49626,49612,120,49626.05,90,0,128850
BANKNIFTY-III.NFO,17/01/2025,09:26:31,49626,49612,120,49620.6,90,0,128850
BANKNIFTY-III.NFO,17/01/2025,09:26:33,49626,49612,120,49618.45,60,0,128850
BANKNIFTY-III.NFO,17/01/2025,09:26:34,49626,49612.05,120,49626.85,90,0,128850
BANKNIFTY-III.NFO,17/01/2025,09:26:36,49626,49612,120,49623.2,60,0,128850
BANKNIFTY-III.NFO,17/01/2025,09:26:38,49626,49612,120,49622.85,60,0,128850
BANKNIFTY-III.NFO,17/01/2025,09:26:39,49614.25,49612.05,90,49627.35,120,120,128850
BANKNIFTY-III.NFO,17/01/2025,09:26:41,49614.25,49612,120,49626.3,120,0,128850
BANKNIFTY-III.NFO,17/01/2025,09:26:43,49614.25,49612,120,49621.9,120,0,128850
BANKNIFTY-III.NFO,17/01/2025,09:26:44,49614.25,49612,120,49619.85,120,0,128850
BANKNIFTY-III.NFO,17/01/2025,09:26:46,49614.25,49612,120,49618.45,120,0,128850
BANKNIFTY-III.NFO,17/01/2025,09:26:48,49614.25,49602,180,49621.25,150,0,128850
BANKNIFTY-III.NFO,17/01/2025,09:26:49,49614.25,49602,180,49621.75,120,0,128850
BANKNIFTY-III.NFO,17/01/2025,09:26:51,49614.25,49602,180,49622.65,150,0,128850
BANKNIFTY-III.NFO,17/01/2025,09:26:53,49605.45,49605.45,150,49629.4,120,30,128850
BANKNIFTY-III.NFO,17/01/2025,09:26:54,49605.45,49607.75,120,49630.5,150,0,128850
BANKNIFTY-III.NFO,17/01/2025,09:26:56,49605.45,49607.75,150,49630.45,150,0,128850
BANKNIFTY-III.NFO,17/01/2025,09:26:58,49605.45,49615.75,120,49640.85,120,0,128850
BANKNIFTY-III.NFO,17/01/2025,09:26:59,49605.45,49626.25,120,49649.25,150,0,128850
BANKNIFTY-III.NFO,17/01/2025,09:27:01,49605.45,49630.5,120,49651.45,150,0,128850
BANKNIFTY-III.NFO,17/01/2025,09:27:03,49605.45,49630.5,150,49651.2,120,0,128850
BANKNIFTY-III.NFO,17/01/2025,09:27:04,49605.45,49630.5,150,49650.8,150,0,128850
BANKNIFTY-III.NFO,17/01/2025,09:27:08,49605.45,49622.3,150,49643.55,120,0,128850
BANKNIFTY-III.NFO,17/01/2025,09:27:09,49605.45,49622.9,120,49648.2,120,0,128850
BANKNIFTY-III.NFO,17/01/2025,09:27:11,49623.2,49626.8,90,49648.8,120,30,128850
BANKNIFTY-III.NFO,17/01/2025,09:27:13,49623.2,49626.9,60,49645.85,150,0,128850
BANKNIFTY-III.NFO,17/01/2025,09:27:14,49618.75,49618.7,30,49638.85,150,30,128850
BANKNIFTY-III.NFO,17/01/2025,09:27:16,49618.75,49616.05,90,49636.85,150,0,128850
BANKNIFTY-III.NFO,17/01/2025,09:27:18,49618.75,49613.55,90,49633.9,150,0,128850
BANKNIFTY-III.NFO,17/01/2025,09:27:19,49618.75,49611.15,90,49632.2,150,0,128850
BANKNIFTY-III.NFO,17/01/2025,09:27:24,49618.75,49608.7,90,49630.95,120,0,128850
BANKNIFTY-III.NFO,17/01/2025,09:27:26,49618.75,49612.4,390,49634.65,120,0,128850
BANKNIFTY-III.NFO,17/01/2025,09:27:28,49618.75,49615,90,49638.3,150,180,128850
BANKNIFTY-III.NFO,17/01/2025,09:27:29,49618.75,49615.05,120,49640.1,120,0,128850
BANKNIFTY-III.NFO,17/01/2025,09:27:31,49618.75,49617.1,90,49640.7,120,0,128850
BANKNIFTY-III.NFO,17/01/2025,09:27:33,49618.75,49610.8,90,49632.95,120,0,128850
BANKNIFTY-III.NFO,17/01/2025,09:27:34,49618.75,49605.9,30,49628.65,120,0,128850
BANKNIFTY-III.NFO,17/01/2025,09:27:36,49618.75,49607.45,90,49630.15,150,0,128850
BANKNIFTY-III.NFO,17/01/2025,09:27:38,49618.75,49605.45,120,49627.2,120,0,128850
BANKNIFTY-III.NFO,17/01/2025,09:27:40,49618.75,49630,30,49634,150,0,128850
BANKNIFTY-III.NFO,17/01/2025,09:27:41,49618.75,49630,30,49639.2,150,0,128850
BANKNIFTY-III.NFO,17/01/2025,09:27:43,49618.75,49630,30,49638.4,120,0,128850
BANKNIFTY-III.NFO,17/01/2025,09:27:45,49618.75,49630,30,49644.5,150,0,128850
BANKNIFTY-III.NFO,17/01/2025,09:27:46,49618.75,49630,30,49644.3,150,0,128850
BANKNIFTY-III.NFO,17/01/2025,09:27:48,49618.75,49630,30,49640.05,150,0,128850
BANKNIFTY-III.NFO,17/01/2025,09:27:50,49640,49618.75,180,49640.15,150,30,128850
BANKNIFTY-III.NFO,17/01/2025,09:27:51,49640,49618.75,240,49639.7,120,0,128790
BANKNIFTY-III.NFO,17/01/2025,09:27:53,49640,49635,30,49641.05,120,0,128790
BANKNIFTY-III.NFO,17/01/2025,09:27:55,49640,49635,30,49641,120,0,128790
BANKNIFTY-III.NFO,17/01/2025,09:27:56,49640,49635,30,49648.6,150,0,128790
BANKNIFTY-III.NFO,17/01/2025,09:27:58,49640,49635,30,49642.15,120,0,128790
BANKNIFTY-III.NFO,17/01/2025,09:28:00,49640,49635,30,49636.75,120,0,128790
BANKNIFTY-III.NFO,17/01/2025,09:28:01,49635,49618.75,150,49634.35,120,30,128790
BANKNIFTY-III.NFO,17/01/2025,09:28:03,49635,49618.75,180,49634.05,120,0,128790
BANKNIFTY-III.NFO,17/01/2025,09:28:05,49635,49618.75,150,49633.8,120,0,128790
BANKNIFTY-III.NFO,17/01/2025,09:28:06,49633.5,49618.75,210,49633.6,120,240,128790
BANKNIFTY-III.NFO,17/01/2025,09:28:08,49633.5,49618.75,150,49635.55,120,0,128790
BANKNIFTY-III.NFO,17/01/2025,09:28:10,49633.5,49618.75,150,49633.8,120,0,128790
BANKNIFTY-III.NFO,17/01/2025,09:28:11,49633.5,49618.8,210,49636.55,120,0,128790
BANKNIFTY-III.NFO,17/01/2025,09:28:13,49633.5,49618.8,210,49640.1,150,0,128790
BANKNIFTY-III.NFO,17/01/2025,09:28:15,49633.5,49618.8,210,49638.3,150,0,128790
BANKNIFTY-III.NFO,17/01/2025,09:28:16,49633.5,49618.8,210,49637.2,150,0,128790
BANKNIFTY-III.NFO,17/01/2025,09:28:18,49633.5,49618.75,150,49633.9,120,0,128790
BANKNIFTY-III.NFO,17/01/2025,09:28:19,49633.5,49618.8,120,49633.65,120,0,128790
BANKNIFTY-III.NFO,17/01/2025,09:28:21,49633.5,49618.8,210,49635.05,120,0,128790
BANKNIFTY-III.NFO,17/01/2025,09:28:23,49633.5,49618.8,210,49638.2,150,0,128790
BANKNIFTY-III.NFO,17/01/2025,09:28:24,49633.5,49618.8,210,49636.85,120,0,128790
BANKNIFTY-III.NFO,17/01/2025,09:28:26,49633.5,49618.8,210,49638,150,0,128790
BANKNIFTY-III.NFO,17/01/2025,09:28:28,49633.5,49619.7,180,49643.1,120,0,128790
BANKNIFTY-III.NFO,17/01/2025,09:28:29,49633.5,49618.8,120,49635.35,120,0,128790
BANKNIFTY-III.NFO,17/01/2025,09:28:31,49633.5,49618.8,210,49640.4,120,0,128790
BANKNIFTY-III.NFO,17/01/2025,09:28:33,49633.5,49618.8,210,49638.95,120,0,128790
BANKNIFTY-III.NFO,17/01/2025,09:28:34,49633.5,49618.8,210,49641.15,120,0,128790
BANKNIFTY-III.NFO,17/01/2025,09:28:36,49633.5,49620.05,180,49642.45,120,0,128790
BANKNIFTY-III.NFO,17/01/2025,09:28:38,49633.5,49624.95,180,49647.55,120,0,128790
BANKNIFTY-III.NFO,17/01/2025,09:28:39,49633.5,49624.95,180,49653.4,120,0,128790
BANKNIFTY-III.NFO,17/01/2025,09:28:41,49633.5,49633,180,49656.25,150,0,128790
BANKNIFTY-III.NFO,17/01/2025,09:28:43,49656.25,49627.9,210,49648.15,120,30,128790
BANKNIFTY-III.NFO,17/01/2025,09:28:44,49656.25,49627.9,210,49650.75,150,0,128790
BANKNIFTY-III.NFO,17/01/2025,09:28:46,49656.25,49627.9,210,49647.25,120,0,128790
BANKNIFTY-III.NFO,17/01/2025,09:28:48,49646.55,49624.95,210,49645.6,60,30,128790
BANKNIFTY-III.NFO,17/01/2025,09:28:49,49646.55,49618.8,210,49638.1,90,0,128790
BANKNIFTY-III.NFO,17/01/2025,09:28:51,49646.55,49618.75,150,49635.65,60,0,128790
BANKNIFTY-III.NFO,17/01/2025,09:28:53,49633.7,49618.75,150,49634.2,30,30,128790
BANKNIFTY-III.NFO,17/01/2025,09:28:54,49633.7,49618.75,150,49632.95,60,0,128790
BANKNIFTY-III.NFO,17/01/2025,09:28:56,49633.1,49618.75,150,49634.1,300,30,128790
BANKNIFTY-III.NFO,17/01/2025,09:28:58,49633,49618.75,150,49631.35,30,30,128790
BANKNIFTY-III.NFO,17/01/2025,09:28:59,49633,49618.75,150,49631.75,300,0,128790
BANKNIFTY-III.NFO,17/01/2025,09:29:01,49633,49618.75,150,49627.7,30,0,128790
BANKNIFTY-III.NFO,17/01/2025,09:29:03,49633,49618.75,150,49624.2,60,0,128790
BANKNIFTY-III.NFO,17/01/2025,09:29:04,49623.85,49618.75,150,49623.8,300,30,128790
BANKNIFTY-III.NFO,17/01/2025,09:29:08,49623.85,49618.75,150,49627.45,30,0,128790
BANKNIFTY-III.NFO,17/01/2025,09:29:09,49623.85,49618.75,150,49629.35,300,0,128790
BANKNIFTY-III.NFO,17/01/2025,09:29:11,49623.85,49618.75,150,49629.25,300,0,128790
BANKNIFTY-III.NFO,17/01/2025,09:29:13,49623.85,49618.75,150,49633.35,300,0,128790
BANKNIFTY-III.NFO,17/01/2025,09:29:14,49623.85,49618.8,210,49639.4,30,0,128790
BANKNIFTY-III.NFO,17/01/2025,09:29:16,49623.85,49618.8,210,49641.6,30,0,128790
BANKNIFTY-III.NFO,17/01/2025,09:29:18,49623.85,49621.5,180,49642.25,60,0,128790
BANKNIFTY-III.NFO,17/01/2025,09:29:19,49623.85,49621.5,180,49644.5,60,0,128790
BANKNIFTY-III.NFO,17/01/2025,09:29:21,49623.85,49624.55,180,49645,30,0,128790
BANKNIFTY-III.NFO,17/01/2025,09:29:23,49623.85,49626.15,180,49645,30,0,128790
BANKNIFTY-III.NFO,17/01/2025,09:29:24,49623.85,49628.1,180,49645,30,0,128790
BANKNIFTY-III.NFO,17/01/2025,09:29:26,49645,49639.95,210,49664.05,90,30,128790
BANKNIFTY-III.NFO,17/01/2025,09:29:28,49645,49639.95,210,49662.45,60,0,128790
BANKNIFTY-III.NFO,17/01/2025,09:29:29,49645,49639.95,150,49660.6,60,0,128790
BANKNIFTY-III.NFO,17/01/2025,09:29:31,49645,49635.35,210,49656.25,330,0,128790
BANKNIFTY-III.NFO,17/01/2025,09:29:33,49645,49635.35,210,49657.85,30,0,128790
BANKNIFTY-III.NFO,17/01/2025,09:29:34,49645,49635.35,210,49655.9,30,0,128790
BANKNIFTY-III.NFO,17/01/2025,09:29:36,49645,49635.35,210,49656.5,330,0,128790
BANKNIFTY-III.NFO,17/01/2025,09:29:38,49645,49645,30,49658.95,300,0,128790
BANKNIFTY-III.NFO,17/01/2025,09:29:39,49657.5,49645,30,49658.5,90,90,128790
BANKNIFTY-III.NFO,17/01/2025,09:29:41,49645,49619.55,210,49642.25,30,30,128790
BANKNIFTY-III.NFO,17/01/2025,09:29:43,49645,49619.55,210,49639.2,30,0,128790
BANKNIFTY-III.NFO,17/01/2025,09:29:44,49640.6,49619.55,210,49641.65,330,30,128790
BANKNIFTY-III.NFO,17/01/2025,09:29:46,49640.6,49619.55,210,49642.9,330,0,128790
BANKNIFTY-III.NFO,17/01/2025,09:29:48,49640.6,49618.75,150,49633.85,300,0,128790
BANKNIFTY-III.NFO,17/01/2025,09:29:49,49640.6,49618.75,150,49632.8,300,0,128790
BANKNIFTY-III.NFO,17/01/2025,09:29:51,49640.6,49618.75,150,49632.6,120,0,128790
BANKNIFTY-III.NFO,17/01/2025,09:29:53,49640.6,49618.75,150,49628.95,60,0,128790
BANKNIFTY-III.NFO,17/01/2025,09:29:54,49640.6,49618.75,150,49631.7,300,0,128790
BANKNIFTY-III.NFO,17/01/2025,09:29:56,49618.75,49618.75,120,49632.4,300,30,128790
BANKNIFTY-III.NFO,17/01/2025,09:29:58,49618.75,49618.75,120,49629.9,300,0,128790
BANKNIFTY-III.NFO,17/01/2025,09:29:59,49618.75,49618.75,120,49631.9,300,0,128790
BANKNIFTY-III.NFO,17/01/2025,09:30:01,49618.8,49618.8,210,49637.3,60,30,128790
BANKNIFTY-III.NFO,17/01/2025,09:30:03,49618.8,49618.75,120,49627.2,30,0,128790
BANKNIFTY-III.NFO,17/01/2025,09:30:04,49618.8,49618.75,120,49627.3,30,0,128790
BANKNIFTY-III.NFO,17/01/2025,09:30:06,49618.8,49618.75,120,49623.95,30,0,128790
BANKNIFTY-III.NFO,17/01/2025,09:30:08,49618.75,49615,30,49619,30,120,128790
BANKNIFTY-III.NFO,17/01/2025,09:30:10,49610.05,49605,30,49608.4,30,90,128790
BANKNIFTY-III.NFO,17/01/2025,09:30:11,49610.05,49605,30,49605.7,60,0,128790
BANKNIFTY-III.NFO,17/01/2025,09:30:13,49600,49600,390,49603.35,30,240,128790
BANKNIFTY-III.NFO,17/01/2025,09:30:15,49600,49600,390,49603.8,30,0,128790
BANKNIFTY-III.NFO,17/01/2025,09:30:16,49600,49600,390,49604.55,60,0,128790
BANKNIFTY-III.NFO,17/01/2025,09:30:18,49600,49600,390,49607.55,210,0,128790
BANKNIFTY-III.NFO,17/01/2025,09:30:20,49600,49600.05,210,49616.55,30,0,128790
BANKNIFTY-III.NFO,17/01/2025,09:30:21,49600,49600,390,49609.15,210,0,128790
BANKNIFTY-III.NFO,17/01/2025,09:30:23,49600,49600,390,49612.05,30,0,128790
BANKNIFTY-III.NFO,17/01/2025,09:30:25,49600,49600.05,210,49616.6,30,0,128790
BANKNIFTY-III.NFO,17/01/2025,09:30:26,49600,49600,390,49611.05,210,0,128790
BANKNIFTY-III.NFO,17/01/2025,09:30:28,49600,49600.05,210,49624.65,30,0,128790
BANKNIFTY-III.NFO,17/01/2025,09:30:30,49600,49601.3,180,49631.8,30,0,128790
BANKNIFTY-III.NFO,17/01/2025,09:30:31,49600,49607.15,180,49631,30,0,128790
BANKNIFTY-III.NFO,17/01/2025,09:30:33,49600,49607.15,180,49629.85,30,0,128790
BANKNIFTY-III.NFO,17/01/2025,09:30:35,49600,49615.1,180,49638.85,30,0,128790
BANKNIFTY-III.NFO,17/01/2025,09:30:36,49600,49615.1,180,49636.9,30,0,128790
BANKNIFTY-III.NFO,17/01/2025,09:30:38,49614.75,49604.5,90,49618.8,210,210,128790
BANKNIFTY-III.NFO,17/01/2025,09:30:40,49614.75,49604.5,180,49631.1,120,0,128790
BANKNIFTY-III.NFO,17/01/2025,09:30:41,49614.75,49605.45,150,49629.85,120,0,128790
BANKNIFTY-III.NFO,17/01/2025,09:30:43,49614.75,49609.55,150,49637.5,120,0,128790
BANKNIFTY-III.NFO,17/01/2025,09:30:45,49614.75,49614.2,150,49636.85,120,0,128790
BANKNIFTY-III.NFO,17/01/2025,09:30:46,49636.65,49613.45,150,49629.9,120,30,128430
BANKNIFTY-III.NFO,17/01/2025,09:30:48,49636.65,49607.55,210,49623.9,120,0,128430
BANKNIFTY-III.NFO,17/01/2025,09:30:50,49636.65,49607.05,210,49623.3,120,0,128430
BANKNIFTY-III.NFO,17/01/2025,09:30:51,49636.65,49607.05,210,49628.6,120,0,128430
BANKNIFTY-III.NFO,17/01/2025,09:30:53,49636.65,49610.75,180,49635.4,120,0,128430
BANKNIFTY-III.NFO,17/01/2025,09:30:55,49636.65,49610.75,210,49633.8,120,0,128430
BANKNIFTY-III.NFO,17/01/2025,09:30:56,49636.65,49612.6,180,49635.5,120,0,128430
BANKNIFTY-III.NFO,17/01/2025,09:30:58,49636.65,49621,180,49649.9,30,0,128430
BANKNIFTY-III.NFO,17/01/2025,09:31:00,49636.65,49622.7,210,49646.75,120,0,128430
BANKNIFTY-III.NFO,17/01/2025,09:31:01,49636.65,49622.7,210,49644,120,0,128430
BANKNIFTY-III.NFO,17/01/2025,09:31:03,49636.65,49616.95,180,49639.75,120,0,128430
BANKNIFTY-III.NFO,17/01/2025,09:31:05,49636.65,49619.75,210,49641.35,120,0,128430
BANKNIFTY-III.NFO,17/01/2025,09:31:06,49636.65,49616.55,210,49635.75,150,0,128430
BANKNIFTY-III.NFO,17/01/2025,09:31:08,49636.65,49618.3,180,49641.65,120,0,128430
BANKNIFTY-III.NFO,17/01/2025,09:31:10,49636.65,49627.35,210,49646.8,150,0,128430
BANKNIFTY-III.NFO,17/01/2025,09:31:11,49636.65,49628.65,180,49650.7,120,0,128430
BANKNIFTY-III.NFO,17/01/2025,09:31:13,49636.65,49636.7,150,49655.05,150,0,128430
BANKNIFTY-III.NFO,17/01/2025,09:31:15,49636.65,49636.65,90,49649.95,150,0,128430
BANKNIFTY-III.NFO,17/01/2025,09:31:16,49636.65,49636.65,90,49648.05,120,0,128430
BANKNIFTY-III.NFO,17/01/2025,09:31:18,49636.65,49636.65,90,49643.3,150,0,128430
BANKNIFTY-III.NFO,17/01/2025,09:31:20,49636.65,49636.65,90,49651.4,120,0,128430
BANKNIFTY-III.NFO,17/01/2025,09:31:21,49636.65,49636.65,120,49646.3,120,0,128430
BANKNIFTY-III.NFO,17/01/2025,09:31:23,49636.65,49636.65,120,49646.5,120,0,128430
BANKNIFTY-III.NFO,17/01/2025,09:31:25,49636.65,49636.65,120,49649.1,120,0,128430
BANKNIFTY-III.NFO,17/01/2025,09:31:26,49636.65,49636.65,120,49643.85,150,0,128430
BANKNIFTY-III.NFO,17/01/2025,09:31:28,49636.65,49640,30,49649.7,120,0,128430
BANKNIFTY-III.NFO,17/01/2025,09:31:30,49636.65,49640,30,49649.85,120,0,128430
BANKNIFTY-III.NFO,17/01/2025,09:31:31,49636.65,49640,30,49641.15,120,0,128430
BANKNIFTY-III.NFO,17/01/2025,09:31:33,49640,49636.65,120,49642,120,30,128430
BANKNIFTY-III.NFO,17/01/2025,09:31:35,49636.65,49616.9,210,49638.9,150,120,128430
BANKNIFTY-III.NFO,17/01/2025,09:31:36,49636.65,49616.9,210,49637.5,150,0,128430
BANKNIFTY-III.NFO,17/01/2025,09:31:38,49636.65,49616.9,210,49638.1,120,0,128430
BANKNIFTY-III.NFO,17/01/2025,09:31:40,49636.65,49611.45,210,49631.75,150,0,128430
BANKNIFTY-III.NFO,17/01/2025,09:31:41,49636.65,49611.45,210,49632.85,120,0,128430
BANKNIFTY-III.NFO,17/01/2025,09:31:43,49636.65,49609.35,150,49628.5,150,0,128430
BANKNIFTY-III.NFO,17/01/2025,09:31:45,49636.65,49607.05,210,49623.7,120,0,128430
BANKNIFTY-III.NFO,17/01/2025,09:31:46,49636.65,49607,180,49620.4,120,0,128430
BANKNIFTY-III.NFO,17/01/2025,09:31:48,49636.65,49607.05,210,49623.05,120,0,128430
BANKNIFTY-III.NFO,17/01/2025,09:31:50,49636.65,49607.05,210,49631.3,30,0,128430
BANKNIFTY-III.NFO,17/01/2025,09:31:51,49636.65,49612.15,180,49634.2,150,0,128430
BANKNIFTY-III.NFO,17/01/2025,09:31:53,49636.65,49610.55,180,49631.5,30,0,128430
BANKNIFTY-III.NFO,17/01/2025,09:31:55,49636.65,49613.85,180,49638.4,30,0,128430
BANKNIFTY-III.NFO,17/01/2025,09:31:56,49636.65,49617.45,180,49639.1,150,0,128430
BANKNIFTY-III.NFO,17/01/2025,09:31:58,49636.65,49613.9,210,49634.55,150,0,128430
BANKNIFTY-III.NFO,17/01/2025,09:31:59,49636.65,49617,180,49640.95,120,0,128430
BANKNIFTY-III.NFO,17/01/2025,09:32:01,49636.65,49621.15,180,49645.1,120,0,128430
BANKNIFTY-III.NFO,17/01/2025,09:32:03,49636.65,49625.2,180,49648.3,120,0,128430
BANKNIFTY-III.NFO,17/01/2025,09:32:04,49636.65,49636.7,120,49653.05,150,0,128430
BANKNIFTY-III.NFO,17/01/2025,09:32:06,49636.65,49636.65,60,49648.9,120,0,128430
BANKNIFTY-III.NFO,17/01/2025,09:32:08,49636.65,49636.65,60,49650,120,0,128430
BANKNIFTY-III.NFO,17/01/2025,09:32:09,49636.65,49636.65,90,49647.2,150,0,128430
BANKNIFTY-III.NFO,17/01/2025,09:32:11,49647.6,49636.7,150,49654.95,90,60,128430
BANKNIFTY-III.NFO,17/01/2025,09:32:13,49647.6,49636.65,30,49645.1,60,0,128430
BANKNIFTY-III.NFO,17/01/2025,09:32:14,49647.6,49636.65,30,49647.55,60,0,128430
BANKNIFTY-III.NFO,17/01/2025,09:32:16,49647.6,49636.65,30,49645.45,60,0,128430
BANKNIFTY-III.NFO,17/01/2025,09:32:18,49647.6,49636.65,30,49641.4,60,0,128430
BANKNIFTY-III.NFO,17/01/2025,09:32:19,49636.65,49610.3,210,49631.9,60,30,128430
BANKNIFTY-III.NFO,17/01/2025,09:32:21,49636.65,49607.55,210,49625.05,90,0,128430
BANKNIFTY-III.NFO,17/01/2025,09:32:23,49636.65,49607.55,210,49629.3,90,0,128430
BANKNIFTY-III.NFO,17/01/2025,09:32:24,49636.65,49607.55,210,49627.4,90,0,128430
BANKNIFTY-III.NFO,17/01/2025,09:32:26,49636.65,49607.55,210,49630.2,90,0,128430
BANKNIFTY-III.NFO,17/01/2025,09:32:28,49636.65,49608.6,180,49635.2,60,0,128430
BANKNIFTY-III.NFO,17/01/2025,09:32:29,49636.65,49618.5,180,49636.65,30,0,128430
BANKNIFTY-III.NFO,17/01/2025,09:32:31,49636.65,49619.1,210,49636.65,30,0,128430
BANKNIFTY-III.NFO,17/01/2025,09:32:33,49636.65,49614.05,210,49636,90,0,128430
BANKNIFTY-III.NFO,17/01/2025,09:32:34,49636.65,49614.05,210,49636.6,60,0,128430
BANKNIFTY-III.NFO,17/01/2025,09:32:36,49636.65,49616.95,180,49636.6,60,0,128430
BANKNIFTY-III.NFO,17/01/2025,09:32:38,49636.65,49619.1,180,49636.65,60,0,128430
BANKNIFTY-III.NFO,17/01/2025,09:32:39,49636.65,49612.3,210,49629.95,60,0,128430
BANKNIFTY-III.NFO,17/01/2025,09:32:41,49612.3,49612.3,210,49632.1,120,60,128430
BANKNIFTY-III.NFO,17/01/2025,09:32:43,49612.3,49608.65,210,49629.45,150,0,128430
BANKNIFTY-III.NFO,17/01/2025,09:32:44,49612.3,49609.1,180,49632.3,120,0,128430
BANKNIFTY-III.NFO,17/01/2025,09:32:46,49612.3,49608.65,210,49628.95,150,0,128430
BANKNIFTY-III.NFO,17/01/2025,09:32:47,49612.3,49608.65,210,49629.65,120,0,128430
BANKNIFTY-III.NFO,17/01/2025,09:32:49,49612.3,49608.65,210,49627.05,150,0,128430
BANKNIFTY-III.NFO,17/01/2025,09:32:51,49612.3,49608.65,210,49632.4,120,0,128430
BANKNIFTY-III.NFO,17/01/2025,09:32:52,49612.3,49615.15,180,49636.6,120,0,128430
BANKNIFTY-III.NFO,17/01/2025,09:32:54,49612.3,49610.3,180,49632.8,120,0,128430
BANKNIFTY-III.NFO,17/01/2025,09:32:56,49612.3,49618.7,180,49636.65,60,0,128430
BANKNIFTY-III.NFO,17/01/2025,09:32:57,49612.3,49618.7,210,49636.6,120,0,128430
BANKNIFTY-III.NFO,17/01/2025,09:32:59,49612.3,49618.7,210,49636.65,60,0,128430
BANKNIFTY-III.NFO,17/01/2025,09:33:01,49612.3,49618.7,210,49636.6,120,0,128430
BANKNIFTY-III.NFO,17/01/2025,09:33:02,49612.3,49618.05,210,49636.65,60,0,128430
BANKNIFTY-III.NFO,17/01/2025,09:33:04,49612.3,49622.7,210,49636.65,60,0,128430
BANKNIFTY-III.NFO,17/01/2025,09:33:05,49612.3,49618.8,210,49636.6,120,0,128430
BANKNIFTY-III.NFO,17/01/2025,09:33:09,49612.3,49620.35,210,49636.65,60,0,128430
BANKNIFTY-III.NFO,17/01/2025,09:33:10,49612.3,49624.1,180,49636.65,60,0,128430
BANKNIFTY-III.NFO,17/01/2025,09:33:12,49624.1,49626.85,150,49636.65,60,30,128430
BANKNIFTY-III.NFO,17/01/2025,09:33:13,49624.1,49622.65,150,49636.65,60,0,128430
BANKNIFTY-III.NFO,17/01/2025,09:33:15,49624.1,49613.35,90,49636.3,120,0,128430
BANKNIFTY-III.NFO,17/01/2025,09:33:17,49624.1,49607.05,90,49627.8,150,0,128430
BANKNIFTY-III.NFO,17/01/2025,09:33:18,49624.1,49618.65,150,49636.6,120,0,128430
BANKNIFTY-III.NFO,17/01/2025,09:33:20,49624.1,49618,180,49636.6,150,0,128430
BANKNIFTY-III.NFO,17/01/2025,09:33:22,49624.1,49624.1,90,49636.6,120,0,128430
BANKNIFTY-III.NFO,17/01/2025,09:33:23,49624.1,49624.1,90,49636.6,150,0,128430
BANKNIFTY-III.NFO,17/01/2025,09:33:25,49624.1,49624.1,90,49636.15,210,0,128430
BANKNIFTY-III.NFO,17/01/2025,09:33:26,49624.1,49612.3,90,49625.85,150,90,128430
BANKNIFTY-III.NFO,17/01/2025,09:33:28,49624.1,49612.3,90,49626.85,150,0,128430
BANKNIFTY-III.NFO,17/01/2025,09:33:30,49624.1,49612.3,90,49621.8,120,0,128430
BANKNIFTY-III.NFO,17/01/2025,09:33:31,49624.1,49612.3,90,49623.35,120,0,128430
BANKNIFTY-III.NFO,17/01/2025,09:33:33,49624.1,49612.3,90,49629.85,150,0,128430
BANKNIFTY-III.NFO,17/01/2025,09:33:34,49624.1,49612.3,90,49628.65,120,0,128430
BANKNIFTY-III.NFO,17/01/2025,09:33:36,49624.1,49612.3,90,49628.85,180,0,128430
BANKNIFTY-III.NFO,17/01/2025,09:33:37,49624.1,49612.3,90,49624.45,150,0,128430
BANKNIFTY-III.NFO,17/01/2025,09:33:39,49624.1,49612.3,90,49628.75,120,0,128430
BANKNIFTY-III.NFO,17/01/2025,09:33:41,49624.1,49612.35,180,49632.65,120,0,128430
BANKNIFTY-III.NFO,17/01/2025,09:33:42,49624.1,49612.3,90,49627.6,120,0,128430
BANKNIFTY-III.NFO,17/01/2025,09:33:44,49624.1,49612.35,180,49633.3,120,0,128430
BANKNIFTY-III.NFO,17/01/2025,09:33:46,49624.1,49614.25,150,49636.6,120,0,128430
BANKNIFTY-III.NFO,17/01/2025,09:33:47,49624.1,49617.9,150,49636.65,60,0,128430
BANKNIFTY-III.NFO,17/01/2025,09:33:49,49624.1,49618.25,90,49636.6,120,0,128430
BANKNIFTY-III.NFO,17/01/2025,09:33:50,49624.1,49612.35,180,49632.15,150,0,128430
BANKNIFTY-III.NFO,17/01/2025,09:33:52,49624.1,49612.35,180,49630.45,120,0,128430
BANKNIFTY-III.NFO,17/01/2025,09:33:54,49624.1,49612.7,180,49636.6,120,0,128430
BANKNIFTY-III.NFO,17/01/2025,09:33:55,49624.1,49616.8,150,49636.65,60,0,128430
BANKNIFTY-III.NFO,17/01/2025,09:33:57,49624.1,49620.7,150,49636.65,60,0,128430
BANKNIFTY-III.NFO,17/01/2025,09:33:59,49624.1,49624.15,180,49636.65,60,0,128430
BANKNIFTY-III.NFO,17/01/2025,09:34:00,49624.1,49624.6,180,49636.65,60,0,128430
BANKNIFTY-III.NFO,17/01/2025,09:34:02,49636.65,49629.15,180,49653.95,150,60,128190
BANKNIFTY-III.NFO,17/01/2025,09:34:04,49636.65,49629.65,150,49648.35,150,0,128190
BANKNIFTY-III.NFO,17/01/2025,09:34:05,49636.65,49629.65,180,49650.75,120,0,128190
BANKNIFTY-III.NFO,17/01/2025,09:34:07,49636.65,49630.65,150,49653.5,150,0,128190
BANKNIFTY-III.NFO,17/01/2025,09:34:09,49636.65,49630.95,150,49650.8,150,0,128190
BANKNIFTY-III.NFO,17/01/2025,09:34:10,49636.65,49632.35,150,49653.95,150,0,128190
BANKNIFTY-III.NFO,17/01/2025,09:34:12,49636.65,49636.65,60,49650.55,120,0,128190
BANKNIFTY-III.NFO,17/01/2025,09:34:14,49636.65,49636.7,180,49653.95,120,0,128190
BANKNIFTY-III.NFO,17/01/2025,09:34:15,49636.65,49636.7,120,49653.95,150,0,128190
BANKNIFTY-III.NFO,17/01/2025,09:34:17,49636.65,49636.7,90,49652.15,120,0,128190
BANKNIFTY-III.NFO,17/01/2025,09:34:19,49636.65,49636.7,120,49653.95,150,0,128190
BANKNIFTY-III.NFO,17/01/2025,09:34:20,49636.65,49636.65,60,49644.95,120,0,128190
BANKNIFTY-III.NFO,17/01/2025,09:34:22,49636.65,49636.65,60,49640.55,120,0,128190
BANKNIFTY-III.NFO,17/01/2025,09:34:24,49639.2,49636.65,60,49641.2,120,30,128190
BANKNIFTY-III.NFO,17/01/2025,09:34:25,49642.15,49624.15,210,49646.45,60,60,128190
BANKNIFTY-III.NFO,17/01/2025,09:34:27,49642.15,49624.15,210,49645.25,60,0,128190
BANKNIFTY-III.NFO,17/01/2025,09:34:29,49642.15,49628.7,180,49649.85,90,0,128190
BANKNIFTY-III.NFO,17/01/2025,09:34:31,49642.15,49624.25,180,49646.35,90,0,128190
BANKNIFTY-III.NFO,17/01/2025,09:34:32,49642.15,49626.75,210,49646.05,90,0,128190
BANKNIFTY-III.NFO,17/01/2025,09:34:34,49642.15,49626.75,210,49646.7,90,0,128190
BANKNIFTY-III.NFO,17/01/2025,09:34:36,49642.15,49626.75,210,49649.8,60,0,128190
BANKNIFTY-III.NFO,17/01/2025,09:34:37,49642.15,49628.7,210,49650.2,90,0,128190
BANKNIFTY-III.NFO,17/01/2025,09:34:39,49642.15,49635.2,180,49654,30,0,128190
BANKNIFTY-III.NFO,17/01/2025,09:34:41,49642.15,49638.75,210,49654,30,0,128190
BANKNIFTY-III.NFO,17/01/2025,09:34:44,49642.15,49638.05,210,49654,30,0,128190
BANKNIFTY-III.NFO,17/01/2025,09:34:46,49642.15,49638,30,49653.95,90,0,128190
BANKNIFTY-III.NFO,17/01/2025,09:34:49,49642.15,49638,30,49649.7,60,0,128190
BANKNIFTY-III.NFO,17/01/2025,09:34:51,49642.15,49638,30,49652.7,90,0,128190
BANKNIFTY-III.NFO,17/01/2025,09:34:52,49642.15,49638,30,49643.3,60,0,128190
BANKNIFTY-III.NFO,17/01/2025,09:34:54,49642.15,49638,30,49642.3,60,0,128190
BANKNIFTY-III.NFO,17/01/2025,09:34:59,49642.15,49638,30,49640.4,60,0,128190
BANKNIFTY-III.NFO,17/01/2025,09:35:01,49638,49625,30,49638.8,60,30,128190
BANKNIFTY-III.NFO,17/01/2025,09:35:02,49638,49625,30,49638.7,60,0,128190
BANKNIFTY-III.NFO,17/01/2025,09:35:04,49638,49625,30,49638.35,60,0,128190
BANKNIFTY-III.NFO,17/01/2025,09:35:06,49638,49625,30,49635.55,60,0,128190
BANKNIFTY-III.NFO,17/01/2025,09:35:07,49621,49612.3,90,49619.15,60,90,128190
BANKNIFTY-III.NFO,17/01/2025,09:35:09,49621,49612.3,90,49622.2,60,0,128190
BANKNIFTY-III.NFO,17/01/2025,09:35:10,49621,49612.3,90,49621.85,60,0,128190
BANKNIFTY-III.NFO,17/01/2025,09:35:12,49621,49612.3,90,49618.45,60,0,128190
BANKNIFTY-III.NFO,17/01/2025,09:35:14,49621,49612.3,90,49619.95,60,0,128190
BANKNIFTY-III.NFO,17/01/2025,09:35:15,49621,49612.3,90,49619.25,60,0,128190
BANKNIFTY-III.NFO,17/01/2025,09:35:17,49621,49612.3,90,49617.25,90,0,128190
BANKNIFTY-III.NFO,17/01/2025,09:35:19,49621,49612.3,90,49617.4,90,0,128190
BANKNIFTY-III.NFO,17/01/2025,09:35:20,49621,49612.3,90,49615.4,60,0,128190
BANKNIFTY-III.NFO,17/01/2025,09:35:22,49612,49612,30,49612.05,90,270,128190
BANKNIFTY-III.NFO,17/01/2025,09:35:23,49607,49607,90,49609.9,60,120,128190
BANKNIFTY-III.NFO,17/01/2025,09:35:25,49607,49601,150,49610.2,30,90,128190
BANKNIFTY-III.NFO,17/01/2025,09:35:27,49607,49601,150,49609.5,60,0,128190
BANKNIFTY-III.NFO,17/01/2025,09:35:28,49607,49601,150,49609.1,30,0,128190
BANKNIFTY-III.NFO,17/01/2025,09:35:30,49607,49601,150,49609,30,0,128190
BANKNIFTY-III.NFO,17/01/2025,09:35:32,49607,49601,150,49611.7,30,0,128190
BANKNIFTY-III.NFO,17/01/2025,09:35:33,49607,49601,150,49613.5,90,0,128190
BANKNIFTY-III.NFO,17/01/2025,09:35:35,49607,49601,150,49605.75,30,0,128190
BANKNIFTY-III.NFO,17/01/2025,09:35:37,49607,49601,150,49607.5,30,0,128190
BANKNIFTY-III.NFO,17/01/2025,09:35:38,49607,49601,150,49612.2,30,0,128190
BANKNIFTY-III.NFO,17/01/2025,09:35:40,49607,49601.05,210,49622.2,30,0,128190
BANKNIFTY-III.NFO,17/01/2025,09:35:41,49607,49601.05,210,49619.65,60,0,128190
BANKNIFTY-III.NFO,17/01/2025,09:35:43,49607,49601,150,49607,30,0,128190
BANKNIFTY-III.NFO,17/01/2025,09:35:46,49607,49601.05,180,49607,30,0,128190
BANKNIFTY-III.NFO,17/01/2025,09:35:48,49607,49601.05,210,49619.8,30,30,128190
BANKNIFTY-III.NFO,17/01/2025,09:35:50,49607,49601.05,210,49620.6,90,0,128190
BANKNIFTY-III.NFO,17/01/2025,09:35:51,49607,49619.8,60,49625.8,30,0,128190
BANKNIFTY-III.NFO,17/01/2025,09:35:53,49607,49619.8,60,49623.95,30,0,128190
BANKNIFTY-III.NFO,17/01/2025,09:35:54,49607,49619.8,60,49620.7,150,0,128190
BANKNIFTY-III.NFO,17/01/2025,09:35:56,49619.8,49619.8,30,49627.8,150,30,128190
BANKNIFTY-III.NFO,17/01/2025,09:35:58,49619.8,49619.8,30,49627.45,150,0,128190
BANKNIFTY-III.NFO,17/01/2025,09:35:59,49619.8,49619.85,120,49635.9,150,0,128190
BANKNIFTY-III.NFO,17/01/2025,09:36:01,49619.8,49619.8,30,49633.85,60,0,128190
BANKNIFTY-III.NFO,17/01/2025,09:36:02,49619.8,49619.8,30,49629.6,150,0,128190
BANKNIFTY-III.NFO,17/01/2025,09:36:04,49619.8,49619.8,30,49631.15,150,0,128190
BANKNIFTY-III.NFO,17/01/2025,09:36:06,49619.8,49619.8,30,49624.95,60,0,128190
BANKNIFTY-III.NFO,17/01/2025,09:36:07,49619.8,49601.05,210,49619.8,30,30,128190
BANKNIFTY-III.NFO,17/01/2025,09:36:09,49619.8,49601.05,120,49615.1,150,0,128190
BANKNIFTY-III.NFO,17/01/2025,09:36:10,49619.8,49601,150,49613.1,150,0,128190
BANKNIFTY-III.NFO,17/01/2025,09:36:12,49619.8,49601.05,120,49615.6,150,0,128190
BANKNIFTY-III.NFO,17/01/2025,09:36:14,49619.8,49601,150,49612.4,150,0,128190
BANKNIFTY-III.NFO,17/01/2025,09:36:15,49619.8,49601,150,49611.1,150,0,128190
BANKNIFTY-III.NFO,17/01/2025,09:36:17,49600,49592,30,49597,60,540,128190
BANKNIFTY-III.NFO,17/01/2025,09:36:19,49551.1,49550,60,49557,120,540,128190
BANKNIFTY-III.NFO,17/01/2025,09:36:19,49551.1,49550,60,49557,120,0,128190
BANKNIFTY-III.NFO,17/01/2025,09:36:20,49550,49531.75,120,49549.6,120,60,128190
BANKNIFTY-III.NFO,17/01/2025,09:36:20,49550,49531.75,120,49549.6,120,0,128190
BANKNIFTY-III.NFO,17/01/2025,09:36:22,49550,49531.75,180,49549.15,120,0,128190
BANKNIFTY-III.NFO,17/01/2025,09:36:24,49550,49527.05,210,49544.4,150,0,128190
BANKNIFTY-III.NFO,17/01/2025,09:36:25,49550,49527,30,49539.95,120,0,128190
BANKNIFTY-III.NFO,17/01/2025,09:36:27,49550,49527,30,49533.35,150,0,128190
BANKNIFTY-III.NFO,17/01/2025,09:36:29,49527,49512.05,210,49531.75,150,30,128190
BANKNIFTY-III.NFO,17/01/2025,09:36:29,49527,49512.05,210,49531.75,150,0,128190
BANKNIFTY-III.NFO,17/01/2025,09:36:30,49527,49512.05,180,49529,150,0,128190
BANKNIFTY-III.NFO,17/01/2025,09:36:32,49512.05,49512.05,90,49528.7,120,30,128190
BANKNIFTY-III.NFO,17/01/2025,09:36:32,49512.05,49512.05,90,49528.7,120,0,128190
BANKNIFTY-III.NFO,17/01/2025,09:36:34,49512.05,49512,30,49521.1,30,0,128190
BANKNIFTY-III.NFO,17/01/2025,09:36:35,49512.05,49512,30,49523.65,120,0,128190
BANKNIFTY-III.NFO,17/01/2025,09:36:37,49512.05,49512,30,49524.65,150,0,128190
BANKNIFTY-III.NFO,17/01/2025,09:36:39,49512.05,49512,30,49517.5,120,0,128190
BANKNIFTY-III.NFO,17/01/2025,09:36:40,49512.05,49512,30,49515.2,120,0,128190
BANKNIFTY-III.NFO,17/01/2025,09:36:42,49512.05,49512,30,49521.55,120,0,128190
BANKNIFTY-III.NFO,17/01/2025,09:36:44,49512.05,49512,30,49520.2,120,0,128190
BANKNIFTY-III.NFO,17/01/2025,09:36:45,49512.05,49512,30,49523.3,120,0,128190
BANKNIFTY-III.NFO,17/01/2025,09:36:47,49519.35,49512,30,49521.7,240,60,127890
BANKNIFTY-III.NFO,17/01/2025,09:36:49,49512,49510,30,49512.6,90,30,127890
BANKNIFTY-III.NFO,17/01/2025,09:36:49,49512,49510,30,49512.6,90,0,127890
BANKNIFTY-III.NFO,17/01/2025,09:36:51,49512,49510,30,49514.1,90,0,127890
BANKNIFTY-III.NFO,17/01/2025,09:36:52,49512,49510,30,49515.95,90,0,127890
BANKNIFTY-III.NFO,17/01/2025,09:36:54,49512,49510,30,49513.5,90,0,127890
BANKNIFTY-III.NFO,17/01/2025,09:36:56,49512,49510,30,49516.8,90,0,127890
BANKNIFTY-III.NFO,17/01/2025,09:36:57,49505,49500.1,30,49504.45,30,210,127890
BANKNIFTY-III.NFO,17/01/2025,09:36:57,49505,49500.1,30,49504.45,30,0,127890
BANKNIFTY-III.NFO,17/01/2025,09:36:59,49505,49500.15,180,49516.55,90,0,127890
BANKNIFTY-III.NFO,17/01/2025,09:37:01,49505,49505,90,49506.9,30,0,127890
BANKNIFTY-III.NFO,17/01/2025,09:37:02,49505,49505,90,49506.05,90,0,127890
BANKNIFTY-III.NFO,17/01/2025,09:37:04,49505,49505,90,49510.85,30,0,127890
BANKNIFTY-III.NFO,17/01/2025,09:37:06,49505,49505,90,49515.55,90,0,127890
BANKNIFTY-III.NFO,17/01/2025,09:37:07,49515.3,49505,90,49515.3,30,60,127890
BANKNIFTY-III.NFO,17/01/2025,09:37:09,49515.3,49505.05,210,49518.7,30,0,127890
BANKNIFTY-III.NFO,17/01/2025,09:37:11,49515.3,49505,150,49515.8,30,0,127890
BANKNIFTY-III.NFO,17/01/2025,09:37:12,49515.3,49505.05,180,49516.6,30,0,127890
BANKNIFTY-III.NFO,17/01/2025,09:37:14,49515.3,49505.05,210,49522.75,60,0,127890
BANKNIFTY-III.NFO,17/01/2025,09:37:15,49505.3,49505,90,49515.25,30,30,127890
BANKNIFTY-III.NFO,17/01/2025,09:37:17,49505.3,49505,90,49513.7,30,0,127890
BANKNIFTY-III.NFO,17/01/2025,09:37:19,49505.3,49505,150,49515.3,30,0,127890
BANKNIFTY-III.NFO,17/01/2025,09:37:20,49505.3,49505.25,150,49525.4,60,0,127890
BANKNIFTY-III.NFO,17/01/2025,09:37:22,49505.3,49505.05,210,49522.05,30,0,127890
BANKNIFTY-III.NFO,17/01/2025,09:37:24,49522.95,49505.05,210,49531.35,30,30,127890
BANKNIFTY-III.NFO,17/01/2025,09:37:25,49522.95,49505.05,210,49523.85,60,0,127890
BANKNIFTY-III.NFO,17/01/2025,09:37:27,49522.95,49505.05,210,49523.25,30,0,127890
BANKNIFTY-III.NFO,17/01/2025,09:37:29,49522.95,49505.05,180,49521.55,60,0,127890
BANKNIFTY-III.NFO,17/01/2025,09:37:30,49522.95,49505.05,210,49520.05,150,0,127890
BANKNIFTY-III.NFO,17/01/2025,09:37:32,49522.95,49505.05,180,49516.9,150,0,127890
BANKNIFTY-III.NFO,17/01/2025,09:37:33,49522.95,49505.05,210,49520,30,0,127890
BANKNIFTY-III.NFO,17/01/2025,09:37:35,49522.95,49505,90,49514.65,30,0,127890
BANKNIFTY-III.NFO,17/01/2025,09:37:37,49505,49500.1,30,49505.4,60,90,127890
BANKNIFTY-III.NFO,17/01/2025,09:37:38,49500,49500,600,49505.7,60,210,127890
BANKNIFTY-III.NFO,17/01/2025,09:37:38,49500,49500,600,49505.7,60,0,127890
BANKNIFTY-III.NFO,17/01/2025,09:37:40,49500,49500,150,49503.5,60,450,127890
BANKNIFTY-III.NFO,17/01/2025,09:37:42,49499,49484.95,150,49505.55,30,300,127890
BANKNIFTY-III.NFO,17/01/2025,09:37:42,49499,49484.95,150,49505.55,30,0,127890
BANKNIFTY-III.NFO,17/01/2025,09:37:43,49499,49487.25,150,49504.95,30,0,127890
BANKNIFTY-III.NFO,17/01/2025,09:37:45,49499,49482.3,150,49500.05,60,0,127890
BANKNIFTY-III.NFO,17/01/2025,09:37:47,49499,49478.95,120,49496.85,30,0,127890
BANKNIFTY-III.NFO,17/01/2025,09:37:48,49499,49475,30,49491.85,90,0,127890
BANKNIFTY-III.NFO,17/01/2025,09:37:50,49472.55,49466,30,49472.55,30,60,127890
BANKNIFTY-III.NFO,17/01/2025,09:37:50,49472.55,49466,30,49472.55,30,0,127890
BANKNIFTY-III.NFO,17/01/2025,09:37:52,49466,49455.15,150,49476.85,120,30,127890
BANKNIFTY-III.NFO,17/01/2025,09:37:52,49466,49455.15,150,49476.85,120,0,127890
BANKNIFTY-III.NFO,17/01/2025,09:37:53,49466,49451.6,60,49460.9,120,0,127890
BANKNIFTY-III.NFO,17/01/2025,09:37:55,49468.95,49450.05,60,49461.45,150,30,127890
BANKNIFTY-III.NFO,17/01/2025,09:37:57,49440.85,49432.65,180,49455.35,120,390,127890
BANKNIFTY-III.NFO,17/01/2025,09:37:57,49440.85,49432.65,180,49455.35,120,0,127890
BANKNIFTY-III.NFO,17/01/2025,09:37:58,49451.55,49432.65,210,49455.15,90,30,127890
BANKNIFTY-III.NFO,17/01/2025,09:38:00,49456.85,49437.85,180,49457.45,120,150,127890
BANKNIFTY-III.NFO,17/01/2025,09:38:02,49456.85,49438.5,210,49453.95,120,0,127890
BANKNIFTY-III.NFO,17/01/2025,09:38:03,49456.85,49438.5,210,49450,150,0,127890
BANKNIFTY-III.NFO,17/01/2025,09:38:05,49456.85,49438.5,180,49450,150,0,127890
BANKNIFTY-III.NFO,17/01/2025,09:38:08,49450,49443.7,180,49450,120,30,127890
BANKNIFTY-III.NFO,17/01/2025,09:38:10,49456.85,49456.25,180,49475.8,120,150,127890
BANKNIFTY-III.NFO,17/01/2025,09:38:12,49456.85,49456.3,180,49470.4,120,0,127890
BANKNIFTY-III.NFO,17/01/2025,09:38:13,49456.3,49456.3,180,49483.15,30,30,127890
BANKNIFTY-III.NFO,17/01/2025,09:38:15,49456.3,49457.65,210,49487.5,30,0,127890
BANKNIFTY-III.NFO,17/01/2025,09:38:17,49456.3,49466.8,180,49488.75,60,0,127890
BANKNIFTY-III.NFO,17/01/2025,09:38:18,49466.8,49466.85,180,49486.2,120,180,127890
BANKNIFTY-III.NFO,17/01/2025,09:38:20,49486.6,49467.1,180,49488.35,90,30,127890
BANKNIFTY-III.NFO,17/01/2025,09:38:22,49486.6,49467.1,210,49486.1,90,0,127890
BANKNIFTY-III.NFO,17/01/2025,09:38:23,49486.6,49460.45,150,49478.55,90,0,127890
BANKNIFTY-III.NFO,17/01/2025,09:38:25,49486.6,49460.45,180,49478.35,90,0,127890
BANKNIFTY-III.NFO,17/01/2025,09:38:27,49486.6,49455.9,210,49474.8,180,0,127890
BANKNIFTY-III.NFO,17/01/2025,09:38:28,49486.6,49455.9,210,49474.35,90,0,127890
BANKNIFTY-III.NFO,17/01/2025,09:38:30,49477.3,49457.85,180,49477.6,60,30,127890
BANKNIFTY-III.NFO,17/01/2025,09:38:32,49477.3,49458.4,180,49477.2,60,0,127890
BANKNIFTY-III.NFO,17/01/2025,09:38:33,49477.3,49458.8,180,49482.15,90,0,127890
BANKNIFTY-III.NFO,17/01/2025,09:38:35,49477.3,49459.3,180,49485.2,60,0,127890
BANKNIFTY-III.NFO,17/01/2025,09:38:37,49477.3,49462.15,180,49480.85,60,0,127890
BANKNIFTY-III.NFO,17/01/2025,09:38:38,49477.3,49455.9,210,49473.65,90,0,127890
BANKNIFTY-III.NFO,17/01/2025,09:38:40,49477.3,49456.2,180,49474.4,90,0,127890
BANKNIFTY-III.NFO,17/01/2025,09:38:42,49477.3,49456.2,210,49473.4,60,0,127890
BANKNIFTY-III.NFO,17/01/2025,09:38:43,49477.3,49456.2,210,49475.45,60,0,127890
BANKNIFTY-III.NFO,17/01/2025,09:38:45,49477.3,49455.9,210,49475.45,60,0,127890
BANKNIFTY-III.NFO,17/01/2025,09:38:47,49477.3,49458.9,180,49476.35,60,0,127890
BANKNIFTY-III.NFO,17/01/2025,09:38:48,49477.3,49455.9,210,49476.05,60,0,127890
BANKNIFTY-III.NFO,17/01/2025,09:38:50,49477.3,49455.9,180,49472.45,90,0,127890
BANKNIFTY-III.NFO,17/01/2025,09:38:52,49472.45,49450.45,120,49467.45,150,60,127890
BANKNIFTY-III.NFO,17/01/2025,09:38:53,49472.45,49445.45,180,49465.35,30,0,127890
BANKNIFTY-III.NFO,17/01/2025,09:38:55,49459.1,49442.25,210,49463,60,30,127890
BANKNIFTY-III.NFO,17/01/2025,09:38:57,49459.1,49442.65,210,49461.95,30,0,127890
BANKNIFTY-III.NFO,17/01/2025,09:38:58,49459.1,49442.3,210,49464,120,0,127890
BANKNIFTY-III.NFO,17/01/2025,09:39:00,49462.2,49445,30,49456.2,90,30,127890
BANKNIFTY-III.NFO,17/01/2025,09:39:02,49462.2,49445.05,30,49460.6,90,0,127890
BANKNIFTY-III.NFO,17/01/2025,09:39:04,49462.2,49445,30,49460.15,90,0,127890
BANKNIFTY-III.NFO,17/01/2025,09:39:05,49462.2,49445.05,210,49463.65,90,0,127890
BANKNIFTY-III.NFO,17/01/2025,09:39:07,49462.2,49460,30,49469.2,90,0,127890
BANKNIFTY-III.NFO,17/01/2025,09:39:09,49462.2,49460,30,49468.85,90,0,127890
BANKNIFTY-III.NFO,17/01/2025,09:39:10,49462.2,49460.05,210,49477.1,90,0,127890
BANKNIFTY-III.NFO,17/01/2025,09:39:12,49460.05,49461.1,180,49480.4,120,120,127890
BANKNIFTY-III.NFO,17/01/2025,09:39:14,49460.05,49465.3,120,49484.9,150,0,127890
BANKNIFTY-III.NFO,17/01/2025,09:39:15,49460.05,49463.95,150,49484.55,150,0,127890
BANKNIFTY-III.NFO,17/01/2025,09:39:17,49460.05,49460,30,49475.9,120,0,127890
BANKNIFTY-III.NFO,17/01/2025,09:39:19,49460.05,49460,30,49471.8,120,0,127890
BANKNIFTY-III.NFO,17/01/2025,09:39:20,49460.05,49460,30,49462.85,120,0,127890
BANKNIFTY-III.NFO,17/01/2025,09:39:22,49460,49445.05,210,49468.65,150,30,127890
BANKNIFTY-III.NFO,17/01/2025,09:39:24,49460,49449.3,180,49471.75,150,0,127890
BANKNIFTY-III.NFO,17/01/2025,09:39:25,49460,49456.9,210,49481.8,150,0,127890
BANKNIFTY-III.NFO,17/01/2025,09:39:27,49460,49456.3,150,49475.2,150,0,127890
BANKNIFTY-III.NFO,17/01/2025,09:39:29,49460,49454.55,210,49475.8,150,0,127890
BANKNIFTY-III.NFO,17/01/2025,09:39:30,49460,49461.05,210,49481.5,150,0,127890
BANKNIFTY-III.NFO,17/01/2025,09:39:32,49461.05,49461.15,180,49482.4,150,30,127890
BANKNIFTY-III.NFO,17/01/2025,09:39:34,49461.05,49458.1,180,49479.3,150,0,127890
BANKNIFTY-III.NFO,17/01/2025,09:39:35,49461.05,49457.45,90,49477.45,210,0,127890
BANKNIFTY-III.NFO,17/01/2025,09:39:37,49461.05,49452.2,90,49472.65,150,0,127890
BANKNIFTY-III.NFO,17/01/2025,09:39:39,49461.05,49460.05,180,49483,150,0,127890
BANKNIFTY-III.NFO,17/01/2025,09:39:40,49461.05,49460.05,120,49479.75,150,0,127890
BANKNIFTY-III.NFO,17/01/2025,09:39:42,49461.05,49460.05,180,49481.1,150,0,127890
BANKNIFTY-III.NFO,17/01/2025,09:39:44,49461.05,49462.9,150,49483.55,120,0,127890
BANKNIFTY-III.NFO,17/01/2025,09:39:45,49461.05,49466.05,90,49487,120,0,127890
BANKNIFTY-III.NFO,17/01/2025,09:39:47,49461.05,49467.55,180,49488.25,120,0,127890
BANKNIFTY-III.NFO,17/01/2025,09:39:49,49461.05,49468.85,180,49492.35,120,0,127890
BANKNIFTY-III.NFO,17/01/2025,09:39:50,49461.05,49466.05,90,49486.1,150,0,127890
BANKNIFTY-III.NFO,17/01/2025,09:39:52,49461.05,49466.4,90,49486.4,150,0,127890
BANKNIFTY-III.NFO,17/01/2025,09:39:54,49461.05,49470,30,49484.25,120,0,127890
BANKNIFTY-III.NFO,17/01/2025,09:39:55,49461.05,49470,30,49482.3,120,0,127890
BANKNIFTY-III.NFO,17/01/2025,09:39:57,49488.05,49480,30,49488.05,120,30,128130
BANKNIFTY-III.NFO,17/01/2025,09:39:59,49488.05,49480,30,49481.8,120,0,128130
BANKNIFTY-III.NFO,17/01/2025,09:40:00,49488.05,49480,30,49491.65,120,0,128130
BANKNIFTY-III.NFO,17/01/2025,09:40:02,49488.05,49480,30,49482.3,120,0,128130
BANKNIFTY-III.NFO,17/01/2025,09:40:03,49488.05,49480,30,49488.6,120,0,128130
BANKNIFTY-III.NFO,17/01/2025,09:40:05,49486.05,49480,30,49485.8,90,30,128130
BANKNIFTY-III.NFO,17/01/2025,09:40:07,49486.05,49480,30,49487.8,90,0,128130
BANKNIFTY-III.NFO,17/01/2025,09:40:08,49486.05,49480,30,49485.2,90,0,128130
BANKNIFTY-III.NFO,17/01/2025,09:40:10,49480,49470,30,49480.95,120,30,128130
BANKNIFTY-III.NFO,17/01/2025,09:40:12,49480,49470,30,49476.5,90,0,128130
BANKNIFTY-III.NFO,17/01/2025,09:40:13,49480,49470,30,49477.35,120,0,128130
BANKNIFTY-III.NFO,17/01/2025,09:40:15,49461.05,49451.35,210,49471.9,90,60,128130
BANKNIFTY-III.NFO,17/01/2025,09:40:16,49461.05,49456,210,49477,30,0,128130
BANKNIFTY-III.NFO,17/01/2025,09:40:18,49461.05,49453.45,150,49471.5,120,0,128130
BANKNIFTY-III.NFO,17/01/2025,09:40:20,49461.05,49452.5,210,49472.4,120,0,128130
BANKNIFTY-III.NFO,17/01/2025,09:40:21,49452.9,49452.9,180,49472.1,150,60,128130
BANKNIFTY-III.NFO,17/01/2025,09:40:23,49452.9,49453.45,180,49473.2,30,0,128130
BANKNIFTY-III.NFO,17/01/2025,09:40:24,49452.9,49471.5,30,49473.9,120,0,128130
BANKNIFTY-III.NFO,17/01/2025,09:40:26,49471.5,49450.5,180,49470.35,120,30,128130
BANKNIFTY-III.NFO,17/01/2025,09:40:28,49471.5,49452.45,150,49469.95,150,0,128130
BANKNIFTY-III.NFO,17/01/2025,09:40:29,49471.5,49456.3,90,49470,30,0,128130
BANKNIFTY-III.NFO,17/01/2025,09:40:31,49471.5,49458.1,90,49470,30,0,128130
BANKNIFTY-III.NFO,17/01/2025,09:40:32,49471.5,49459.8,90,49470,30,0,128130
BANKNIFTY-III.NFO,17/01/2025,09:40:34,49471.5,49459.6,90,49470,30,0,128130
BANKNIFTY-III.NFO,17/01/2025,09:40:36,49471.5,49461.05,90,49470,30,0,128130
BANKNIFTY-III.NFO,17/01/2025,09:40:37,49471.5,49462.45,90,49470,30,0,128130
BANKNIFTY-III.NFO,17/01/2025,09:40:39,49471.5,49450.9,90,49469.95,150,0,128130
BANKNIFTY-III.NFO,17/01/2025,09:40:41,49471.5,49459.35,90,49470,30,0,128130
BANKNIFTY-III.NFO,17/01/2025,09:40:42,49471.5,49453.55,180,49470,30,0,128130
BANKNIFTY-III.NFO,17/01/2025,09:40:44,49471.5,49450.05,90,49465.25,120,0,128130
BANKNIFTY-III.NFO,17/01/2025,09:40:45,49465.25,49450.05,90,49467,150,30,128130
BANKNIFTY-III.NFO,17/01/2025,09:40:47,49465.25,49450,30,49460.35,150,0,128130
BANKNIFTY-III.NFO,17/01/2025,09:40:49,49465.25,49450,30,49459.65,150,0,128130
BANKNIFTY-III.NFO,17/01/2025,09:40:50,49465.25,49450,30,49466.2,150,0,128130
BANKNIFTY-III.NFO,17/01/2025,09:40:52,49465.25,49465,90,49465.9,60,0,128130
BANKNIFTY-III.NFO,17/01/2025,09:40:53,49465.25,49465,90,49470,30,0,128130
BANKNIFTY-III.NFO,17/01/2025,09:40:55,49470,49465.05,180,49485.05,120,30,128130
BANKNIFTY-III.NFO,17/01/2025,09:40:57,49470,49465.05,180,49486.15,150,0,128130
BANKNIFTY-III.NFO,17/01/2025,09:40:58,49470,49465.05,120,49481.5,120,0,128130
BANKNIFTY-III.NFO,17/01/2025,09:41:00,49470,49465,90,49481.5,120,0,128130
BANKNIFTY-III.NFO,17/01/2025,09:41:02,49470,49465,90,49480.7,120,0,128130
BANKNIFTY-III.NFO,17/01/2025,09:41:03,49470,49465,90,49480.25,120,0,128130
BANKNIFTY-III.NFO,17/01/2025,09:41:05,49470,49465,90,49466.7,120,0,128130
BANKNIFTY-III.NFO,17/01/2025,09:41:07,49470,49465,90,49474.95,120,0,128130
BANKNIFTY-III.NFO,17/01/2025,09:41:08,49470,49465,90,49479.25,150,0,128130
BANKNIFTY-III.NFO,17/01/2025,09:41:10,49479.35,49465,90,49476,150,30,128130
BANKNIFTY-III.NFO,17/01/2025,09:41:12,49479.35,49465,90,49471.35,120,0,128130
BANKNIFTY-III.NFO,17/01/2025,09:41:13,49479.35,49465,90,49472,120,0,128130
BANKNIFTY-III.NFO,17/01/2025,09:41:15,49479.35,49465,90,49470.45,120,0,128130
BANKNIFTY-III.NFO,17/01/2025,09:41:17,49479.35,49465,90,49474.05,120,0,128130
BANKNIFTY-III.NFO,17/01/2025,09:41:18,49465,49450,30,49465.25,150,90,128130
BANKNIFTY-III.NFO,17/01/2025,09:41:20,49465,49450,30,49454.9,120,0,128130
BANKNIFTY-III.NFO,17/01/2025,09:41:22,49465,49450,30,49454.55,120,0,128130
BANKNIFTY-III.NFO,17/01/2025,09:41:23,49465,49450,30,49462.3,150,0,128130
BANKNIFTY-III.NFO,17/01/2025,09:41:25,49465,49450.05,180,49466.2,120,0,128130
BANKNIFTY-III.NFO,17/01/2025,09:41:27,49465,49450,30,49458.35,120,0,128130
BANKNIFTY-III.NFO,17/01/2025,09:41:28,49465,49450,30,49463.95,120,0,128130
BANKNIFTY-III.NFO,17/01/2025,09:41:30,49465,49450.05,120,49466.15,120,0,128130
BANKNIFTY-III.NFO,17/01/2025,09:41:32,49465,49450.05,210,49469.75,150,0,128130
BANKNIFTY-III.NFO,17/01/2025,09:41:33,49465,49451.35,180,49471.4,150,0,128130
BANKNIFTY-III.NFO,17/01/2025,09:41:35,49465,49453.65,180,49473.65,150,0,128130
BANKNIFTY-III.NFO,17/01/2025,09:41:37,49466.05,49450,30,49462.2,90,30,128130
BANKNIFTY-III.NFO,17/01/2025,09:41:38,49466.05,49450,30,49457.15,90,0,128130
BANKNIFTY-III.NFO,17/01/2025,09:41:40,49466.05,49450,30,49460.85,90,0,128130
BANKNIFTY-III.NFO,17/01/2025,09:41:42,49466.05,49450.05,180,49463.8,90,0,128130
BANKNIFTY-III.NFO,17/01/2025,09:41:43,49466.05,49450.05,210,49467.8,120,0,128130
BANKNIFTY-III.NFO,17/01/2025,09:41:45,49466.05,49450.05,210,49465,60,0,128130
BANKNIFTY-III.NFO,17/01/2025,09:41:47,49465,49450.05,180,49464.95,90,30,128130
BANKNIFTY-III.NFO,17/01/2025,09:41:48,49465,49450.05,210,49465,30,0,128130
BANKNIFTY-III.NFO,17/01/2025,09:41:50,49465,49454.65,180,49465,30,0,128130
BANKNIFTY-III.NFO,17/01/2025,09:41:52,49465,49454.65,210,49465,30,0,128130
BANKNIFTY-III.NFO,17/01/2025,09:41:55,49465,49454.65,210,49472.65,90,30,128130
BANKNIFTY-III.NFO,17/01/2025,09:41:57,49465,49451.75,120,49470.35,120,0,128130
BANKNIFTY-III.NFO,17/01/2025,09:41:58,49465,49451.75,210,49469.55,120,0,128130
BANKNIFTY-III.NFO,17/01/2025,09:42:00,49465,49461.35,210,49481.65,90,0,128130
BANKNIFTY-III.NFO,17/01/2025,09:42:02,49465,49464.8,180,49484.25,120,0,128130
BANKNIFTY-III.NFO,17/01/2025,09:42:03,49465,49456.55,210,49474.5,120,0,128130
BANKNIFTY-III.NFO,17/01/2025,09:42:05,49465,49452.65,210,49471.35,120,0,128130
BANKNIFTY-III.NFO,17/01/2025,09:42:07,49465,49451.8,210,49470.1,30,0,128130
BANKNIFTY-III.NFO,17/01/2025,09:42:08,49465,49464.65,210,49484.25,120,0,128130
BANKNIFTY-III.NFO,17/01/2025,09:42:10,49465,49465.05,150,49482.15,120,0,128130
BANKNIFTY-III.NFO,17/01/2025,09:42:12,49465,49465.05,210,49481.8,90,0,128130
BANKNIFTY-III.NFO,17/01/2025,09:42:13,49465,49465,30,49476.6,90,0,128130
BANKNIFTY-III.NFO,17/01/2025,09:42:15,49465,49465.05,210,49482.85,120,0,128130
BANKNIFTY-III.NFO,17/01/2025,09:42:17,49482.55,49465.05,210,49484,120,60,128130
BANKNIFTY-III.NFO,17/01/2025,09:42:18,49482.55,49465.05,210,49485.25,90,0,128130
BANKNIFTY-III.NFO,17/01/2025,09:42:20,49482.55,49465.55,210,49483.15,90,0,128130
BANKNIFTY-III.NFO,17/01/2025,09:42:22,49482.55,49465.55,210,49487.3,120,0,128130
BANKNIFTY-III.NFO,17/01/2025,09:42:23,49482.55,49466.75,210,49487.45,120,0,128130
BANKNIFTY-III.NFO,17/01/2025,09:42:25,49482.55,49467.75,180,49487.95,150,0,128130
BANKNIFTY-III.NFO,17/01/2025,09:42:27,49482.55,49467.75,210,49487.4,120,0,128130
BANKNIFTY-III.NFO,17/01/2025,09:42:28,49482.55,49475,30,49484.25,90,0,128130
BANKNIFTY-III.NFO,17/01/2025,09:42:30,49482.55,49475,30,49481.1,90,0,128130
BANKNIFTY-III.NFO,17/01/2025,09:42:32,49482.55,49475,30,49483.35,90,0,128130
BANKNIFTY-III.NFO,17/01/2025,09:42:33,49482.55,49475,30,49489.4,90,0,128130
BANKNIFTY-III.NFO,17/01/2025,09:42:35,49482.55,49475.05,210,49491.35,90,0,128130
BANKNIFTY-III.NFO,17/01/2025,09:42:37,49482.55,49475,30,49490.8,90,0,128130
BANKNIFTY-III.NFO,17/01/2025,09:42:38,49482.55,49475,30,49475.3,90,0,128130
BANKNIFTY-III.NFO,17/01/2025,09:42:40,49475,49450,60,49463.2,120,30,128130
BANKNIFTY-III.NFO,17/01/2025,09:42:42,49475,49450.05,210,49473,90,0,128130
BANKNIFTY-III.NFO,17/01/2025,09:42:43,49475,49455,210,49472.45,30,0,128130
BANKNIFTY-III.NFO,17/01/2025,09:42:45,49475,49452.65,210,49473.4,90,0,128130
BANKNIFTY-III.NFO,17/01/2025,09:42:47,49470.7,49452.65,210,49472.05,90,30,128250
BANKNIFTY-III.NFO,17/01/2025,09:42:48,49470.7,49450.05,210,49468.8,90,0,128250
BANKNIFTY-III.NFO,17/01/2025,09:42:50,49470.7,49450.05,210,49470.95,90,0,128250
BANKNIFTY-III.NFO,17/01/2025,09:42:52,49470.7,49450.65,210,49470.2,90,0,128250
BANKNIFTY-III.NFO,17/01/2025,09:42:53,49470.7,49454,210,49474.9,90,0,128250
BANKNIFTY-III.NFO,17/01/2025,09:42:55,49470.7,49456.45,210,49477.85,90,0,128250
BANKNIFTY-III.NFO,17/01/2025,09:42:57,49470.7,49454.4,180,49478.9,60,0,128250
BANKNIFTY-III.NFO,17/01/2025,09:42:58,49470.7,49452.55,180,49473.1,90,0,128250
BANKNIFTY-III.NFO,17/01/2025,09:43:00,49470.7,49451.35,210,49470.5,90,0,128250
BANKNIFTY-III.NFO,17/01/2025,09:43:02,49470.7,49451.35,210,49469.95,90,0,128250
BANKNIFTY-III.NFO,17/01/2025,09:43:03,49470.7,49453.5,210,49470,30,0,128250
BANKNIFTY-III.NFO,17/01/2025,09:43:05,49470.7,49454.3,210,49469.95,60,0,128250
BANKNIFTY-III.NFO,17/01/2025,09:43:07,49470.7,49455.95,180,49470,30,0,128250
BANKNIFTY-III.NFO,17/01/2025,09:43:08,49470.7,49452.1,210,49469.95,90,0,128250
BANKNIFTY-III.NFO,17/01/2025,09:43:10,49470.7,49451.8,210,49469.95,90,0,128250
BANKNIFTY-III.NFO,17/01/2025,09:43:12,49470.7,49454.8,180,49470,30,0,128250
BANKNIFTY-III.NFO,17/01/2025,09:43:13,49470.7,49451.35,210,49469.95,90,0,128250
BANKNIFTY-III.NFO,17/01/2025,09:43:15,49470.7,49451.35,330,49470,30,0,128250
BANKNIFTY-III.NFO,17/01/2025,09:43:17,49470.7,49453.35,210,49470,30,0,128250
BANKNIFTY-III.NFO,17/01/2025,09:43:18,49470.7,49457.45,210,49470,30,0,128250
BANKNIFTY-III.NFO,17/01/2025,09:43:20,49470,49470.7,60,49485.75,60,30,128250
BANKNIFTY-III.NFO,17/01/2025,09:43:22,49470,49470.7,60,49478.7,90,0,128250
BANKNIFTY-III.NFO,17/01/2025,09:43:23,49470,49470.7,60,49478.55,60,0,128250
BANKNIFTY-III.NFO,17/01/2025,09:43:25,49470,49470.7,60,49474.35,60,0,128250
BANKNIFTY-III.NFO,17/01/2025,09:43:27,49470,49470.7,60,49472.6,60,0,128250
BANKNIFTY-III.NFO,17/01/2025,09:43:28,49470,49470.7,60,49471.7,60,0,128250
BANKNIFTY-III.NFO,17/01/2025,09:43:30,49470,49451.95,210,49471.9,60,90,128250
BANKNIFTY-III.NFO,17/01/2025,09:43:32,49470,49450,30,49461.35,60,0,128250
BANKNIFTY-III.NFO,17/01/2025,09:43:33,49470,49450,30,49463.5,150,0,128250
BANKNIFTY-III.NFO,17/01/2025,09:43:35,49470,49450,30,49462.1,60,0,128250
BANKNIFTY-III.NFO,17/01/2025,09:43:37,49470,49450,30,49457.45,120,0,128250
BANKNIFTY-III.NFO,17/01/2025,09:43:38,49470,49450,30,49456.75,60,0,128250
BANKNIFTY-III.NFO,17/01/2025,09:43:40,49440.05,49434.95,60,49440.4,60,120,128250
BANKNIFTY-III.NFO,17/01/2025,09:43:40,49440.05,49434.95,60,49440.4,60,0,128250
BANKNIFTY-III.NFO,17/01/2025,09:43:42,49432.1,49425,30,49434.85,120,240,128250
BANKNIFTY-III.NFO,17/01/2025,09:43:42,49432.1,49425,30,49434.85,120,0,128250
BANKNIFTY-III.NFO,17/01/2025,09:43:43,49432.1,49425,30,49433.45,60,0,128250
BANKNIFTY-III.NFO,17/01/2025,09:43:45,49432.1,49425,30,49438.5,60,0,128250
BANKNIFTY-III.NFO,17/01/2025,09:43:47,49432.1,49425,30,49438.7,150,0,128250
BANKNIFTY-III.NFO,17/01/2025,09:43:48,49432.1,49425,30,49440.2,90,0,128250
BANKNIFTY-III.NFO,17/01/2025,09:43:50,49425,49420.15,210,49437.9,90,30,128250
BANKNIFTY-III.NFO,17/01/2025,09:43:50,49425,49420.15,210,49437.9,90,0,128250
BANKNIFTY-III.NFO,17/01/2025,09:43:52,49425,49420.15,210,49440.1,90,0,128250
BANKNIFTY-III.NFO,17/01/2025,09:43:53,49425,49424,210,49444.3,60,0,128250
BANKNIFTY-III.NFO,17/01/2025,09:43:55,49425,49414.45,150,49434.8,60,0,128250
BANKNIFTY-III.NFO,17/01/2025,09:43:57,49425,49412.55,210,49431.4,60,0,128250
BANKNIFTY-III.NFO,17/01/2025,09:43:58,49425,49409.75,210,49430.8,90,0,128250
BANKNIFTY-III.NFO,17/01/2025,09:44:00,49425,49410.4,210,49428.9,60,0,128250
BANKNIFTY-III.NFO,17/01/2025,09:44:02,49425,49409,210,49435.85,60,0,128250
BANKNIFTY-III.NFO,17/01/2025,09:44:03,49425,49410.7,180,49430.15,90,0,128250
BANKNIFTY-III.NFO,17/01/2025,09:44:05,49425,49409,210,49429.05,60,0,128250
BANKNIFTY-III.NFO,17/01/2025,09:44:07,49425,49412.65,210,49431.95,60,0,128250
BANKNIFTY-III.NFO,17/01/2025,09:44:08,49425,49425,90,49431.1,60,0,128250
BANKNIFTY-III.NFO,17/01/2025,09:44:10,49425,49425,90,49437.6,60,0,128250
BANKNIFTY-III.NFO,17/01/2025,09:44:12,49425,49425,90,49436.25,60,0,128250
BANKNIFTY-III.NFO,17/01/2025,09:44:13,49425,49425.05,210,49448.65,90,0,128250
BANKNIFTY-III.NFO,17/01/2025,09:44:15,49425,49429.4,180,49450.9,30,0,128250
BANKNIFTY-III.NFO,17/01/2025,09:44:17,49425,49430,210,49449.5,90,0,128250
BANKNIFTY-III.NFO,17/01/2025,09:44:18,49425,49430,210,49452,90,0,128250
BANKNIFTY-III.NFO,17/01/2025,09:44:20,49425,49428.75,210,49447.2,90,0,128250
BANKNIFTY-III.NFO,17/01/2025,09:44:22,49425,49429.75,210,49448.25,90,0,128250
BANKNIFTY-III.NFO,17/01/2025,09:44:23,49425,49433.8,210,49452.25,60,0,128250
BANKNIFTY-III.NFO,17/01/2025,09:44:25,49425,49435.15,180,49457.05,90,0,128250
BANKNIFTY-III.NFO,17/01/2025,09:44:26,49435.15,49437.3,210,49455.95,120,60,128250
BANKNIFTY-III.NFO,17/01/2025,09:44:28,49435.15,49433.7,150,49452.15,210,0,128250
BANKNIFTY-III.NFO,17/01/2025,09:44:30,49435.15,49434.4,150,49453.8,150,0,128250
BANKNIFTY-III.NFO,17/01/2025,09:44:31,49435.15,49433.65,210,49454.2,150,0,128250
BANKNIFTY-III.NFO,17/01/2025,09:44:33,49435.15,49438.75,180,49459.25,150,0,128250
BANKNIFTY-III.NFO,17/01/2025,09:44:35,49462.15,49440.75,180,49461.95,180,30,128250
BANKNIFTY-III.NFO,17/01/2025,09:44:36,49465.05,49444.2,180,49466.35,90,30,128250
BANKNIFTY-III.NFO,17/01/2025,09:44:38,49465.05,49442.4,180,49464.8,90,0,128250
BANKNIFTY-III.NFO,17/01/2025,09:44:40,49465.05,49442.4,180,49464.2,60,0,128250
BANKNIFTY-III.NFO,17/01/2025,09:44:41,49465.05,49443.15,120,49463.35,90,0,128250
BANKNIFTY-III.NFO,17/01/2025,09:44:43,49465.05,49439.95,120,49459.95,90,0,128250
BANKNIFTY-III.NFO,17/01/2025,09:44:45,49465.05,49432.3,120,49452.55,90,0,128250
BANKNIFTY-III.NFO,17/01/2025,09:44:46,49465.05,49425.3,150,49445.75,120,0,128250
BANKNIFTY-III.NFO,17/01/2025,09:44:48,49465.05,49429.55,210,49450,90,0,128250
BANKNIFTY-III.NFO,17/01/2025,09:44:50,49465.05,49429.75,180,49450.05,90,0,128250
BANKNIFTY-III.NFO,17/01/2025,09:44:51,49465.05,49429.8,150,49449.25,90,0,128250
BANKNIFTY-III.NFO,17/01/2025,09:44:53,49465.05,49430.9,210,49451.15,90,0,128250
BANKNIFTY-III.NFO,17/01/2025,09:44:55,49465.05,49431,210,49449.75,90,0,128250
BANKNIFTY-III.NFO,17/01/2025,09:44:56,49465.05,49431,210,49449.3,90,0,128250
BANKNIFTY-III.NFO,17/01/2025,09:44:58,49465.05,49429.8,210,49448.7,90,0,128250
BANKNIFTY-III.NFO,17/01/2025,09:45:00,49465.05,49428.45,120,49449.45,90,0,128250
BANKNIFTY-III.NFO,17/01/2025,09:45:01,49465.05,49425,90,49439.25,60,0,128250
BANKNIFTY-III.NFO,17/01/2025,09:45:03,49465.05,49427,30,49437.45,60,0,128250
BANKNIFTY-III.NFO,17/01/2025,09:45:05,49465.05,49427.05,210,49443.8,60,0,128250
BANKNIFTY-III.NFO,17/01/2025,09:45:06,49465.05,49427.05,210,49446.45,60,0,128250
BANKNIFTY-III.NFO,17/01/2025,09:45:08,49427.2,49427,60,49444.55,150,120,128250
BANKNIFTY-III.NFO,17/01/2025,09:45:10,49427.2,49427.05,150,49444.75,120,0,128250
BANKNIFTY-III.NFO,17/01/2025,09:45:11,49427.2,49427.05,90,49444.05,120,0,128250
BANKNIFTY-III.NFO,17/01/2025,09:45:13,49427.2,49433.1,120,49453.5,150,0,128250
BANKNIFTY-III.NFO,17/01/2025,09:45:15,49427.2,49440.4,120,49460.35,120,0,128250
BANKNIFTY-III.NFO,17/01/2025,09:45:16,49427.2,49444,90,49462.9,150,0,128250
BANKNIFTY-III.NFO,17/01/2025,09:45:18,49427.2,49435.4,120,49455.75,150,0,128250
BANKNIFTY-III.NFO,17/01/2025,09:45:20,49427.2,49435.6,120,49455.85,150,0,128250
BANKNIFTY-III.NFO,17/01/2025,09:45:21,49427.2,49435.8,120,49454.95,120,0,128250
BANKNIFTY-III.NFO,17/01/2025,09:45:23,49427.2,49440.45,120,49459.3,150,0,128250
BANKNIFTY-III.NFO,17/01/2025,09:45:24,49427.2,49442.45,150,49462.5,150,0,128250
BANKNIFTY-III.NFO,17/01/2025,09:45:26,49427.2,49443.55,120,49464.45,120,0,128250
BANKNIFTY-III.NFO,17/01/2025,09:45:28,49427.2,49444.8,90,49464.95,150,0,128250
BANKNIFTY-III.NFO,17/01/2025,09:45:30,49427.2,49444.45,90,49463.35,150,0,128250
BANKNIFTY-III.NFO,17/01/2025,09:45:31,49427.2,49442,90,49460.45,210,0,128250
BANKNIFTY-III.NFO,17/01/2025,09:45:33,49427.2,49440.8,60,49461,120,0,128250
BANKNIFTY-III.NFO,17/01/2025,09:45:35,49427.2,49443.15,60,49463.95,150,0,128250
BANKNIFTY-III.NFO,17/01/2025,09:45:36,49427.2,49447.35,90,49464.95,120,0,128250
BANKNIFTY-III.NFO,17/01/2025,09:45:38,49427.2,49447.35,150,49465,300,0,128250
BANKNIFTY-III.NFO,17/01/2025,09:45:40,49465,49454.05,150,49465,270,30,128250
BANKNIFTY-III.NFO,17/01/2025,09:45:41,49465,49449.6,90,49465,240,30,128250
BANKNIFTY-III.NFO,17/01/2025,09:45:43,49465,49445.8,90,49464.95,150,0,128250
BANKNIFTY-III.NFO,17/01/2025,09:45:45,49465,49447.85,90,49464.95,120,0,128250
BANKNIFTY-III.NFO,17/01/2025,09:45:46,49465,49443,90,49462.6,150,0,128250
BANKNIFTY-III.NFO,17/01/2025,09:45:48,49465,49443.6,90,49462.7,150,0,128250
BANKNIFTY-III.NFO,17/01/2025,09:45:50,49465,49443.1,60,49463.2,150,0,128250
BANKNIFTY-III.NFO,17/01/2025,09:45:51,49465,49438.05,90,49457.85,150,0,128250
BANKNIFTY-III.NFO,17/01/2025,09:45:53,49465,49437.15,90,49457,150,0,128250
BANKNIFTY-III.NFO,17/01/2025,09:45:55,49465,49429.9,90,49451.75,120,0,128250
BANKNIFTY-III.NFO,17/01/2025,09:45:56,49465,49431.95,90,49452.75,150,0,128250
BANKNIFTY-III.NFO,17/01/2025,09:45:58,49465,49431.5,150,49450.55,150,0,128250
BANKNIFTY-III.NFO,17/01/2025,09:46:00,49465,49436.95,90,49456.85,120,0,128250
BANKNIFTY-III.NFO,17/01/2025,09:46:01,49465,49439.1,90,49459.1,150,0,128250
BANKNIFTY-III.NFO,17/01/2025,09:46:03,49465,49444.75,90,49464.2,150,0,128250
BANKNIFTY-III.NFO,17/01/2025,09:46:05,49465,49446.35,150,49465,240,0,128250
BANKNIFTY-III.NFO,17/01/2025,09:46:06,49465,49448,90,49464.95,120,0,128250
BANKNIFTY-III.NFO,17/01/2025,09:46:08,49465,49445.3,90,49464.45,150,0,128250
BANKNIFTY-III.NFO,17/01/2025,09:46:10,49465,49439.65,90,49459.9,150,0,128250
BANKNIFTY-III.NFO,17/01/2025,09:46:11,49465,49435.05,90,49454,150,0,128250
BANKNIFTY-III.NFO,17/01/2025,09:46:13,49465,49435.05,90,49453.35,150,0,128250
BANKNIFTY-III.NFO,17/01/2025,09:46:15,49465,49435,30,49451.25,150,0,128250
BANKNIFTY-III.NFO,17/01/2025,09:46:16,49465,49435.05,90,49452.55,150,0,128250
BANKNIFTY-III.NFO,17/01/2025,09:46:18,49456.75,49436,90,49455.8,120,30,128460
BANKNIFTY-III.NFO,17/01/2025,09:46:19,49456.75,49435.05,120,49453.55,150,0,128460
BANKNIFTY-III.NFO,17/01/2025,09:46:21,49456.75,49435,30,49448.55,150,0,128460
BANKNIFTY-III.NFO,17/01/2025,09:46:23,49456.75,49435,30,49447.65,150,0,128460
BANKNIFTY-III.NFO,17/01/2025,09:46:24,49456.75,49435,30,49449.6,150,0,128460
BANKNIFTY-III.NFO,17/01/2025,09:46:26,49456.75,49435,30,49446.4,150,0,128460
BANKNIFTY-III.NFO,17/01/2025,09:46:28,49456.75,49435,30,49444.25,120,0,128460
BANKNIFTY-III.NFO,17/01/2025,09:46:29,49456.75,49435,30,49442.8,120,0,128460
BANKNIFTY-III.NFO,17/01/2025,09:46:31,49456.75,49435,30,49438.15,150,0,128460
BANKNIFTY-III.NFO,17/01/2025,09:46:33,49456.75,49435,30,49438,120,0,128460
BANKNIFTY-III.NFO,17/01/2025,09:46:34,49427,49425,120,49427.05,120,60,128460
BANKNIFTY-III.NFO,17/01/2025,09:46:36,49413.35,49405,30,49415.8,120,240,128460
BANKNIFTY-III.NFO,17/01/2025,09:46:36,49413.35,49405,30,49415.8,120,0,128460
BANKNIFTY-III.NFO,17/01/2025,09:46:38,49413.35,49405.05,210,49422.55,90,0,128460
BANKNIFTY-III.NFO,17/01/2025,09:46:39,49413.35,49405.05,210,49424.75,120,0,128460
BANKNIFTY-III.NFO,17/01/2025,09:46:41,49413.35,49405.05,210,49425.95,120,0,128460
BANKNIFTY-III.NFO,17/01/2025,09:46:43,49413.35,49405,30,49418.65,120,0,128460
BANKNIFTY-III.NFO,17/01/2025,09:46:44,49413.35,49405,30,49414.6,90,0,128460
BANKNIFTY-III.NFO,17/01/2025,09:46:46,49401,49400,660,49401.05,90,150,128460
BANKNIFTY-III.NFO,17/01/2025,09:46:46,49401,49400,660,49401.05,90,0,128460
BANKNIFTY-III.NFO,17/01/2025,09:46:48,49401,49400,660,49403.4,90,0,128460
BANKNIFTY-III.NFO,17/01/2025,09:46:49,49401,49400,660,49408.6,90,0,128460
BANKNIFTY-III.NFO,17/01/2025,09:46:51,49401,49400,660,49408.75,90,0,128460
BANKNIFTY-III.NFO,17/01/2025,09:46:53,49401,49400,660,49408.25,90,0,128460
BANKNIFTY-III.NFO,17/01/2025,09:46:54,49401,49400,660,49407.25,30,0,128460
BANKNIFTY-III.NFO,17/01/2025,09:46:56,49401,49400,660,49408.55,90,0,128460
BANKNIFTY-III.NFO,17/01/2025,09:46:58,49401,49400,660,49408.7,90,0,128460
BANKNIFTY-III.NFO,17/01/2025,09:46:59,49400,49401.05,180,49414.6,90,30,128460
BANKNIFTY-III.NFO,17/01/2025,09:46:59,49400,49401.05,180,49414.6,90,0,128460
BANKNIFTY-III.NFO,17/01/2025,09:47:01,49400,49401,30,49413.05,90,0,128460
BANKNIFTY-III.NFO,17/01/2025,09:47:03,49400,49405.35,210,49420.55,90,0,128460
BANKNIFTY-III.NFO,17/01/2025,09:47:04,49400,49406.35,210,49422.9,90,0,128460
BANKNIFTY-III.NFO,17/01/2025,09:47:06,49400,49403.75,210,49421.5,120,0,128460
BANKNIFTY-III.NFO,17/01/2025,09:47:07,49400,49413.65,210,49428.8,90,0,128460
BANKNIFTY-III.NFO,17/01/2025,09:47:09,49400,49413.75,120,49428.8,90,0,128460
BANKNIFTY-III.NFO,17/01/2025,09:47:11,49400,49415.85,210,49435.8,60,0,128460
BANKNIFTY-III.NFO,17/01/2025,09:47:12,49400,49418.2,210,49434.55,30,0,128460
BANKNIFTY-III.NFO,17/01/2025,09:47:14,49438.7,49420.95,120,49440.9,60,120,128460
BANKNIFTY-III.NFO,17/01/2025,09:47:16,49438.7,49418.25,150,49436.5,90,0,128460
BANKNIFTY-III.NFO,17/01/2025,09:47:17,49438.7,49420.05,210,49439.55,30,0,128460
BANKNIFTY-III.NFO,17/01/2025,09:47:19,49438.7,49420.05,210,49439.7,120,0,128460
BANKNIFTY-III.NFO,17/01/2025,09:47:20,49438.7,49421.05,180,49437.65,150,0,128460
BANKNIFTY-III.NFO,17/01/2025,09:47:22,49438.7,49426.6,120,49446.85,60,0,128460
BANKNIFTY-III.NFO,17/01/2025,09:47:24,49438.7,49427.85,210,49449.45,210,0,128460
BANKNIFTY-III.NFO,17/01/2025,09:47:25,49438.7,49432.1,180,49451.35,120,0,128460
BANKNIFTY-III.NFO,17/01/2025,09:47:27,49438.7,49435.7,150,49453.15,30,0,128460
BANKNIFTY-III.NFO,17/01/2025,09:47:29,49438.7,49439.6,180,49458.4,180,0,128460
BANKNIFTY-III.NFO,17/01/2025,09:47:30,49438.7,49443.95,120,49461.85,90,0,128460
BANKNIFTY-III.NFO,17/01/2025,09:47:32,49438.7,49431.65,120,49451.75,60,0,128460
BANKNIFTY-III.NFO,17/01/2025,09:47:34,49444.05,49438.7,60,49443.85,120,30,128460
BANKNIFTY-III.NFO,17/01/2025,09:47:35,49444.05,49438.7,60,49446.3,120,0,128460
BANKNIFTY-III.NFO,17/01/2025,09:47:37,49444.05,49438.7,60,49445.75,90,0,128460
BANKNIFTY-III.NFO,17/01/2025,09:47:39,49444.65,49438.7,60,49446.8,90,30,128460
BANKNIFTY-III.NFO,17/01/2025,09:47:40,49444.65,49438.7,60,49450.3,90,0,128460
BANKNIFTY-III.NFO,17/01/2025,09:47:42,49444.65,49438.75,120,49452.1,90,0,128460
BANKNIFTY-III.NFO,17/01/2025,09:47:44,49444.65,49438.75,120,49453.9,90,0,128460
BANKNIFTY-III.NFO,17/01/2025,09:47:45,49444.65,49450,60,49453.6,90,0,128460
BANKNIFTY-III.NFO,17/01/2025,09:47:47,49453.6,49450,60,49457.5,90,30,128460
BANKNIFTY-III.NFO,17/01/2025,09:47:49,49453.6,49450,60,49461.4,90,0,128460
BANKNIFTY-III.NFO,17/01/2025,09:47:50,49453.6,49450,60,49457.9,90,0,128460
BANKNIFTY-III.NFO,17/01/2025,09:47:52,49453.6,49450,60,49454.9,90,0,128460
BANKNIFTY-III.NFO,17/01/2025,09:47:54,49453.6,49450,60,49455,90,0,128460
BANKNIFTY-III.NFO,17/01/2025,09:47:55,49453.6,49450,60,49453.1,90,0,128460
BANKNIFTY-III.NFO,17/01/2025,09:47:57,49453.6,49450,60,49452.15,90,0,128460
BANKNIFTY-III.NFO,17/01/2025,09:47:59,49453.6,49446.05,210,49463.3,90,0,128460
BANKNIFTY-III.NFO,17/01/2025,09:48:00,49453.6,49445.75,120,49460,90,0,128460
BANKNIFTY-III.NFO,17/01/2025,09:48:02,49453.6,49445.8,120,49460.1,90,0,128460
BANKNIFTY-III.NFO,17/01/2025,09:48:03,49453.6,49453.6,30,49458.7,90,0,128460
BANKNIFTY-III.NFO,17/01/2025,09:48:05,49453.6,49453.6,60,49459.2,90,0,128460
BANKNIFTY-III.NFO,17/01/2025,09:48:07,49453.6,49453.6,60,49454.9,90,0,128460
BANKNIFTY-III.NFO,17/01/2025,09:48:08,49453.6,49444.35,90,49455.55,30,60,128460
BANKNIFTY-III.NFO,17/01/2025,09:48:10,49453.6,49444.2,30,49449.2,30,0,128460
BANKNIFTY-III.NFO,17/01/2025,09:48:12,49453.6,49444.2,30,49454.2,30,0,128460
BANKNIFTY-III.NFO,17/01/2025,09:48:13,49453.6,49444.25,120,49459.75,30,0,128460
BANKNIFTY-III.NFO,17/01/2025,09:48:15,49453.6,49447.65,210,49465,30,0,128460
BANKNIFTY-III.NFO,17/01/2025,09:48:17,49465,49465.25,120,49482.4,60,30,128460
BANKNIFTY-III.NFO,17/01/2025,09:48:18,49465,49471.1,120,49485.4,30,0,128460
BANKNIFTY-III.NFO,17/01/2025,09:48:20,49465,49473.2,120,49488.85,60,0,128460
BANKNIFTY-III.NFO,17/01/2025,09:48:22,49465,49477.25,30,49485.4,60,0,128460
BANKNIFTY-III.NFO,17/01/2025,09:48:23,49465,49479.25,30,49484,30,0,128460
BANKNIFTY-III.NFO,17/01/2025,09:48:25,49481.2,49468.55,90,49483.5,60,30,128460
BANKNIFTY-III.NFO,17/01/2025,09:48:27,49481.2,49455.75,120,49476.65,60,0,128460
BANKNIFTY-III.NFO,17/01/2025,09:48:28,49481.2,49457.85,210,49477.25,90,0,128460
BANKNIFTY-III.NFO,17/01/2025,09:48:30,49481.2,49460.95,210,49478.85,60,0,128460
BANKNIFTY-III.NFO,17/01/2025,09:48:31,49481.2,49464.7,150,49483.4,120,0,128460
BANKNIFTY-III.NFO,17/01/2025,09:48:33,49481.2,49464.75,150,49481.8,90,0,128460
BANKNIFTY-III.NFO,17/01/2025,09:48:35,49481.2,49470.3,270,49489.1,60,0,128460
BANKNIFTY-III.NFO,17/01/2025,09:48:36,49481.2,49463.4,150,49481,90,0,128460
BANKNIFTY-III.NFO,17/01/2025,09:48:38,49481,49467.35,150,49486.45,90,30,128460
BANKNIFTY-III.NFO,17/01/2025,09:48:40,49481,49461.05,90,49476.65,60,0,128460
BANKNIFTY-III.NFO,17/01/2025,09:48:41,49481,49461.05,90,49475.45,90,0,128460
BANKNIFTY-III.NFO,17/01/2025,09:48:43,49481,49461.1,210,49478.3,30,0,128460
BANKNIFTY-III.NFO,17/01/2025,09:48:45,49481,49463.3,150,49484.1,60,0,128460
BANKNIFTY-III.NFO,17/01/2025,09:48:46,49481,49464.35,210,49484.1,90,0,128460
BANKNIFTY-III.NFO,17/01/2025,09:48:48,49481,49461.15,120,49482.7,60,0,128460
BANKNIFTY-III.NFO,17/01/2025,09:48:50,49481,49461.1,150,49478.65,90,0,128460
BANKNIFTY-III.NFO,17/01/2025,09:48:51,49481,49461.95,150,49481.15,90,0,128460
BANKNIFTY-III.NFO,17/01/2025,09:48:53,49481,49461.15,150,49481.15,90,0,128460
BANKNIFTY-III.NFO,17/01/2025,09:48:54,49481,49461.1,150,49481.5,90,0,128460
BANKNIFTY-III.NFO,17/01/2025,09:48:56,49481,49457.8,150,49477.95,90,0,128460
BANKNIFTY-III.NFO,17/01/2025,09:48:58,49481,49457.8,150,49477.9,60,0,128460
BANKNIFTY-III.NFO,17/01/2025,09:48:59,49481,49447.55,120,49468.9,60,0,128460
BANKNIFTY-III.NFO,17/01/2025,09:49:01,49481,49450.65,180,49470.8,60,0,128460
BANKNIFTY-III.NFO,17/01/2025,09:49:03,49481,49447.55,120,49469.75,60,0,128460
BANKNIFTY-III.NFO,17/01/2025,09:49:04,49481,49450.3,120,49471.55,90,0,128460
BANKNIFTY-III.NFO,17/01/2025,09:49:06,49481,49446.05,150,49464.7,90,0,128460
BANKNIFTY-III.NFO,17/01/2025,09:49:07,49481,49449.75,120,49468.8,60,0,128460
BANKNIFTY-III.NFO,17/01/2025,09:49:09,49481,49453.55,120,49475.15,90,0,128460
BANKNIFTY-III.NFO,17/01/2025,09:49:11,49481,49453.7,180,49474.55,90,0,128460
BANKNIFTY-III.NFO,17/01/2025,09:49:12,49481,49455.8,180,49478.35,60,0,128460
BANKNIFTY-III.NFO,17/01/2025,09:49:14,49481,49455.8,210,49476.75,30,0,128460
BANKNIFTY-III.NFO,17/01/2025,09:49:16,49481,49460.9,180,49478.95,90,0,128460
BANKNIFTY-III.NFO,17/01/2025,09:49:17,49481,49459.6,180,49481.05,60,0,128460
BANKNIFTY-III.NFO,17/01/2025,09:49:19,49481,49459.6,180,49481.35,90,30,128580
BANKNIFTY-III.NFO,17/01/2025,09:49:20,49481,49456.15,150,49476.05,90,0,128580
BANKNIFTY-III.NFO,17/01/2025,09:49:22,49481,49453.4,210,49475.2,30,0,128580
BANKNIFTY-III.NFO,17/01/2025,09:49:24,49481,49453.4,210,49478.1,60,0,128580
BANKNIFTY-III.NFO,17/01/2025,09:49:25,49481,49453.4,210,49476.05,60,0,128580
BANKNIFTY-III.NFO,17/01/2025,09:49:27,49481,49453.4,210,49476.05,30,0,128580
BANKNIFTY-III.NFO,17/01/2025,09:49:28,49481,49463.8,150,49483.7,120,0,128580
BANKNIFTY-III.NFO,17/01/2025,09:49:30,49481,49466.5,180,49484,90,0,128580
BANKNIFTY-III.NFO,17/01/2025,09:49:32,49481,49466,210,49483.75,120,0,128580
BANKNIFTY-III.NFO,17/01/2025,09:49:33,49481,49464.9,210,49483.75,120,0,128580
BANKNIFTY-III.NFO,17/01/2025,09:49:37,49484.4,49467.45,210,49484.3,90,30,128580
BANKNIFTY-III.NFO,17/01/2025,09:49:38,49484.4,49471.1,210,49489.25,90,0,128580
BANKNIFTY-III.NFO,17/01/2025,09:49:40,49484.4,49479.8,180,49494.1,90,0,128580
BANKNIFTY-III.NFO,17/01/2025,09:49:42,49484.4,49482.65,150,49501.5,120,0,128580
BANKNIFTY-III.NFO,17/01/2025,09:49:43,49484.4,49478.1,180,49499.95,90,0,128580
BANKNIFTY-III.NFO,17/01/2025,09:49:45,49484.4,49472.35,210,49493.55,30,0,128580
BANKNIFTY-III.NFO,17/01/2025,09:49:47,49484.4,49472.9,180,49492.1,30,0,128580
BANKNIFTY-III.NFO,17/01/2025,09:49:48,49484.4,49474.7,180,49492.8,150,0,128580
BANKNIFTY-III.NFO,17/01/2025,09:49:50,49484.4,49474.65,120,49490.9,90,0,128580
BANKNIFTY-III.NFO,17/01/2025,09:49:52,49484.4,49484.4,30,49488.85,60,0,128580
BANKNIFTY-III.NFO,17/01/2025,09:49:53,49484.4,49484.4,30,49488.05,60,0,128580
BANKNIFTY-III.NFO,17/01/2025,09:49:55,49484.4,49460.15,90,49475.25,60,30,128580
BANKNIFTY-III.NFO,17/01/2025,09:49:56,49484.4,49459.6,210,49478.5,30,0,128580
BANKNIFTY-III.NFO,17/01/2025,09:49:58,49484.4,49463.1,210,49483.9,30,0,128580
BANKNIFTY-III.NFO,17/01/2025,09:50:00,49484.4,49464.8,180,49485,90,0,128580
BANKNIFTY-III.NFO,17/01/2025,09:50:01,49484.4,49465.6,120,49487.55,90,0,128580
BANKNIFTY-III.NFO,17/01/2025,09:50:03,49484.4,49463.85,150,49481.75,90,0,128580
BANKNIFTY-III.NFO,17/01/2025,09:50:04,49484.4,49461.85,180,49480,90,0,128580
BANKNIFTY-III.NFO,17/01/2025,09:50:06,49484.4,49460.8,210,49480.25,90,0,128580
