Ticker,Date,Time,LTP,BuyPrice,BuyQty,SellPrice,SellQty,LTQ,OpenInterest
BANKNIFTY-III.NFO,19/03/2025,09:15:16,49851.25,49881.25,150,49911.6,60,60,725550
BANKNIFTY-III.NFO,19/03/2025,09:15:16,49851.25,49881.25,150,49911.6,60,0,725550
BANKNIFTY-III.NFO,19/03/2025,09:15:16,49851.25,49881.25,150,49911.6,60,0,725550
BANKNIFTY-III.NFO,19/03/2025,09:15:16,49851.25,49881.25,150,49911.6,60,0,725550
BANKNIFTY-III.NFO,19/03/2025,09:15:18,49851.25,49870.85,150,49895.25,60,0,725550
BANKNIFTY-III.NFO,19/03/2025,09:15:20,49889.7,49855.35,60,49886.25,60,60,725550
BANKNIFTY-III.NFO,19/03/2025,09:15:20,49889.7,49855.35,60,49886.25,60,0,725550
BANKNIFTY-III.NFO,19/03/2025,09:15:21,49889.7,49872.7,60,49901.7,60,0,725550
BANKNIFTY-III.NFO,19/03/2025,09:15:23,49889.7,49885.1,60,49912.95,60,0,725550
BANKNIFTY-III.NFO,19/03/2025,09:15:25,49900,49902.1,60,49924.95,60,30,725490
BANKNIFTY-III.NFO,19/03/2025,09:15:25,49900,49902.1,60,49924.95,60,0,725490
BANKNIFTY-III.NFO,19/03/2025,09:15:26,49900,49920.1,60,49925,30,0,725490
BANKNIFTY-III.NFO,19/03/2025,09:15:28,49925,49918.25,60,49949.35,60,30,725490
BANKNIFTY-III.NFO,19/03/2025,09:15:28,49925,49918.25,60,49949.35,60,0,725490
BANKNIFTY-III.NFO,19/03/2025,09:15:29,49925,49929.95,60,49959.05,60,0,725490
BANKNIFTY-III.NFO,19/03/2025,09:15:31,49925,49934.85,60,49962.8,60,0,725490
BANKNIFTY-III.NFO,19/03/2025,09:15:33,49962.85,49936.45,60,49964.6,60,120,725490
BANKNIFTY-III.NFO,19/03/2025,09:15:33,49962.85,49936.45,60,49964.6,60,0,725490
BANKNIFTY-III.NFO,19/03/2025,09:15:34,49962.85,49934.6,60,49965.95,60,0,725490
BANKNIFTY-III.NFO,19/03/2025,09:15:36,49962.85,49933.65,60,49959.55,60,0,725490
BANKNIFTY-III.NFO,19/03/2025,09:15:38,49962.85,49924.3,60,49957.65,60,0,725490
BANKNIFTY-III.NFO,19/03/2025,09:15:39,49962.85,49929.7,60,49956,60,0,725490
BANKNIFTY-III.NFO,19/03/2025,09:15:41,49962.85,49927.3,60,49950.3,30,0,725490
BANKNIFTY-III.NFO,19/03/2025,09:15:42,49962.85,49931.05,60,49956.6,30,0,725490
BANKNIFTY-III.NFO,19/03/2025,09:15:44,49962.85,49931.05,60,49954.35,30,0,725490
BANKNIFTY-III.NFO,19/03/2025,09:15:46,49931.05,49930.05,90,49950.6,30,30,725490
BANKNIFTY-III.NFO,19/03/2025,09:15:47,49931.05,49930,150,49938.9,90,0,725490
BANKNIFTY-III.NFO,19/03/2025,09:15:49,49918.35,49918.45,90,49940.25,60,120,725490
BANKNIFTY-III.NFO,19/03/2025,09:15:51,49918.35,49925.35,90,49949.35,60,0,725490
BANKNIFTY-III.NFO,19/03/2025,09:15:52,49918.35,49925.55,60,49938.9,30,0,725490
BANKNIFTY-III.NFO,19/03/2025,09:15:54,49925.65,49925.75,60,49938.9,30,30,725490
BANKNIFTY-III.NFO,19/03/2025,09:15:56,49925.65,49925.8,150,49938.85,90,0,725490
BANKNIFTY-III.NFO,19/03/2025,09:15:57,49925.65,49925.95,30,49938.9,30,0,725490
BANKNIFTY-III.NFO,19/03/2025,09:15:59,49925.65,49924.75,60,49938.9,30,0,725490
BANKNIFTY-III.NFO,19/03/2025,09:16:00,49938.9,49935.4,30,49959.95,90,60,725490
BANKNIFTY-III.NFO,19/03/2025,09:16:02,49960,49943.9,30,49960,30,30,725490
BANKNIFTY-III.NFO,19/03/2025,09:16:04,49960,49953.85,30,49960,30,0,725490
BANKNIFTY-III.NFO,19/03/2025,09:16:05,49960,49951.05,30,49960,60,0,725490
BANKNIFTY-III.NFO,19/03/2025,09:16:07,49960,49954.5,180,49960,60,0,725490
BANKNIFTY-III.NFO,19/03/2025,09:16:09,49960,49959.3,180,49960,90,0,725490
BANKNIFTY-III.NFO,19/03/2025,09:16:10,49960,49967.45,30,49989.35,60,90,725490
BANKNIFTY-III.NFO,19/03/2025,09:16:12,49983.95,49963.75,30,49983.95,60,60,725490
BANKNIFTY-III.NFO,19/03/2025,09:16:12,49983.95,49963.75,30,49983.95,60,0,725490
BANKNIFTY-III.NFO,19/03/2025,09:16:14,49983.95,49966.15,60,49988.9,60,30,725490
BANKNIFTY-III.NFO,19/03/2025,09:16:15,49983.95,49966.15,60,49988.9,60,0,725490
BANKNIFTY-III.NFO,19/03/2025,09:16:17,49983.95,49964.2,60,49986.1,60,0,725490
BANKNIFTY-III.NFO,19/03/2025,09:16:19,49983.95,49960.65,90,49984.15,60,0,725490
BANKNIFTY-III.NFO,19/03/2025,09:16:20,49983.95,49961.4,60,49984.1,60,30,725490
BANKNIFTY-III.NFO,19/03/2025,09:16:22,49983.95,49961.6,90,49984.1,60,0,725490
BANKNIFTY-III.NFO,19/03/2025,09:16:24,49983.95,49962.75,90,49984.1,60,0,725490
BANKNIFTY-III.NFO,19/03/2025,09:16:25,49983.95,49957.4,60,49981.8,60,0,725490
BANKNIFTY-III.NFO,19/03/2025,09:16:27,49983.95,49955.35,90,49976.65,60,0,725490
BANKNIFTY-III.NFO,19/03/2025,09:16:29,49983.95,49960.1,60,49978.85,60,0,725490
BANKNIFTY-III.NFO,19/03/2025,09:16:30,49955.35,49950.4,30,49975.55,60,300,725490
BANKNIFTY-III.NFO,19/03/2025,09:16:32,49955.35,49950.2,30,49971.4,60,0,725490
BANKNIFTY-III.NFO,19/03/2025,09:16:34,49955.35,49950.2,30,49968.35,60,0,725490
BANKNIFTY-III.NFO,19/03/2025,09:16:39,49955.35,49955,60,49969.2,60,0,725490
BANKNIFTY-III.NFO,19/03/2025,09:16:40,49955.35,49955.35,30,49970.05,60,0,725490
BANKNIFTY-III.NFO,19/03/2025,09:16:42,49955,49955.85,150,49975.7,60,150,725490
BANKNIFTY-III.NFO,19/03/2025,09:16:43,49955,49956.6,150,49976.5,60,0,725490
BANKNIFTY-III.NFO,19/03/2025,09:16:45,49955,49970.05,30,49984.1,60,0,725490
BANKNIFTY-III.NFO,19/03/2025,09:16:47,49958.75,49957.85,150,49982.35,60,150,725490
BANKNIFTY-III.NFO,19/03/2025,09:16:48,49982.35,49963.6,30,49983.3,60,30,725490
BANKNIFTY-III.NFO,19/03/2025,09:16:50,49982.35,49967.55,30,49989.35,60,0,725490
BANKNIFTY-III.NFO,19/03/2025,09:16:52,49982.35,49972.5,30,49993.5,60,0,725490
BANKNIFTY-III.NFO,19/03/2025,09:16:53,49982.35,49977.75,30,49999.95,60,0,725490
BANKNIFTY-III.NFO,19/03/2025,09:16:55,49982.35,49975.95,30,49999.95,90,0,725490
BANKNIFTY-III.NFO,19/03/2025,09:16:57,49982.35,49976.15,30,49998.75,60,0,725490
BANKNIFTY-III.NFO,19/03/2025,09:16:58,49982.35,49980.2,30,49999.95,90,0,725490
BANKNIFTY-III.NFO,19/03/2025,09:17:00,49982.35,49978.75,30,49999.95,90,0,725490
BANKNIFTY-III.NFO,19/03/2025,09:17:01,49982.35,49993.35,30,50000,240,0,725490
BANKNIFTY-III.NFO,19/03/2025,09:17:03,49987.55,49988.85,150,50000,240,120,725490
BANKNIFTY-III.NFO,19/03/2025,09:17:03,49989.95,49988.85,150,50000,240,0,725490
BANKNIFTY-III.NFO,19/03/2025,09:17:05,50000,49989.05,150,50000,120,120,725490
BANKNIFTY-III.NFO,19/03/2025,09:17:05,50000,49989.05,150,50000,120,0,725490
BANKNIFTY-III.NFO,19/03/2025,09:17:06,50000,49993.1,150,50000,120,0,725490
BANKNIFTY-III.NFO,19/03/2025,09:17:08,50000,49997.15,150,50000,90,0,725490
BANKNIFTY-III.NFO,19/03/2025,09:17:10,50000,49995.95,180,50020.45,60,90,725490
BANKNIFTY-III.NFO,19/03/2025,09:17:11,50018.3,49995.2,30,50015.5,60,30,725490
BANKNIFTY-III.NFO,19/03/2025,09:17:11,50018.3,49995.2,30,50015.5,60,0,725490
BANKNIFTY-III.NFO,19/03/2025,09:17:13,49994.65,49994,150,50015.5,60,150,725490
BANKNIFTY-III.NFO,19/03/2025,09:17:14,49994.65,50000.15,30,50018.3,60,0,725490
BANKNIFTY-III.NFO,19/03/2025,09:17:16,49994.65,50000.4,150,50020.45,60,0,725490
BANKNIFTY-III.NFO,19/03/2025,09:17:18,49994.65,50000,90,50019.05,60,0,725490
BANKNIFTY-III.NFO,19/03/2025,09:17:19,50000.15,50001.15,30,50019.9,60,150,725490
BANKNIFTY-III.NFO,19/03/2025,09:17:21,50000.15,50003.9,150,50020.45,60,0,725490
BANKNIFTY-III.NFO,19/03/2025,09:17:23,50025.85,50005.5,30,50028.65,60,30,725490
BANKNIFTY-III.NFO,19/03/2025,09:17:23,50025.85,50005.5,30,50028.65,60,0,725490
BANKNIFTY-III.NFO,19/03/2025,09:17:24,50025.85,50010.65,30,50028.65,60,0,725490
BANKNIFTY-III.NFO,19/03/2025,09:17:26,50010.6,50009.85,90,50030.05,60,150,725490
BANKNIFTY-III.NFO,19/03/2025,09:17:28,50010.6,50004.55,90,50026.9,60,0,725490
BANKNIFTY-III.NFO,19/03/2025,09:17:29,50010.6,50006.35,30,50026.9,60,0,725490
BANKNIFTY-III.NFO,19/03/2025,09:17:31,50010.6,50003.35,90,50009.85,150,0,725490
BANKNIFTY-III.NFO,19/03/2025,09:17:33,50009.85,50006.15,150,50009.85,90,60,725490
BANKNIFTY-III.NFO,19/03/2025,09:17:34,50010,50012.95,90,50031.45,60,120,725490
BANKNIFTY-III.NFO,19/03/2025,09:17:36,50010,50013.3,150,50034.25,60,0,725490
BANKNIFTY-III.NFO,19/03/2025,09:17:38,50010,50015.65,90,50034.25,60,0,725490
BANKNIFTY-III.NFO,19/03/2025,09:17:39,50010,50012.05,150,50018,90,0,725490
BANKNIFTY-III.NFO,19/03/2025,09:17:41,50010,50014.05,90,50018,90,0,725490
BANKNIFTY-III.NFO,19/03/2025,09:17:42,50014.05,50017.45,60,50036.85,60,120,725490
BANKNIFTY-III.NFO,19/03/2025,09:17:44,50014.05,50014.9,60,50035,60,0,725490
BANKNIFTY-III.NFO,19/03/2025,09:17:46,50014.05,50010,60,50026.6,60,0,725490
BANKNIFTY-III.NFO,19/03/2025,09:17:47,50014.05,50010,60,50012.95,30,0,725490
BANKNIFTY-III.NFO,19/03/2025,09:17:51,50012.95,50013.3,30,50029.65,60,30,725490
BANKNIFTY-III.NFO,19/03/2025,09:17:52,50012.95,50014.95,30,50032.1,60,0,725490
BANKNIFTY-III.NFO,19/03/2025,09:17:54,50012.95,50012.75,30,50031.5,60,0,725490
BANKNIFTY-III.NFO,19/03/2025,09:17:55,50012.95,50012,30,50030.5,60,0,725490
BANKNIFTY-III.NFO,19/03/2025,09:17:57,50032.15,50016.3,60,50032.5,60,150,725490
BANKNIFTY-III.NFO,19/03/2025,09:17:57,50032.15,50016.3,60,50032.5,60,0,725490
BANKNIFTY-III.NFO,19/03/2025,09:17:59,50032.15,50014.25,90,50032.5,60,0,725490
BANKNIFTY-III.NFO,19/03/2025,09:18:00,50032.15,50012.2,90,50030.7,60,0,725490
BANKNIFTY-III.NFO,19/03/2025,09:18:02,50032.15,50016,90,50033.8,60,0,725490
BANKNIFTY-III.NFO,19/03/2025,09:18:04,50032.15,50016.9,60,50036.25,60,0,725490
BANKNIFTY-III.NFO,19/03/2025,09:18:05,50032.15,50021.4,90,50038.4,60,0,725490
BANKNIFTY-III.NFO,19/03/2025,09:18:07,50032.15,50016.6,90,50035.65,60,0,725490
BANKNIFTY-III.NFO,19/03/2025,09:18:09,50032.15,50015.3,90,50034.15,60,0,725490
BANKNIFTY-III.NFO,19/03/2025,09:18:10,50032.15,50021.05,90,50038.4,60,0,725490
BANKNIFTY-III.NFO,19/03/2025,09:18:12,50032.15,50024.5,60,50042,60,0,725490
BANKNIFTY-III.NFO,19/03/2025,09:18:13,50032.15,50018.9,90,50038.35,60,0,725490
BANKNIFTY-III.NFO,19/03/2025,09:18:15,50032.15,50032,30,50035,30,0,725490
BANKNIFTY-III.NFO,19/03/2025,09:18:20,50032.05,50032.85,30,50035,30,30,725490
BANKNIFTY-III.NFO,19/03/2025,09:18:22,50032.05,50033.35,30,50035,30,0,725490
BANKNIFTY-III.NFO,19/03/2025,09:18:23,50035,50033.05,30,50042.05,30,30,726720
BANKNIFTY-III.NFO,19/03/2025,09:18:23,50035,50033.05,30,50042.05,30,0,726720
BANKNIFTY-III.NFO,19/03/2025,09:18:25,50035,50033.25,30,50042.05,30,0,726720
BANKNIFTY-III.NFO,19/03/2025,09:18:26,50035,50033.55,60,50042.05,30,0,726720
BANKNIFTY-III.NFO,19/03/2025,09:18:28,50034.05,50034,150,50042.05,30,30,726720
BANKNIFTY-III.NFO,19/03/2025,09:18:30,50034.05,50032.9,150,50042.05,30,0,726720
BANKNIFTY-III.NFO,19/03/2025,09:18:31,50034.05,50032,30,50042.05,30,0,726720
BANKNIFTY-III.NFO,19/03/2025,09:18:35,50034.05,50035,30,50042.05,30,0,726720
BANKNIFTY-III.NFO,19/03/2025,09:18:36,50034.05,50035,60,50042.05,30,0,726720
BANKNIFTY-III.NFO,19/03/2025,09:18:38,50034.05,50036.9,150,50042.05,30,0,726720
BANKNIFTY-III.NFO,19/03/2025,09:18:39,50042.75,50043.8,180,50049,120,90,726720
BANKNIFTY-III.NFO,19/03/2025,09:18:39,50042.75,50043.8,180,50049,120,0,726720
BANKNIFTY-III.NFO,19/03/2025,09:18:41,50049,50048.7,150,50050,30,120,726720
BANKNIFTY-III.NFO,19/03/2025,09:18:41,50049,50048.7,150,50050,30,0,726720
BANKNIFTY-III.NFO,19/03/2025,09:18:43,50050,50046.1,180,50064.05,60,30,726720
BANKNIFTY-III.NFO,19/03/2025,09:18:43,50050,50046.1,180,50064.05,60,0,726720
BANKNIFTY-III.NFO,19/03/2025,09:18:44,50050,50046.5,180,50064,60,0,726720
BANKNIFTY-III.NFO,19/03/2025,09:18:46,50066.7,50054.15,60,50071.7,60,30,726720
BANKNIFTY-III.NFO,19/03/2025,09:18:46,50066.7,50054.15,60,50071.7,60,0,726720
BANKNIFTY-III.NFO,19/03/2025,09:18:48,50066.7,50063.05,60,50079,60,0,726720
BANKNIFTY-III.NFO,19/03/2025,09:18:49,50066.7,50052.05,60,50071.2,90,0,726720
BANKNIFTY-III.NFO,19/03/2025,09:18:51,50066.7,50056.45,30,50076.2,60,0,726720
BANKNIFTY-III.NFO,19/03/2025,09:18:53,50066.7,50066.7,30,50074.25,60,0,726720
BANKNIFTY-III.NFO,19/03/2025,09:18:57,50074.25,50066.7,30,50075.9,30,60,726720
BANKNIFTY-III.NFO,19/03/2025,09:18:57,50074.25,50066.7,30,50075.9,30,0,726720
BANKNIFTY-III.NFO,19/03/2025,09:18:59,50074.25,50066.7,30,50079.7,30,0,726720
BANKNIFTY-III.NFO,19/03/2025,09:19:01,50074.25,50074.25,30,50079.9,30,30,726720
BANKNIFTY-III.NFO,19/03/2025,09:19:02,50074.25,50075,30,50079.9,30,0,726720
BANKNIFTY-III.NFO,19/03/2025,09:19:06,50074.25,50070,30,50072.8,60,60,726720
BANKNIFTY-III.NFO,19/03/2025,09:19:06,50075,50070,30,50072.8,60,0,726720
BANKNIFTY-III.NFO,19/03/2025,09:19:07,50074.25,50070,30,50073.4,30,0,726720
BANKNIFTY-III.NFO,19/03/2025,09:19:09,50075.85,50070,30,50076.85,120,30,726720
BANKNIFTY-III.NFO,19/03/2025,09:19:09,50075.85,50070,30,50076.85,120,0,726720
BANKNIFTY-III.NFO,19/03/2025,09:19:11,50075.85,50070,30,50079.95,30,0,726720
BANKNIFTY-III.NFO,19/03/2025,09:19:12,50075.85,50074.25,480,50079.95,30,0,726720
BANKNIFTY-III.NFO,19/03/2025,09:19:14,50074.25,50070,30,50079.95,60,480,726720
BANKNIFTY-III.NFO,19/03/2025,09:19:16,50074.25,50070,30,50077.9,150,0,726720
BANKNIFTY-III.NFO,19/03/2025,09:19:17,50079.6,50075,30,50077.35,90,30,726720
BANKNIFTY-III.NFO,19/03/2025,09:19:17,50079.6,50075,30,50077.35,90,0,726720
BANKNIFTY-III.NFO,19/03/2025,09:19:19,50079.6,50075,30,50079.95,30,0,726720
BANKNIFTY-III.NFO,19/03/2025,09:19:21,50079.6,50075,30,50077.55,90,0,726720
BANKNIFTY-III.NFO,19/03/2025,09:19:22,50075,50052.1,90,50069.6,90,30,726720
BANKNIFTY-III.NFO,19/03/2025,09:19:24,50075,50051.8,60,50069.6,30,0,726720
BANKNIFTY-III.NFO,19/03/2025,09:19:26,50075,50051.85,30,50065.1,90,0,726720
BANKNIFTY-III.NFO,19/03/2025,09:19:27,50073.55,50055.85,60,50073.55,30,90,726720
BANKNIFTY-III.NFO,19/03/2025,09:19:29,50073.55,50063.4,90,50080.6,30,0,726720
BANKNIFTY-III.NFO,19/03/2025,09:19:31,50076.5,50059.4,60,50077.55,30,30,726720
BANKNIFTY-III.NFO,19/03/2025,09:19:32,50076.5,50063.65,60,50081.7,30,0,726720
BANKNIFTY-III.NFO,19/03/2025,09:19:34,50076.5,50073,30,50081.4,90,0,726720
BANKNIFTY-III.NFO,19/03/2025,09:19:36,50076.5,50073,30,50077.9,90,0,726720
BANKNIFTY-III.NFO,19/03/2025,09:19:37,50076.5,50073,30,50079.85,90,0,726720
BANKNIFTY-III.NFO,19/03/2025,09:19:39,50076.5,50057,60,50076.35,60,480,726720
BANKNIFTY-III.NFO,19/03/2025,09:19:41,50076.5,50057.3,60,50074.7,60,0,726720
BANKNIFTY-III.NFO,19/03/2025,09:19:42,50076.5,50063.1,60,50081.5,30,0,726720
BANKNIFTY-III.NFO,19/03/2025,09:19:44,50076.5,50068.4,60,50085.95,90,0,726720
BANKNIFTY-III.NFO,19/03/2025,09:19:46,50076.5,50076,30,50080.6,90,0,726720
BANKNIFTY-III.NFO,19/03/2025,09:19:47,50076.5,50076,30,50085.95,30,0,726720
BANKNIFTY-III.NFO,19/03/2025,09:19:49,50076.5,50076.5,30,50086,30,0,726720
BANKNIFTY-III.NFO,19/03/2025,09:19:51,50076.5,50076.55,60,50086,30,0,726720
BANKNIFTY-III.NFO,19/03/2025,09:19:52,50076.5,50081.65,60,50086,30,0,726720
BANKNIFTY-III.NFO,19/03/2025,09:19:54,50080.95,50076.5,30,50086,30,180,726720
BANKNIFTY-III.NFO,19/03/2025,09:19:54,50081,50076.5,30,50086,30,0,726720
BANKNIFTY-III.NFO,19/03/2025,09:19:56,50080.95,50080,60,50086,30,0,726720
BANKNIFTY-III.NFO,19/03/2025,09:19:57,50080,50080,30,50086,30,30,726720
BANKNIFTY-III.NFO,19/03/2025,09:19:59,50080,50080,30,50086,30,0,726720
BANKNIFTY-III.NFO,19/03/2025,09:20:00,50080,50080,30,50085.95,60,0,726720
BANKNIFTY-III.NFO,19/03/2025,09:20:02,50080,50080,120,50085.95,90,0,726720
BANKNIFTY-III.NFO,19/03/2025,09:20:04,50080,50080,120,50085.55,90,0,726720
BANKNIFTY-III.NFO,19/03/2025,09:20:05,50080,50076.5,30,50083.8,90,120,726720
BANKNIFTY-III.NFO,19/03/2025,09:20:07,50076,50063.4,180,50080.1,60,60,726720
BANKNIFTY-III.NFO,19/03/2025,09:20:09,50076,50061.85,30,50079.1,60,0,726720
BANKNIFTY-III.NFO,19/03/2025,09:20:10,50079.1,50061.95,30,50076.75,120,30,726720
BANKNIFTY-III.NFO,19/03/2025,09:20:12,50079.1,50056.5,30,50069.5,60,0,726720
BANKNIFTY-III.NFO,19/03/2025,09:20:13,50069.5,50056.55,30,50070.85,60,30,726720
BANKNIFTY-III.NFO,19/03/2025,09:20:15,50069.5,50056.7,90,50073.8,60,0,726720
BANKNIFTY-III.NFO,19/03/2025,09:20:17,50069.5,50058,90,50076.95,90,0,726720
BANKNIFTY-III.NFO,19/03/2025,09:20:18,50078.4,50059.65,60,50077.85,30,360,726720
BANKNIFTY-III.NFO,19/03/2025,09:20:20,50078.4,50056.55,60,50069.5,60,0,726720
BANKNIFTY-III.NFO,19/03/2025,09:20:22,50056.5,50051.6,30,50056.05,90,30,726720
BANKNIFTY-III.NFO,19/03/2025,09:20:23,50051.6,50024,60,50043.95,90,30,726720
BANKNIFTY-III.NFO,19/03/2025,09:20:25,50051.6,50025.15,60,50044.1,30,0,726720
BANKNIFTY-III.NFO,19/03/2025,09:20:27,50041.6,50026.15,60,50049,30,60,726720
BANKNIFTY-III.NFO,19/03/2025,09:20:28,50041.6,50026.3,30,50038.65,30,0,726720
BANKNIFTY-III.NFO,19/03/2025,09:20:30,50041.6,50023.9,60,50042.3,30,0,726720
BANKNIFTY-III.NFO,19/03/2025,09:20:32,50024,50023.7,60,50043.05,30,30,726720
BANKNIFTY-III.NFO,19/03/2025,09:20:33,50024,50041.6,30,50044.85,60,0,726720
BANKNIFTY-III.NFO,19/03/2025,09:20:37,50041.6,50022.4,90,50042.5,30,30,726720
BANKNIFTY-III.NFO,19/03/2025,09:20:38,50041.6,50029.7,60,50044.85,30,0,726720
BANKNIFTY-III.NFO,19/03/2025,09:20:40,50041.6,50028.4,60,50050,30,0,726720
BANKNIFTY-III.NFO,19/03/2025,09:20:42,50041.6,50032.6,60,50049.95,60,0,726720
BANKNIFTY-III.NFO,19/03/2025,09:20:43,50031.65,50032.65,60,50049.95,30,30,726720
BANKNIFTY-III.NFO,19/03/2025,09:20:45,50031.65,50032.65,60,50049.85,60,0,726720
BANKNIFTY-III.NFO,19/03/2025,09:20:47,50031.65,50034.6,60,50049.9,30,0,726720
BANKNIFTY-III.NFO,19/03/2025,09:20:48,50031.65,50034.5,60,50049.9,30,0,726720
BANKNIFTY-III.NFO,19/03/2025,09:20:50,50031.65,50035.65,90,50049.85,30,0,726720
BANKNIFTY-III.NFO,19/03/2025,09:20:51,50031.65,50032.4,60,50049.8,60,0,726720
BANKNIFTY-III.NFO,19/03/2025,09:20:53,50031.65,50038.1,60,50049.7,30,0,726720
BANKNIFTY-III.NFO,19/03/2025,09:20:55,50036.4,50034.45,90,50049.6,90,30,726720
BANKNIFTY-III.NFO,19/03/2025,09:20:56,50036.4,50034.65,60,50049.7,30,0,726720
BANKNIFTY-III.NFO,19/03/2025,09:20:58,50036.4,50034.1,60,50049.65,90,0,726720
BANKNIFTY-III.NFO,19/03/2025,09:20:59,50030.55,50029,30,50045.3,60,30,726720
BANKNIFTY-III.NFO,19/03/2025,09:21:01,50030.55,50036,30,50043,30,0,726720
BANKNIFTY-III.NFO,19/03/2025,09:21:03,50030.55,50036,30,50037.05,90,0,726720
BANKNIFTY-III.NFO,19/03/2025,09:21:04,50036,50017.95,30,50033.4,90,30,726720
BANKNIFTY-III.NFO,19/03/2025,09:21:06,50027.75,50012.05,120,50028.45,30,180,726720
BANKNIFTY-III.NFO,19/03/2025,09:21:08,50027.75,50012,30,50017.75,30,0,726720
BANKNIFTY-III.NFO,19/03/2025,09:21:09,50012,50000.15,60,50019.2,30,30,726720
BANKNIFTY-III.NFO,19/03/2025,09:21:11,50012,50000.05,90,50017.25,30,0,726720
BANKNIFTY-III.NFO,19/03/2025,09:21:13,50012,50000,180,50007.65,60,0,726720
BANKNIFTY-III.NFO,19/03/2025,09:21:14,50000,50000,150,50011.95,60,30,726720
BANKNIFTY-III.NFO,19/03/2025,09:21:16,50000,50000,90,50011.95,60,60,726720
BANKNIFTY-III.NFO,19/03/2025,09:21:18,50000,50000,90,50008.55,60,0,726720
BANKNIFTY-III.NFO,19/03/2025,09:21:19,50000,50000,90,50011.95,30,0,726720
BANKNIFTY-III.NFO,19/03/2025,09:21:21,50000,50000,90,50011.85,30,0,726720
BANKNIFTY-III.NFO,19/03/2025,09:21:23,50000,50000.05,90,50011.9,30,0,726720
BANKNIFTY-III.NFO,19/03/2025,09:21:24,50000,50000,90,50007.65,30,0,726720
BANKNIFTY-III.NFO,19/03/2025,09:21:26,50000,50000,90,50010.3,60,0,726720
BANKNIFTY-III.NFO,19/03/2025,09:21:28,50000,50000,60,50010.2,60,0,726720
BANKNIFTY-III.NFO,19/03/2025,09:21:29,50000,50000,60,50010.25,30,0,726720
BANKNIFTY-III.NFO,19/03/2025,09:21:31,50000,50000.05,60,50011.9,30,30,727980
BANKNIFTY-III.NFO,19/03/2025,09:21:33,50000,50000,30,50011.95,30,0,727980
BANKNIFTY-III.NFO,19/03/2025,09:21:34,50000,50000,30,50010.55,60,0,727980
BANKNIFTY-III.NFO,19/03/2025,09:21:36,50000,50000,30,50011.65,60,0,727980
BANKNIFTY-III.NFO,19/03/2025,09:21:38,50005.95,50000,30,50004.3,60,30,727980
BANKNIFTY-III.NFO,19/03/2025,09:21:39,50005.95,50000,30,50005.6,60,0,727980
BANKNIFTY-III.NFO,19/03/2025,09:21:41,50000,49986.85,90,50003,60,30,727980
BANKNIFTY-III.NFO,19/03/2025,09:21:43,50000,49987.1,30,50000.65,90,0,727980
BANKNIFTY-III.NFO,19/03/2025,09:21:44,50000,49987.1,30,50002.9,60,0,727980
BANKNIFTY-III.NFO,19/03/2025,09:21:46,50000,49982.35,30,49993.05,60,0,727980
BANKNIFTY-III.NFO,19/03/2025,09:21:48,50000,49982.35,30,49986.25,60,0,727980
BANKNIFTY-III.NFO,19/03/2025,09:21:49,49982.35,49962.8,60,49981,30,30,727980
BANKNIFTY-III.NFO,19/03/2025,09:21:51,49982.35,49959.4,60,49980.55,30,0,727980
BANKNIFTY-III.NFO,19/03/2025,09:21:53,49982.35,49967.9,60,49989.55,30,0,727980
BANKNIFTY-III.NFO,19/03/2025,09:21:55,49982.35,49963.75,60,49986.1,60,0,727980
BANKNIFTY-III.NFO,19/03/2025,09:21:56,49982.35,49965.65,60,49986.3,60,0,727980
BANKNIFTY-III.NFO,19/03/2025,09:21:58,49982.35,49964.55,60,49989.3,30,0,727980
BANKNIFTY-III.NFO,19/03/2025,09:21:59,49982.35,49966.45,60,49984.75,60,0,727980
BANKNIFTY-III.NFO,19/03/2025,09:22:01,49982.35,49960.45,60,49975.7,30,0,727980
BANKNIFTY-III.NFO,19/03/2025,09:22:03,49982.35,49964.6,60,49987.25,30,0,727980
BANKNIFTY-III.NFO,19/03/2025,09:22:04,49982.35,49963.05,60,49980.1,30,0,727980
BANKNIFTY-III.NFO,19/03/2025,09:22:06,49982.35,49969.8,60,49982.4,30,0,727980
BANKNIFTY-III.NFO,19/03/2025,09:22:08,49982.4,49966.85,60,49989.9,90,60,727980
BANKNIFTY-III.NFO,19/03/2025,09:22:09,49982.4,49965.65,60,49985.65,90,0,727980
BANKNIFTY-III.NFO,19/03/2025,09:22:11,49965.65,49964.05,60,49981.2,60,30,727980
BANKNIFTY-III.NFO,19/03/2025,09:22:12,49965.65,49967,60,49988.45,30,0,727980
BANKNIFTY-III.NFO,19/03/2025,09:22:14,49965.65,49967.2,60,49987.35,60,0,727980
BANKNIFTY-III.NFO,19/03/2025,09:22:16,49965.65,49967.35,60,49987.1,30,0,727980
BANKNIFTY-III.NFO,19/03/2025,09:22:17,49965.65,49967.35,60,49986.15,30,0,727980
BANKNIFTY-III.NFO,19/03/2025,09:22:19,49965.65,49965.7,90,49981.45,30,0,727980
BANKNIFTY-III.NFO,19/03/2025,09:22:21,49965.65,49967.5,60,49988.15,30,0,727980
BANKNIFTY-III.NFO,19/03/2025,09:22:22,49965.65,49966.6,60,49985.25,30,0,727980
BANKNIFTY-III.NFO,19/03/2025,09:22:24,49965.65,49967.3,60,49988.15,30,0,727980
BANKNIFTY-III.NFO,19/03/2025,09:22:26,49965.65,49973.25,60,49993.7,30,0,727980
BANKNIFTY-III.NFO,19/03/2025,09:22:27,49965.65,49980.15,60,49999.95,60,0,727980
BANKNIFTY-III.NFO,19/03/2025,09:22:29,49965.65,49981.45,60,49999.95,60,0,727980
BANKNIFTY-III.NFO,19/03/2025,09:22:31,49965.65,49983.5,60,50000,60,0,727980
BANKNIFTY-III.NFO,19/03/2025,09:22:32,49965.65,49980.75,60,49999.95,60,0,727980
BANKNIFTY-III.NFO,19/03/2025,09:22:34,49965.65,49977.9,60,49997.55,30,0,727980
BANKNIFTY-III.NFO,19/03/2025,09:22:36,49965.65,49973.6,60,49991.65,60,0,727980
BANKNIFTY-III.NFO,19/03/2025,09:22:37,49970.05,49970,30,49986.35,120,30,727980
BANKNIFTY-III.NFO,19/03/2025,09:22:39,49970.05,49970,60,49985.95,120,0,727980
BANKNIFTY-III.NFO,19/03/2025,09:22:41,49970.05,49970,30,49985.55,120,0,727980
BANKNIFTY-III.NFO,19/03/2025,09:22:42,49970.05,49970,60,49985.7,120,0,727980
BANKNIFTY-III.NFO,19/03/2025,09:22:44,49970.05,49970,90,49985.1,120,0,727980
BANKNIFTY-III.NFO,19/03/2025,09:22:46,49970.05,49970,90,49979.95,120,0,727980
BANKNIFTY-III.NFO,19/03/2025,09:22:47,49970.05,49970,90,49980,120,0,727980
BANKNIFTY-III.NFO,19/03/2025,09:22:51,49970.05,49970.05,120,49980,120,0,727980
BANKNIFTY-III.NFO,19/03/2025,09:22:52,49970.05,49970.05,150,49980,120,0,727980
BANKNIFTY-III.NFO,19/03/2025,09:22:54,49970.05,49970.05,150,49990.45,120,0,727980
BANKNIFTY-III.NFO,19/03/2025,09:22:56,49970.05,49970.05,150,49988.7,120,0,727980
BANKNIFTY-III.NFO,19/03/2025,09:22:57,49970.05,49972.55,120,49992.2,120,0,727980
BANKNIFTY-III.NFO,19/03/2025,09:23:01,49970.05,49975.75,120,49996.35,120,0,727980
BANKNIFTY-III.NFO,19/03/2025,09:23:02,49970.05,49976.45,120,49986,30,0,727980
BANKNIFTY-III.NFO,19/03/2025,09:23:04,49970.05,49972.05,150,49985.95,120,0,727980
BANKNIFTY-III.NFO,19/03/2025,09:23:06,49970.05,49973.15,120,49986,30,0,727980
BANKNIFTY-III.NFO,19/03/2025,09:23:09,49970.05,49972,30,49985.95,150,0,727980
BANKNIFTY-III.NFO,19/03/2025,09:23:11,49970.05,49972.05,150,49986,30,0,727980
BANKNIFTY-III.NFO,19/03/2025,09:23:12,49970.05,49972.05,30,49985.95,120,0,727980
BANKNIFTY-III.NFO,19/03/2025,09:23:14,49970.05,49972,30,49985.95,150,0,727980
BANKNIFTY-III.NFO,19/03/2025,09:23:16,49970.05,49972.05,120,49985.95,120,0,727980
BANKNIFTY-III.NFO,19/03/2025,09:23:17,49970.05,49972.05,150,49986,30,0,727980
BANKNIFTY-III.NFO,19/03/2025,09:23:19,49970.05,49972.05,150,49985.95,120,0,727980
BANKNIFTY-III.NFO,19/03/2025,09:23:21,49970.05,49972.05,150,49986,30,0,727980
BANKNIFTY-III.NFO,19/03/2025,09:23:22,49970.05,49972.05,120,49985.95,30,0,727980
BANKNIFTY-III.NFO,19/03/2025,09:23:24,49970.05,49972,30,49985.95,150,0,727980
BANKNIFTY-III.NFO,19/03/2025,09:23:29,49970.05,49972.85,120,49986,30,0,727980
BANKNIFTY-III.NFO,19/03/2025,09:23:31,49970.05,49972.05,30,49985.95,120,0,727980
BANKNIFTY-III.NFO,19/03/2025,09:23:32,49985.95,49972.05,150,49986,30,30,727980
BANKNIFTY-III.NFO,19/03/2025,09:23:34,49985.95,49973.3,120,49986,30,0,727980
BANKNIFTY-III.NFO,19/03/2025,09:23:37,49985.95,49972.05,150,49986,30,0,727980
BANKNIFTY-III.NFO,19/03/2025,09:23:39,49985.95,49980.3,150,49986,30,0,727980
BANKNIFTY-III.NFO,19/03/2025,09:23:40,49985.95,49973.9,120,49986,30,0,727980
BANKNIFTY-III.NFO,19/03/2025,09:23:42,49985.95,49972.05,150,49985.95,90,0,727980
BANKNIFTY-III.NFO,19/03/2025,09:23:44,49985.95,49980,30,49986,30,0,727980
BANKNIFTY-III.NFO,19/03/2025,09:23:50,49985.95,49980,30,49985.95,90,0,727980
BANKNIFTY-III.NFO,19/03/2025,09:23:57,49980,49975,30,49985.95,120,30,727980
BANKNIFTY-III.NFO,19/03/2025,09:23:59,49980,49975,30,49985.95,120,0,727980
BANKNIFTY-III.NFO,19/03/2025,09:24:00,49980,49975,30,49977.55,120,0,727980
BANKNIFTY-III.NFO,19/03/2025,09:24:02,49970,49962,30,49970.45,120,120,727980
BANKNIFTY-III.NFO,19/03/2025,09:24:04,49962,49954,30,49959.6,60,30,727980
BANKNIFTY-III.NFO,19/03/2025,09:24:05,49962,49954,30,49968.4,60,0,727980
BANKNIFTY-III.NFO,19/03/2025,09:24:07,49962,49954,30,49964.55,90,0,727980
BANKNIFTY-III.NFO,19/03/2025,09:24:09,49954,49950,150,49961.95,60,30,727980
BANKNIFTY-III.NFO,19/03/2025,09:24:11,49954,49950,150,49961.95,60,0,727980
BANKNIFTY-III.NFO,19/03/2025,09:24:12,49954,49950.05,150,49962,30,0,727980
BANKNIFTY-III.NFO,19/03/2025,09:24:14,49954,49950,150,49962,30,0,727980
BANKNIFTY-III.NFO,19/03/2025,09:24:15,49954,49950,150,49961.95,90,0,727980
BANKNIFTY-III.NFO,19/03/2025,09:24:17,49954,49950,150,49957.7,90,0,727980
BANKNIFTY-III.NFO,19/03/2025,09:24:19,49954,49950,150,49955.55,90,0,727980
BANKNIFTY-III.NFO,19/03/2025,09:24:20,49954,49950,150,49959.15,60,0,727980
BANKNIFTY-III.NFO,19/03/2025,09:24:22,49950,49950,120,49961.95,60,30,727980
BANKNIFTY-III.NFO,19/03/2025,09:24:24,49961.95,49950,120,49961.45,60,30,727980
BANKNIFTY-III.NFO,19/03/2025,09:24:25,49961.95,49950,120,49958.2,30,0,727980
BANKNIFTY-III.NFO,19/03/2025,09:24:27,49961.95,49950,120,49956.3,30,0,727980
BANKNIFTY-III.NFO,19/03/2025,09:24:29,49959.95,49950,120,49961.95,30,30,728100
BANKNIFTY-III.NFO,19/03/2025,09:24:30,49959.95,49950.05,120,49962,30,0,728100
BANKNIFTY-III.NFO,19/03/2025,09:24:32,49959.95,49950.05,150,49962,30,0,728100
BANKNIFTY-III.NFO,19/03/2025,09:24:35,49962,49954.05,150,49970,30,30,728100
BANKNIFTY-III.NFO,19/03/2025,09:24:37,49962,49960.3,120,49970,30,0,728100
BANKNIFTY-III.NFO,19/03/2025,09:24:40,49960.3,49960.3,120,49970,60,30,728100
BANKNIFTY-III.NFO,19/03/2025,09:24:42,49960.3,49960.3,120,49970,60,0,728100
BANKNIFTY-III.NFO,19/03/2025,09:24:44,49960.3,49957,120,49970,60,0,728100
BANKNIFTY-III.NFO,19/03/2025,09:24:45,49960.3,49959.3,120,49970,60,0,728100
BANKNIFTY-III.NFO,19/03/2025,09:24:47,49970,49968.3,120,49978,30,60,728100
BANKNIFTY-III.NFO,19/03/2025,09:24:49,49970,49962.05,150,49977.95,90,0,728100
BANKNIFTY-III.NFO,19/03/2025,09:24:50,49970,49962.05,150,49978,30,0,728100
BANKNIFTY-III.NFO,19/03/2025,09:24:52,49970,49970,30,49978,30,0,728100
BANKNIFTY-III.NFO,19/03/2025,09:24:55,49970,49970,30,49977.95,60,0,728100
BANKNIFTY-III.NFO,19/03/2025,09:24:57,49970,49962,30,49969.2,60,30,728100
BANKNIFTY-III.NFO,19/03/2025,09:24:59,49970,49962,30,49965.55,60,0,728100
BANKNIFTY-III.NFO,19/03/2025,09:25:00,49954,49950,120,49953.55,60,60,728100
BANKNIFTY-III.NFO,19/03/2025,09:25:02,49954,49950,120,49960.9,60,0,728100
BANKNIFTY-III.NFO,19/03/2025,09:25:04,49954,49950.05,120,49962,30,0,728100
BANKNIFTY-III.NFO,19/03/2025,09:25:07,49954,49950.05,150,49962,30,0,728100
BANKNIFTY-III.NFO,19/03/2025,09:25:10,49954,49950.05,120,49962,30,0,728100
BANKNIFTY-III.NFO,19/03/2025,09:25:12,49954,49950,120,49959.6,90,0,728100
BANKNIFTY-III.NFO,19/03/2025,09:25:14,49954,49950,120,49960.65,60,0,728100
BANKNIFTY-III.NFO,19/03/2025,09:25:15,49954,49950,120,49957.9,90,0,728100
BANKNIFTY-III.NFO,19/03/2025,09:25:17,49954,49950,120,49961.05,90,0,728100
BANKNIFTY-III.NFO,19/03/2025,09:25:18,49954,49950,120,49959,30,0,728100
BANKNIFTY-III.NFO,19/03/2025,09:25:22,49954,49950,120,49958.95,60,0,728100
BANKNIFTY-III.NFO,19/03/2025,09:25:27,49954,49950.05,150,49959,30,0,728100
BANKNIFTY-III.NFO,19/03/2025,09:25:30,49954,49950,90,49961.95,60,0,728100
BANKNIFTY-III.NFO,19/03/2025,09:25:32,49954,49950,90,49961.95,90,0,728100
BANKNIFTY-III.NFO,19/03/2025,09:25:33,49950,49950,60,49961.95,90,30,728100
BANKNIFTY-III.NFO,19/03/2025,09:25:35,49950,49950,60,49959.5,90,0,728100
BANKNIFTY-III.NFO,19/03/2025,09:25:37,49950,49950,60,49957.8,60,0,728100
BANKNIFTY-III.NFO,19/03/2025,09:25:38,49950,49950,60,49961.5,90,0,728100
BANKNIFTY-III.NFO,19/03/2025,09:25:40,49950,49950,60,49961.95,30,0,728100
BANKNIFTY-III.NFO,19/03/2025,09:25:42,49950,49954.05,120,49961.95,30,0,728100
BANKNIFTY-III.NFO,19/03/2025,09:25:47,49950,49954,120,49961.95,30,0,728100
BANKNIFTY-III.NFO,19/03/2025,09:25:48,49961.95,49954.05,150,49962,30,30,728100
BANKNIFTY-III.NFO,19/03/2025,09:25:50,49961.95,49954.05,150,49962,30,0,728100
BANKNIFTY-III.NFO,19/03/2025,09:25:52,49962,49954.6,120,49970,30,30,728100
BANKNIFTY-III.NFO,19/03/2025,09:25:53,49962,49954.6,120,49970,30,0,728100
BANKNIFTY-III.NFO,19/03/2025,09:25:55,49962,49955.3,120,49970,30,0,728100
BANKNIFTY-III.NFO,19/03/2025,09:25:57,49962,49954.6,120,49970,30,0,728100
BANKNIFTY-III.NFO,19/03/2025,09:25:58,49962,49954,180,49967.5,60,0,728100
BANKNIFTY-III.NFO,19/03/2025,09:26:00,49962,49954,150,49960.4,90,0,728100
BANKNIFTY-III.NFO,19/03/2025,09:26:02,49962,49954,150,49957.25,60,0,728100
BANKNIFTY-III.NFO,19/03/2025,09:26:03,49957.2,49954,120,49961.8,60,60,728100
BANKNIFTY-III.NFO,19/03/2025,09:26:05,49957.2,49954,120,49961.45,30,0,728100
BANKNIFTY-III.NFO,19/03/2025,09:26:07,49957.2,49954,120,49967.9,30,0,728100
BANKNIFTY-III.NFO,19/03/2025,09:26:08,49969.15,49954.05,150,49968.35,90,30,728100
BANKNIFTY-III.NFO,19/03/2025,09:26:10,49954,49950,180,49951.3,60,120,728100
BANKNIFTY-III.NFO,19/03/2025,09:26:12,49950,49946,30,49953,60,180,728100
BANKNIFTY-III.NFO,19/03/2025,09:26:13,49950,49946,30,49948.9,30,0,728100
BANKNIFTY-III.NFO,19/03/2025,09:26:15,49946,49938,30,49943.65,60,30,728100
BANKNIFTY-III.NFO,19/03/2025,09:26:17,49938,49930,30,49938.3,60,30,728100
BANKNIFTY-III.NFO,19/03/2025,09:26:18,49937.8,49930,30,49940.45,90,30,728100
BANKNIFTY-III.NFO,19/03/2025,09:26:20,49935.15,49930,30,49936.85,90,30,728100
BANKNIFTY-III.NFO,19/03/2025,09:26:22,49935.15,49930,30,49937.95,60,0,728100
BANKNIFTY-III.NFO,19/03/2025,09:26:23,49935.15,49930,30,49936.15,30,0,728100
BANKNIFTY-III.NFO,19/03/2025,09:26:25,49935.15,49930,30,49930.95,30,0,728100
BANKNIFTY-III.NFO,19/03/2025,09:26:27,49930,49922,30,49929.6,30,30,728100
BANKNIFTY-III.NFO,19/03/2025,09:26:28,49930,49922,30,49927.35,30,0,728100
BANKNIFTY-III.NFO,19/03/2025,09:26:30,49930,49922,30,49927.1,30,0,728100
BANKNIFTY-III.NFO,19/03/2025,09:26:32,49930,49922,30,49924.5,30,0,728100
BANKNIFTY-III.NFO,19/03/2025,09:26:33,49930,49922,30,49926.9,30,0,728100
BANKNIFTY-III.NFO,19/03/2025,09:26:35,49930,49922,30,49924.2,30,0,728100
BANKNIFTY-III.NFO,19/03/2025,09:26:37,49930,49922,30,49924.85,30,0,728100
BANKNIFTY-III.NFO,19/03/2025,09:26:38,49922,49920,120,49924.3,60,30,728100
BANKNIFTY-III.NFO,19/03/2025,09:26:40,49922,49922.25,30,49930,30,0,728100
BANKNIFTY-III.NFO,19/03/2025,09:26:42,49920,49914.05,120,49920,450,150,728100
BANKNIFTY-III.NFO,19/03/2025,09:26:43,49920,49914.05,120,49920,450,0,728100
BANKNIFTY-III.NFO,19/03/2025,09:26:45,49920,49915,120,49920,450,0,728100
BANKNIFTY-III.NFO,19/03/2025,09:26:47,49920,49918.75,150,49930,30,450,728100
BANKNIFTY-III.NFO,19/03/2025,09:26:48,49920,49921.5,120,49930,30,0,728100
BANKNIFTY-III.NFO,19/03/2025,09:26:50,49920,49924.2,120,49930,30,0,728100
BANKNIFTY-III.NFO,19/03/2025,09:26:52,49930,49928.4,120,49938,30,30,728100
BANKNIFTY-III.NFO,19/03/2025,09:26:53,49930,49929.95,150,49938,30,0,728100
BANKNIFTY-III.NFO,19/03/2025,09:26:55,49949.2,49938.05,150,49950,30,120,728100
BANKNIFTY-III.NFO,19/03/2025,09:26:57,49949.2,49938.05,120,49950,30,0,728100
BANKNIFTY-III.NFO,19/03/2025,09:26:58,49949.2,49940.5,150,49950,30,0,728100
BANKNIFTY-III.NFO,19/03/2025,09:27:00,49949.2,49946.3,120,49950,30,30,728100
BANKNIFTY-III.NFO,19/03/2025,09:27:02,49949.5,49947.9,150,49954,30,60,728100
BANKNIFTY-III.NFO,19/03/2025,09:27:03,49954,49955.35,150,49962,30,30,728100
BANKNIFTY-III.NFO,19/03/2025,09:27:05,49962,49964.25,150,49970,30,30,728100
BANKNIFTY-III.NFO,19/03/2025,09:27:07,49958.55,49956.9,150,49970,30,30,728100
BANKNIFTY-III.NFO,19/03/2025,09:27:08,49958.55,49958.05,150,49970,30,0,728100
BANKNIFTY-III.NFO,19/03/2025,09:27:10,49958.55,49963.65,150,49970,30,0,728100
BANKNIFTY-III.NFO,19/03/2025,09:27:12,49958.55,49964.35,150,49970,30,0,728100
BANKNIFTY-III.NFO,19/03/2025,09:27:13,49958.55,49963.3,120,49970,30,0,728100
BANKNIFTY-III.NFO,19/03/2025,09:27:15,49970,49967.6,150,49978,30,30,728100
BANKNIFTY-III.NFO,19/03/2025,09:27:17,49967.6,49966.1,120,49978,30,30,728100
BANKNIFTY-III.NFO,19/03/2025,09:27:19,49967.6,49962.05,120,49977.95,30,0,728100
BANKNIFTY-III.NFO,19/03/2025,09:27:20,49967.6,49962.05,120,49977.95,120,0,728100
BANKNIFTY-III.NFO,19/03/2025,09:27:24,49967.6,49964.45,150,49978,30,0,728100
BANKNIFTY-III.NFO,19/03/2025,09:27:25,49967.6,49962.45,150,49977.95,30,0,728100
BANKNIFTY-III.NFO,19/03/2025,09:27:27,49977.95,49967.65,120,49977.95,60,30,728430
BANKNIFTY-III.NFO,19/03/2025,09:27:29,49967.65,49971.05,30,49978,30,60,728430
BANKNIFTY-III.NFO,19/03/2025,09:27:30,49967.65,49971.05,30,49978,30,0,728430
BANKNIFTY-III.NFO,19/03/2025,09:27:35,49978,49972.15,120,49986,30,30,728430
BANKNIFTY-III.NFO,19/03/2025,09:27:37,49985.95,49971.1,150,49985.95,150,30,728430
BANKNIFTY-III.NFO,19/03/2025,09:27:39,49985.95,49971.1,150,49985.95,150,0,728430
BANKNIFTY-III.NFO,19/03/2025,09:27:40,49985.95,49971.1,120,49986,60,120,728430
BANKNIFTY-III.NFO,19/03/2025,09:27:42,49985.95,49973.85,120,49986,30,0,728430
BANKNIFTY-III.NFO,19/03/2025,09:27:44,49985.95,49982.95,150,49986,30,0,728430
BANKNIFTY-III.NFO,19/03/2025,09:27:45,49986,49987.4,120,49994,30,30,728430
BANKNIFTY-III.NFO,19/03/2025,09:27:47,49986,49979.4,120,49994,30,0,728430
BANKNIFTY-III.NFO,19/03/2025,09:27:49,49986,49978.05,150,49994,60,0,728430
BANKNIFTY-III.NFO,19/03/2025,09:27:52,49986,49980,30,49994,60,0,728430
BANKNIFTY-III.NFO,19/03/2025,09:27:53,49980,49978.05,30,49991.6,180,30,728430
BANKNIFTY-III.NFO,19/03/2025,09:27:55,49980,49978,30,49989.5,30,0,728430
BANKNIFTY-III.NFO,19/03/2025,09:27:57,49980,49978,30,49988.9,150,0,728430
BANKNIFTY-III.NFO,19/03/2025,09:27:58,49980,49978,30,49981.95,180,0,728430
BANKNIFTY-III.NFO,19/03/2025,09:28:00,49971.05,49970,150,49971.85,150,60,728430
BANKNIFTY-III.NFO,19/03/2025,09:28:02,49972.25,49962,30,49970.95,60,210,728430
BANKNIFTY-III.NFO,19/03/2025,09:28:03,49972.25,49962,30,49964.15,30,0,728430
BANKNIFTY-III.NFO,19/03/2025,09:28:05,49966.2,49954,30,49965.95,30,60,728430
BANKNIFTY-III.NFO,19/03/2025,09:28:07,49966.2,49954,30,49965.7,60,0,728430
BANKNIFTY-III.NFO,19/03/2025,09:28:08,49966.2,49954,30,49966.6,30,0,728430
BANKNIFTY-III.NFO,19/03/2025,09:28:10,49966.2,49954,30,49966.2,30,0,728430
BANKNIFTY-III.NFO,19/03/2025,09:28:12,49966.2,49954,30,49956.4,30,0,728430
BANKNIFTY-III.NFO,19/03/2025,09:28:13,49954,49946,30,49956.2,60,30,728430
BANKNIFTY-III.NFO,19/03/2025,09:28:15,49954,49946,30,49955.85,30,0,728430
BANKNIFTY-III.NFO,19/03/2025,09:28:20,49954,49946,30,49957.35,30,0,728430
BANKNIFTY-III.NFO,19/03/2025,09:28:22,49954,49946,30,49961.55,60,0,728430
BANKNIFTY-III.NFO,19/03/2025,09:28:24,49954,49946,30,49952.85,30,0,728430
BANKNIFTY-III.NFO,19/03/2025,09:28:25,49954,49946,30,49948.15,30,0,728430
BANKNIFTY-III.NFO,19/03/2025,09:28:27,49938,49930,60,49937.05,30,60,728430
BANKNIFTY-III.NFO,19/03/2025,09:28:29,49936.5,49930,60,49936.35,30,30,728430
BANKNIFTY-III.NFO,19/03/2025,09:28:30,49936.5,49930,60,49944.7,30,0,728430
BANKNIFTY-III.NFO,19/03/2025,09:28:32,49941.05,49930,60,49941.85,30,30,728430
BANKNIFTY-III.NFO,19/03/2025,09:28:34,49941.05,49930,60,49939.6,60,0,728430
BANKNIFTY-III.NFO,19/03/2025,09:28:35,49941.05,49930.05,150,49945.85,30,0,728430
BANKNIFTY-III.NFO,19/03/2025,09:28:37,49941.05,49930.05,150,49945.5,270,0,728430
BANKNIFTY-III.NFO,19/03/2025,09:28:39,49941.05,49930.05,150,49946,90,0,728430
BANKNIFTY-III.NFO,19/03/2025,09:28:40,49941.05,49937.05,150,49946,60,0,728430
BANKNIFTY-III.NFO,19/03/2025,09:28:42,49941.05,49937.05,150,49945.95,30,0,728430
BANKNIFTY-III.NFO,19/03/2025,09:28:45,49945.95,49937,30,49946,60,30,728430
BANKNIFTY-III.NFO,19/03/2025,09:28:47,49945.95,49937,30,49945.85,60,0,728430
BANKNIFTY-III.NFO,19/03/2025,09:28:49,49937,49932.15,120,49946,30,30,728430
BANKNIFTY-III.NFO,19/03/2025,09:28:50,49937,49936.3,120,49946,30,0,728430
BANKNIFTY-III.NFO,19/03/2025,09:28:52,49946,49938.05,120,49954,30,30,728430
BANKNIFTY-III.NFO,19/03/2025,09:28:55,49946,49938.05,120,49954,30,0,728430
BANKNIFTY-III.NFO,19/03/2025,09:29:00,49954,49946.05,120,49962,30,30,728430
BANKNIFTY-III.NFO,19/03/2025,09:29:02,49954,49946,60,49962,30,0,728430
BANKNIFTY-III.NFO,19/03/2025,09:29:04,49954,49946.05,120,49962,30,0,728430
BANKNIFTY-III.NFO,19/03/2025,09:29:07,49954,49949.1,120,49962,30,0,728430
BANKNIFTY-III.NFO,19/03/2025,09:29:09,49954,49954.05,120,49962,30,0,728430
BANKNIFTY-III.NFO,19/03/2025,09:29:10,49954,49955.15,150,49962,30,0,728430
BANKNIFTY-III.NFO,19/03/2025,09:29:12,49962,49961.7,120,49970,30,30,728430
BANKNIFTY-III.NFO,19/03/2025,09:29:14,49970,49962.95,120,49972.25,30,30,728430
BANKNIFTY-III.NFO,19/03/2025,09:29:15,49968.4,49968.4,90,49978,30,180,728430
BANKNIFTY-III.NFO,19/03/2025,09:29:17,49978,49971.7,90,49985.95,120,30,728430
BANKNIFTY-III.NFO,19/03/2025,09:29:19,49970.4,49970,30,49985.95,150,30,728430
BANKNIFTY-III.NFO,19/03/2025,09:29:20,49970.4,49970.05,120,49985.95,120,0,728430
BANKNIFTY-III.NFO,19/03/2025,09:29:22,49978,49970,30,49984.95,150,90,728430
BANKNIFTY-III.NFO,19/03/2025,09:29:24,49978,49970.1,60,49985.95,150,0,728430
BANKNIFTY-III.NFO,19/03/2025,09:29:25,49978,49970.05,90,49985.95,150,0,728430
BANKNIFTY-III.NFO,19/03/2025,09:29:27,49978,49971.05,60,49986,30,0,728430
BANKNIFTY-III.NFO,19/03/2025,09:29:29,49971.95,49976.35,180,49986,30,60,728430
BANKNIFTY-III.NFO,19/03/2025,09:29:30,49981.1,49983,30,49994,30,180,728430
BANKNIFTY-III.NFO,19/03/2025,09:29:32,49983,49982.1,180,49994,30,60,728430
BANKNIFTY-III.NFO,19/03/2025,09:29:34,49978,49974.6,180,49986,30,30,728430
BANKNIFTY-III.NFO,19/03/2025,09:29:35,49978,49973,180,49986,30,0,728430
BANKNIFTY-III.NFO,19/03/2025,09:29:37,49978,49973.4,90,49986,30,0,728430
BANKNIFTY-III.NFO,19/03/2025,09:29:39,49978,49982.35,150,49986,30,0,728430
BANKNIFTY-III.NFO,19/03/2025,09:29:40,49978,49984.25,90,49986,30,0,728430
BANKNIFTY-III.NFO,19/03/2025,09:29:42,49978,49982.15,90,49986,30,0,728430
BANKNIFTY-III.NFO,19/03/2025,09:29:44,49984.8,49982.55,60,49986,30,30,728430
BANKNIFTY-III.NFO,19/03/2025,09:29:45,49984.8,49980.25,180,49986,30,0,728430
BANKNIFTY-III.NFO,19/03/2025,09:29:47,49984.8,49981.8,150,49986,30,0,728430
BANKNIFTY-III.NFO,19/03/2025,09:29:49,49984.8,49985.8,30,49986,30,0,728430
BANKNIFTY-III.NFO,19/03/2025,09:29:57,49986,49985.8,30,49994,30,30,728430
BANKNIFTY-III.NFO,19/03/2025,09:29:58,49986,49985.95,30,49994,30,0,728430
BANKNIFTY-III.NFO,19/03/2025,09:30:00,49985.95,49978,30,49985.9,120,30,728430
BANKNIFTY-III.NFO,19/03/2025,09:30:02,49978,49970,150,49985.85,120,30,728430
BANKNIFTY-III.NFO,19/03/2025,09:30:03,49978,49970,150,49985.95,150,0,728430
BANKNIFTY-III.NFO,19/03/2025,09:30:05,49978,49970,150,49982.05,120,0,728430
BANKNIFTY-III.NFO,19/03/2025,09:30:07,49978,49970,180,49985.95,150,0,728430
BANKNIFTY-III.NFO,19/03/2025,09:30:08,49978,49970,150,49984.25,120,0,728430
BANKNIFTY-III.NFO,19/03/2025,09:30:10,49978,49970,150,49982.45,150,0,728430
BANKNIFTY-III.NFO,19/03/2025,09:30:12,49978,49970,150,49984.2,120,0,728430
BANKNIFTY-III.NFO,19/03/2025,09:30:13,49978,49970,150,49978.05,120,0,728430
BANKNIFTY-III.NFO,19/03/2025,09:30:15,49978,49970,150,49976.6,150,0,728430
BANKNIFTY-III.NFO,19/03/2025,09:30:17,49978,49970,150,49973,120,0,728430
BANKNIFTY-III.NFO,19/03/2025,09:30:18,49962,49954,30,49967.55,150,180,728430
BANKNIFTY-III.NFO,19/03/2025,09:30:20,49962,49954,30,49969.1,150,0,728430
BANKNIFTY-III.NFO,19/03/2025,09:30:22,49963.7,49954,30,49959.6,120,30,728430
BANKNIFTY-III.NFO,19/03/2025,09:30:23,49963.7,49954,30,49960.3,120,0,728430
BANKNIFTY-III.NFO,19/03/2025,09:30:25,49954,49950,30,49961.95,150,30,729150
BANKNIFTY-III.NFO,19/03/2025,09:30:27,49954,49950,30,49959.7,120,0,729150
BANKNIFTY-III.NFO,19/03/2025,09:30:28,49954,49950.05,30,49962,30,0,729150
BANKNIFTY-III.NFO,19/03/2025,09:30:30,49954,49950,30,49961.95,150,0,729150
BANKNIFTY-III.NFO,19/03/2025,09:30:32,49954,49957.2,30,49962,30,0,729150
BANKNIFTY-III.NFO,19/03/2025,09:30:37,49954,49957.8,30,49962,30,0,729150
BANKNIFTY-III.NFO,19/03/2025,09:30:38,49954,49957.25,60,49962,30,0,729150
BANKNIFTY-III.NFO,19/03/2025,09:30:40,49954,49957.2,30,49962,30,0,729150
BANKNIFTY-III.NFO,19/03/2025,09:30:42,49962,49961.6,60,49970,30,30,729150
BANKNIFTY-III.NFO,19/03/2025,09:30:44,49962,49960.95,60,49970,30,0,729150
BANKNIFTY-III.NFO,19/03/2025,09:30:45,49962,49962.75,60,49970,30,0,729150
BANKNIFTY-III.NFO,19/03/2025,09:30:47,49962,49963.75,30,49970,30,0,729150
BANKNIFTY-III.NFO,19/03/2025,09:30:49,49962,49965.25,60,49970,30,0,729150
BANKNIFTY-III.NFO,19/03/2025,09:30:50,49970,49962,30,49971.9,150,30,729150
BANKNIFTY-III.NFO,19/03/2025,09:30:52,49971.9,49962.05,150,49977.6,120,150,729150
BANKNIFTY-III.NFO,19/03/2025,09:30:54,49971.9,49962.05,150,49977.95,120,0,729150
BANKNIFTY-III.NFO,19/03/2025,09:30:57,49971.9,49962.05,150,49977.85,120,0,729150
BANKNIFTY-III.NFO,19/03/2025,09:30:59,49971.9,49962,30,49974.9,120,0,729150
BANKNIFTY-III.NFO,19/03/2025,09:31:00,49962,49957.2,30,49968.05,120,60,729150
BANKNIFTY-III.NFO,19/03/2025,09:31:02,49962,49957.4,150,49970,30,0,729150
BANKNIFTY-III.NFO,19/03/2025,09:31:03,49962,49957.6,150,49970,30,0,729150
BANKNIFTY-III.NFO,19/03/2025,09:31:05,49962,49961.2,120,49970,30,0,729150
BANKNIFTY-III.NFO,19/03/2025,09:31:07,49970,49966.65,120,49978,30,30,729150
BANKNIFTY-III.NFO,19/03/2025,09:31:08,49970,49968.2,120,49978,30,0,729150
BANKNIFTY-III.NFO,19/03/2025,09:31:10,49970,49962.05,120,49970,30,0,729150
BANKNIFTY-III.NFO,19/03/2025,09:31:12,49970,49962.05,150,49970,30,0,729150
BANKNIFTY-III.NFO,19/03/2025,09:31:13,49970,49963.2,120,49970,30,0,729150
BANKNIFTY-III.NFO,19/03/2025,09:31:15,49970,49967.55,150,49970,30,0,729150
BANKNIFTY-III.NFO,19/03/2025,09:31:17,49970,49963.4,120,49975,30,30,729150
BANKNIFTY-III.NFO,19/03/2025,09:31:18,49970,49964.75,150,49974,30,0,729150
BANKNIFTY-III.NFO,19/03/2025,09:31:20,49974,49971.4,150,49975,30,30,729150
BANKNIFTY-III.NFO,19/03/2025,09:31:22,49975,49971.2,120,49978,30,30,729150
BANKNIFTY-III.NFO,19/03/2025,09:31:23,49978,49974.25,150,49982,30,30,729150
BANKNIFTY-III.NFO,19/03/2025,09:31:25,49975,49974.4,150,49982,30,30,729150
BANKNIFTY-III.NFO,19/03/2025,09:31:27,49975,49970.05,150,49982,30,0,729150
BANKNIFTY-III.NFO,19/03/2025,09:31:28,49975,49976.25,150,49982,30,0,729150
BANKNIFTY-III.NFO,19/03/2025,09:31:30,49975,49977.25,120,49982,30,0,729150
BANKNIFTY-III.NFO,19/03/2025,09:31:32,49982,49976.25,120,49986,30,30,729150
BANKNIFTY-III.NFO,19/03/2025,09:31:33,49982,49980.05,120,49986,30,0,729150
BANKNIFTY-III.NFO,19/03/2025,09:31:35,49982,49983,120,49986,30,0,729150
BANKNIFTY-III.NFO,19/03/2025,09:31:37,49990,49987.9,150,49994,30,60,729150
BANKNIFTY-III.NFO,19/03/2025,09:31:38,49998,49997.25,150,49999,30,60,729150
BANKNIFTY-III.NFO,19/03/2025,09:31:40,49999,49990.05,120,50000,30,30,729150
BANKNIFTY-III.NFO,19/03/2025,09:31:42,49999,49990.05,120,50000,30,0,729150
BANKNIFTY-III.NFO,19/03/2025,09:31:43,49999,49992.1,120,50000,30,0,729150
BANKNIFTY-III.NFO,19/03/2025,09:31:45,49999,49991.65,120,50000,30,0,729150
BANKNIFTY-III.NFO,19/03/2025,09:31:47,49999,49990,30,50000,30,0,729150
BANKNIFTY-III.NFO,19/03/2025,09:31:48,49999,49990,30,49999.95,150,0,729150
BANKNIFTY-III.NFO,19/03/2025,09:31:50,49990,49986,30,49990,30,30,729150
BANKNIFTY-III.NFO,19/03/2025,09:31:52,49993.95,49982,30,49994,30,120,729150
BANKNIFTY-III.NFO,19/03/2025,09:31:53,49993.95,49982.05,150,49994,30,0,729150
BANKNIFTY-III.NFO,19/03/2025,09:31:55,49993.95,49988.35,120,49994,30,0,729150
BANKNIFTY-III.NFO,19/03/2025,09:31:57,49993.95,49983.6,150,49994,30,0,729150
BANKNIFTY-III.NFO,19/03/2025,09:31:58,49993.95,49982,30,49993.95,60,0,729150
BANKNIFTY-III.NFO,19/03/2025,09:32:00,49993.95,49982,30,49994,30,0,729150
BANKNIFTY-III.NFO,19/03/2025,09:32:02,49993.95,49982,30,49993.95,60,0,729150
BANKNIFTY-III.NFO,19/03/2025,09:32:03,49993.95,49982.95,120,49994,30,0,729150
BANKNIFTY-III.NFO,19/03/2025,09:32:05,49993.95,49982,30,49993.95,30,0,729150
BANKNIFTY-III.NFO,19/03/2025,09:32:07,49993.95,49982,30,49993.95,60,0,729150
BANKNIFTY-III.NFO,19/03/2025,09:32:13,49993.95,49982.05,300,49994,30,0,729150
BANKNIFTY-III.NFO,19/03/2025,09:32:15,49993.95,49984.6,120,49994,30,0,729150
BANKNIFTY-III.NFO,19/03/2025,09:32:17,49993.95,49982,30,49993.95,30,0,729150
BANKNIFTY-III.NFO,19/03/2025,09:32:18,49993.95,49982,30,49993.95,60,0,729150
BANKNIFTY-III.NFO,19/03/2025,09:32:20,49993.95,49982,30,49990.95,30,0,729150
BANKNIFTY-III.NFO,19/03/2025,09:32:22,49993.95,49982,30,49989.65,30,0,729150
BANKNIFTY-III.NFO,19/03/2025,09:32:23,49993.95,49982,30,49986.3,30,0,729150
BANKNIFTY-III.NFO,19/03/2025,09:32:25,49993.95,49982,30,49989.3,30,0,729150
BANKNIFTY-III.NFO,19/03/2025,09:32:27,49993.95,49982,30,49991.15,30,0,729150
BANKNIFTY-III.NFO,19/03/2025,09:32:28,49993.95,49982,30,49991.5,60,0,729150
BANKNIFTY-III.NFO,19/03/2025,09:32:30,49982,49978.05,120,49990,30,30,729150
BANKNIFTY-III.NFO,19/03/2025,09:32:32,49982,49978.05,120,49990,30,0,729150
BANKNIFTY-III.NFO,19/03/2025,09:32:33,49982,49980.95,120,49990,30,0,729150
BANKNIFTY-III.NFO,19/03/2025,09:32:35,49982,49978.05,150,49990,30,0,729150
BANKNIFTY-III.NFO,19/03/2025,09:32:37,49982,49978,30,49990,30,0,729150
BANKNIFTY-III.NFO,19/03/2025,09:32:38,49982,49978.05,150,49990,30,0,729150
BANKNIFTY-III.NFO,19/03/2025,09:32:40,49982,49982.25,120,49990,30,0,729150
BANKNIFTY-III.NFO,19/03/2025,09:32:42,49982,49980.75,120,49990,30,0,729150
BANKNIFTY-III.NFO,19/03/2025,09:32:43,49982,49981.05,150,49990,30,0,729150
BANKNIFTY-III.NFO,19/03/2025,09:32:45,49982,49985,240,49990,30,0,729150
BANKNIFTY-III.NFO,19/03/2025,09:32:47,49990,49985.05,150,49994,30,30,729150
BANKNIFTY-III.NFO,19/03/2025,09:32:48,49990,49985,240,49994,30,0,729150
BANKNIFTY-III.NFO,19/03/2025,09:32:55,49990,49985.05,120,49990,30,0,729150
BANKNIFTY-III.NFO,19/03/2025,09:32:57,49986.45,49986.4,120,49990,30,60,729150
BANKNIFTY-III.NFO,19/03/2025,09:32:59,49986.45,49985,240,49990,30,0,729150
BANKNIFTY-III.NFO,19/03/2025,09:33:00,49986.45,49985.05,120,49990,30,0,729150
BANKNIFTY-III.NFO,19/03/2025,09:33:02,49986.45,49987.3,120,49990,30,0,729150
BANKNIFTY-III.NFO,19/03/2025,09:33:04,49986.45,49985.05,120,49990,30,0,729150
BANKNIFTY-III.NFO,19/03/2025,09:33:05,49986.45,49985.65,120,49990,30,0,729150
BANKNIFTY-III.NFO,19/03/2025,09:33:07,49986.45,49986.4,150,49990,30,0,729150
BANKNIFTY-III.NFO,19/03/2025,09:33:09,49986.45,49985.05,120,49990,30,0,729150
BANKNIFTY-III.NFO,19/03/2025,09:33:10,49986.45,49986.65,120,49990,30,0,729150
BANKNIFTY-III.NFO,19/03/2025,09:33:12,49990,49989.75,120,49994,30,30,729150
BANKNIFTY-III.NFO,19/03/2025,09:33:14,49989.75,49986.1,150,49994,30,30,729150
BANKNIFTY-III.NFO,19/03/2025,09:33:15,49994,49989.25,150,49998,30,30,729150
BANKNIFTY-III.NFO,19/03/2025,09:33:17,49989.25,49994.85,120,49998,30,30,729150
BANKNIFTY-III.NFO,19/03/2025,09:33:19,50006,50004.8,120,50010,30,180,729150
BANKNIFTY-III.NFO,19/03/2025,09:33:20,50006,49998.05,120,50010,30,0,729150
BANKNIFTY-III.NFO,19/03/2025,09:33:22,50006,49998.1,120,50010,30,0,729150
BANKNIFTY-III.NFO,19/03/2025,09:33:24,50006,50000.45,30,50010,30,0,729150
BANKNIFTY-III.NFO,19/03/2025,09:33:25,50006,50000.7,120,50010,30,0,729150
BANKNIFTY-III.NFO,19/03/2025,09:33:27,50006,50000.75,30,50010,30,0,729150
BANKNIFTY-III.NFO,19/03/2025,09:33:29,50006,49998,30,50009.95,120,0,729150
BANKNIFTY-III.NFO,19/03/2025,09:33:30,50006,49998.05,120,50010,30,0,729150
BANKNIFTY-III.NFO,19/03/2025,09:33:32,50006,49999.7,120,50010,30,0,729150
BANKNIFTY-III.NFO,19/03/2025,09:33:34,50006,49998.05,150,50010,30,0,729150
BANKNIFTY-III.NFO,19/03/2025,09:33:35,50006,50002.05,120,50010,30,0,729150
BANKNIFTY-III.NFO,19/03/2025,09:33:37,50010,50002.35,120,50014,30,30,729750
BANKNIFTY-III.NFO,19/03/2025,09:33:39,50008.35,50003.45,90,50014,30,30,729750
BANKNIFTY-III.NFO,19/03/2025,09:33:40,50008.35,50007.75,90,50014,30,0,729750
BANKNIFTY-III.NFO,19/03/2025,09:33:42,50008.35,50004.8,90,50014,30,0,729750
BANKNIFTY-III.NFO,19/03/2025,09:33:44,50008.35,50002,30,50013.95,120,0,729750
BANKNIFTY-III.NFO,19/03/2025,09:33:45,50008.35,50005.9,90,50014,30,0,729750
BANKNIFTY-III.NFO,19/03/2025,09:33:47,50008.35,50002.05,90,50014,30,0,729750
BANKNIFTY-III.NFO,19/03/2025,09:33:49,50008.35,50007.05,90,50014,30,0,729750
BANKNIFTY-III.NFO,19/03/2025,09:33:50,50008.35,50002.4,90,50014,30,0,729750
BANKNIFTY-III.NFO,19/03/2025,09:33:52,50008.35,50002.9,90,50014,30,0,729750
BANKNIFTY-III.NFO,19/03/2025,09:33:54,50008.35,50002,30,50013.85,120,0,729750
BANKNIFTY-III.NFO,19/03/2025,09:33:55,50008.35,50002,30,50013.85,150,0,729750
BANKNIFTY-III.NFO,19/03/2025,09:33:59,49998,49994,30,50005.95,150,300,729750
BANKNIFTY-III.NFO,19/03/2025,09:34:00,49998,49994,30,50004,120,0,729750
BANKNIFTY-III.NFO,19/03/2025,09:34:04,49998,49994,30,50004.85,120,0,729750
BANKNIFTY-III.NFO,19/03/2025,09:34:07,49998,49994,30,50001.6,120,0,729750
BANKNIFTY-III.NFO,19/03/2025,09:34:09,49998,49994,30,50002.4,120,0,729750
BANKNIFTY-III.NFO,19/03/2025,09:34:10,49998,49994,30,50003.55,120,0,729750
BANKNIFTY-III.NFO,19/03/2025,09:34:12,49998,49994,30,50002.5,150,0,729750
BANKNIFTY-III.NFO,19/03/2025,09:34:14,49998,49994,30,50001.95,120,0,729750
BANKNIFTY-III.NFO,19/03/2025,09:34:15,49998,49994,30,50000.65,120,0,729750
BANKNIFTY-III.NFO,19/03/2025,09:34:17,49994,49990,30,49997.05,120,30,729750
BANKNIFTY-III.NFO,19/03/2025,09:34:18,49997.1,49990,30,49999,150,300,729750
BANKNIFTY-III.NFO,19/03/2025,09:34:20,49997.1,49990,30,49996.1,150,0,729750
BANKNIFTY-III.NFO,19/03/2025,09:34:22,49997.1,49990,30,49995.3,150,0,729750
BANKNIFTY-III.NFO,19/03/2025,09:34:23,49997.1,49990,30,49991.5,150,0,729750
BANKNIFTY-III.NFO,19/03/2025,09:34:25,49990,49986.25,30,49992.65,150,30,729750
BANKNIFTY-III.NFO,19/03/2025,09:34:27,49990,49986.25,30,49997.05,150,0,729750
BANKNIFTY-III.NFO,19/03/2025,09:34:28,49990,49986.25,30,49994.5,150,0,729750
BANKNIFTY-III.NFO,19/03/2025,09:34:30,49990,49986.25,30,49988.8,120,0,729750
BANKNIFTY-III.NFO,19/03/2025,09:34:32,49990,49986.25,30,49994.8,150,0,729750
BANKNIFTY-III.NFO,19/03/2025,09:34:33,49990,49986.25,30,49991.65,120,0,729750
BANKNIFTY-III.NFO,19/03/2025,09:34:35,49990,49986.25,30,49992.15,120,0,729750
BANKNIFTY-III.NFO,19/03/2025,09:34:36,49990,49986.25,30,49989.65,60,0,729750
BANKNIFTY-III.NFO,19/03/2025,09:34:38,49986.25,49986,30,49990.6,150,30,729750
BANKNIFTY-III.NFO,19/03/2025,09:34:40,49986.45,49985,240,49986.15,60,60,729750
BANKNIFTY-III.NFO,19/03/2025,09:34:41,49985,49985,90,49987.7,150,150,729750
BANKNIFTY-III.NFO,19/03/2025,09:34:43,49985,49982,60,49986.75,30,90,729750
BANKNIFTY-III.NFO,19/03/2025,09:34:45,49985,49982,60,49987.05,150,0,729750
BANKNIFTY-III.NFO,19/03/2025,09:34:46,49988.1,49982,60,49985.35,30,30,729750
BANKNIFTY-III.NFO,19/03/2025,09:34:48,49982,49982,30,49983.8,60,30,729750
BANKNIFTY-III.NFO,19/03/2025,09:34:49,49982,49978,30,49978.05,30,60,729750
BANKNIFTY-III.NFO,19/03/2025,09:34:51,49982,49978,30,49978.75,30,0,729750
BANKNIFTY-III.NFO,19/03/2025,09:34:53,49982,49978,30,49979.15,30,0,729750
BANKNIFTY-III.NFO,19/03/2025,09:34:54,49982,49978,30,49979.8,30,0,729750
BANKNIFTY-III.NFO,19/03/2025,09:34:56,49978,49975,30,49980,30,30,729750
BANKNIFTY-III.NFO,19/03/2025,09:34:57,49980,49975,30,49981.25,60,30,729750
BANKNIFTY-III.NFO,19/03/2025,09:34:59,49980,49975,30,49976.7,30,0,729750
BANKNIFTY-III.NFO,19/03/2025,09:35:01,49980,49975,30,49978,30,0,729750
BANKNIFTY-III.NFO,19/03/2025,09:35:06,49980,49975.05,120,49978,30,0,729750
BANKNIFTY-III.NFO,19/03/2025,09:35:07,49980,49975,30,49978,30,0,729750
BANKNIFTY-III.NFO,19/03/2025,09:35:09,49980,49975,30,49976,30,0,729750
BANKNIFTY-III.NFO,19/03/2025,09:35:11,49970,49966,30,49971.8,30,120,729750
BANKNIFTY-III.NFO,19/03/2025,09:35:12,49970,49966,30,49968.4,60,0,729750
BANKNIFTY-III.NFO,19/03/2025,09:35:14,49970,49966,30,49969,60,0,729750
BANKNIFTY-III.NFO,19/03/2025,09:35:15,49970,49966,30,49970.8,60,0,729750
BANKNIFTY-III.NFO,19/03/2025,09:35:17,49970,49966,30,49967.6,60,0,729750
BANKNIFTY-III.NFO,19/03/2025,09:35:19,49962,49958,30,49962.55,30,60,729750
BANKNIFTY-III.NFO,19/03/2025,09:35:20,49958,49957.2,30,49959.25,270,30,729750
BANKNIFTY-III.NFO,19/03/2025,09:35:22,49958,49957.2,30,49960,60,0,729750
BANKNIFTY-III.NFO,19/03/2025,09:35:24,49958,49957.2,30,49959.7,270,0,729750
BANKNIFTY-III.NFO,19/03/2025,09:35:25,49957.2,49954,60,49955.3,30,30,729750
BANKNIFTY-III.NFO,19/03/2025,09:35:27,49950,49946,30,49948.95,150,210,729750
BANKNIFTY-III.NFO,19/03/2025,09:35:29,49950,49946,30,49952.4,270,0,729750
BANKNIFTY-III.NFO,19/03/2025,09:35:30,49950,49946,30,49953.9,270,0,729750
BANKNIFTY-III.NFO,19/03/2025,09:35:32,49950,49946,30,49946.05,60,0,729750
BANKNIFTY-III.NFO,19/03/2025,09:35:34,49941.8,49938,30,49940.5,150,90,729750
BANKNIFTY-III.NFO,19/03/2025,09:35:35,49938,49934,30,49935.75,30,30,729750
BANKNIFTY-III.NFO,19/03/2025,09:35:37,49934,49930,30,49937,270,30,729750
BANKNIFTY-III.NFO,19/03/2025,09:35:39,49934,49930,30,49941.3,150,0,729750
BANKNIFTY-III.NFO,19/03/2025,09:35:40,49934,49930.05,150,49942,30,0,729750
BANKNIFTY-III.NFO,19/03/2025,09:35:44,49934,49930.05,120,49942,30,0,729750
BANKNIFTY-III.NFO,19/03/2025,09:35:47,49934,49930.05,150,49942,30,0,729750
BANKNIFTY-III.NFO,19/03/2025,09:35:49,49934,49930.05,120,49942,30,0,729750
BANKNIFTY-III.NFO,19/03/2025,09:35:50,49930,49926.05,150,49938,30,30,729750
BANKNIFTY-III.NFO,19/03/2025,09:35:52,49942,49934,30,49943.85,270,150,729750
BANKNIFTY-III.NFO,19/03/2025,09:35:54,49942,49934,30,49945.85,90,0,729750
BANKNIFTY-III.NFO,19/03/2025,09:35:55,49942,49934,30,49941.75,90,0,729750
BANKNIFTY-III.NFO,19/03/2025,09:35:57,49939.2,49934,30,49938.85,210,60,729750
BANKNIFTY-III.NFO,19/03/2025,09:35:59,49934,49930,30,49935.3,90,30,729750
BANKNIFTY-III.NFO,19/03/2025,09:36:00,49930,49926,30,49930.1,60,30,729750
BANKNIFTY-III.NFO,19/03/2025,09:36:02,49926,49922,30,49924.95,210,30,729750
BANKNIFTY-III.NFO,19/03/2025,09:36:04,49922,49918,30,49922.15,60,30,729750
BANKNIFTY-III.NFO,19/03/2025,09:36:05,49922,49918,30,49921.1,210,0,729750
BANKNIFTY-III.NFO,19/03/2025,09:36:07,49922,49918.05,150,49930,30,0,729750
BANKNIFTY-III.NFO,19/03/2025,09:36:14,49922,49918,30,49929.95,60,0,729750
BANKNIFTY-III.NFO,19/03/2025,09:36:15,49922,49918,30,49925.4,60,0,729750
BANKNIFTY-III.NFO,19/03/2025,09:36:17,49922,49918,30,49922,60,0,729750
BANKNIFTY-III.NFO,19/03/2025,09:36:19,49922,49918,30,49919.65,60,0,729750
BANKNIFTY-III.NFO,19/03/2025,09:36:20,49917.2,49914,30,49917.7,60,60,729750
BANKNIFTY-III.NFO,19/03/2025,09:36:22,49917.2,49914,30,49919.55,30,0,729750
BANKNIFTY-III.NFO,19/03/2025,09:36:24,49917.2,49914,30,49919.1,30,0,729750
BANKNIFTY-III.NFO,19/03/2025,09:36:25,49917.2,49914,30,49921.95,30,0,729750
BANKNIFTY-III.NFO,19/03/2025,09:36:27,49917.2,49914,30,49921.2,30,0,729750
BANKNIFTY-III.NFO,19/03/2025,09:36:29,49917.2,49914,30,49919.5,30,0,729750
BANKNIFTY-III.NFO,19/03/2025,09:36:30,49911,49910,30,49920.3,210,60,729180
BANKNIFTY-III.NFO,19/03/2025,09:36:32,49911,49910,30,49921.35,30,0,729180
BANKNIFTY-III.NFO,19/03/2025,09:36:34,49911,49910,30,49919.05,210,0,729180
BANKNIFTY-III.NFO,19/03/2025,09:36:35,49911,49910.05,150,49922,30,0,729180
BANKNIFTY-III.NFO,19/03/2025,09:36:37,49911,49910.5,150,49922,30,0,729180
BANKNIFTY-III.NFO,19/03/2025,09:36:39,49911,49910.05,150,49922,30,0,729180
BANKNIFTY-III.NFO,19/03/2025,09:36:40,49910.5,49911.05,150,49922,30,150,729180
BANKNIFTY-III.NFO,19/03/2025,09:36:42,49910.5,49910.15,120,49922,30,0,729180
BANKNIFTY-III.NFO,19/03/2025,09:36:44,49922,49914.05,120,49926,30,30,729180
BANKNIFTY-III.NFO,19/03/2025,09:36:45,49926,49918.05,120,49930,30,30,729180
BANKNIFTY-III.NFO,19/03/2025,09:36:47,49926,49919,120,49930,30,0,729180
BANKNIFTY-III.NFO,19/03/2025,09:36:49,49926,49918,30,49929.95,30,0,729180
BANKNIFTY-III.NFO,19/03/2025,09:36:50,49926,49918,30,49924.3,30,0,729180
BANKNIFTY-III.NFO,19/03/2025,09:36:52,49918,49914,30,49918,120,30,729180
BANKNIFTY-III.NFO,19/03/2025,09:36:54,49918,49914,30,49917.95,30,0,729180
BANKNIFTY-III.NFO,19/03/2025,09:36:55,49918,49914,30,49917.8,30,0,729180
BANKNIFTY-III.NFO,19/03/2025,09:36:57,49918,49914,30,49917.25,210,0,729180
BANKNIFTY-III.NFO,19/03/2025,09:36:59,49918,49914,30,49917.5,30,0,729180
BANKNIFTY-III.NFO,19/03/2025,09:37:00,49918.05,49914,30,49915.85,180,90,729180
BANKNIFTY-III.NFO,19/03/2025,09:37:02,49914,49910,60,49914,30,30,729180
BANKNIFTY-III.NFO,19/03/2025,09:37:04,49914,49910,60,49920.9,150,30,729180
BANKNIFTY-III.NFO,19/03/2025,09:37:05,49914,49910,60,49917.55,150,0,729180
BANKNIFTY-III.NFO,19/03/2025,09:37:07,49910,49909.05,120,49918,30,150,729180
BANKNIFTY-III.NFO,19/03/2025,09:37:09,49910,49906,30,49918,30,0,729180
BANKNIFTY-III.NFO,19/03/2025,09:37:10,49910,49906.05,150,49918,30,0,729180
BANKNIFTY-III.NFO,19/03/2025,09:37:14,49910,49908.95,30,49918,30,0,729180
BANKNIFTY-III.NFO,19/03/2025,09:37:15,49910,49906,30,49918,30,0,729180
BANKNIFTY-III.NFO,19/03/2025,09:37:17,49910,49906.05,150,49918,30,0,729180
BANKNIFTY-III.NFO,19/03/2025,09:37:19,49910,49906.05,30,49918,30,0,729180
BANKNIFTY-III.NFO,19/03/2025,09:37:20,49910,49906,60,49918,30,0,729180
BANKNIFTY-III.NFO,19/03/2025,09:37:22,49910,49906.05,150,49918,30,0,729180
BANKNIFTY-III.NFO,19/03/2025,09:37:24,49910,49906,60,49918,30,300,729180
BANKNIFTY-III.NFO,19/03/2025,09:37:25,49910,49906.05,150,49918,30,0,729180
BANKNIFTY-III.NFO,19/03/2025,09:37:29,49910,49906.05,150,49910,30,0,729180
BANKNIFTY-III.NFO,19/03/2025,09:37:30,49910,49907.2,150,49918,30,30,729180
BANKNIFTY-III.NFO,19/03/2025,09:37:32,49910,49906,30,49916.3,150,0,729180
BANKNIFTY-III.NFO,19/03/2025,09:37:34,49910,49906.05,150,49918,30,0,729180
BANKNIFTY-III.NFO,19/03/2025,09:37:35,49910,49906,30,49918,30,0,729180
BANKNIFTY-III.NFO,19/03/2025,09:37:37,49910,49906,30,49918,180,0,729180
BANKNIFTY-III.NFO,19/03/2025,09:37:39,49910,49906,30,49917.35,180,0,729180
BANKNIFTY-III.NFO,19/03/2025,09:37:40,49910,49910,300,49915.05,150,0,729180
BANKNIFTY-III.NFO,19/03/2025,09:37:42,49910,49906,30,49909.95,30,300,729180
BANKNIFTY-III.NFO,19/03/2025,09:37:44,49906,49902,30,49904.5,150,30,729180
BANKNIFTY-III.NFO,19/03/2025,09:37:45,49906,49902,30,49910.4,120,0,729180
BANKNIFTY-III.NFO,19/03/2025,09:37:47,49908.9,49902,30,49910.5,30,60,729180
BANKNIFTY-III.NFO,19/03/2025,09:37:49,49909.35,49902.05,150,49913.4,30,90,729180
BANKNIFTY-III.NFO,19/03/2025,09:37:50,49909.35,49902.05,150,49913.55,30,0,729180
BANKNIFTY-III.NFO,19/03/2025,09:37:52,49909.35,49902.05,150,49912.65,30,0,729180
BANKNIFTY-III.NFO,19/03/2025,09:37:54,49909.35,49902.1,150,49914,30,0,729180
BANKNIFTY-III.NFO,19/03/2025,09:37:55,49909.35,49902.45,120,49914,30,0,729180
BANKNIFTY-III.NFO,19/03/2025,09:37:57,49909.35,49902.5,150,49914,30,0,729180
BANKNIFTY-III.NFO,19/03/2025,09:37:59,49909.35,49903.25,30,49914,30,0,729180
BANKNIFTY-III.NFO,19/03/2025,09:38:00,49910,49902,30,49911.3,30,300,729180
BANKNIFTY-III.NFO,19/03/2025,09:38:02,49910,49902.05,120,49914,30,0,729180
BANKNIFTY-III.NFO,19/03/2025,09:38:04,49910,49902.05,150,49914,30,0,729180
BANKNIFTY-III.NFO,19/03/2025,09:38:07,49910,49903.05,150,49914,30,0,729180
BANKNIFTY-III.NFO,19/03/2025,09:38:09,49910,49906.35,150,49914,30,0,729180
BANKNIFTY-III.NFO,19/03/2025,09:38:10,49914,49906.05,120,49918,30,30,729180
BANKNIFTY-III.NFO,19/03/2025,09:38:12,49922,49914.05,150,49926,30,60,729180
BANKNIFTY-III.NFO,19/03/2025,09:38:14,49922,49914,30,49926,30,0,729180
BANKNIFTY-III.NFO,19/03/2025,09:38:15,49922,49914.05,150,49926,30,0,729180
BANKNIFTY-III.NFO,19/03/2025,09:38:17,49922,49914.05,150,49925,30,0,729180
BANKNIFTY-III.NFO,19/03/2025,09:38:20,49922,49914.1,120,49925,30,0,729180
BANKNIFTY-III.NFO,19/03/2025,09:38:22,49922,49915.6,150,49925,30,0,729180
BANKNIFTY-III.NFO,19/03/2025,09:38:24,49922,49914.05,150,49925,30,0,729180
BANKNIFTY-III.NFO,19/03/2025,09:38:27,49922,49919.9,30,49925,30,0,729180
BANKNIFTY-III.NFO,19/03/2025,09:38:35,49922,49919.95,150,49925,30,0,729180
BANKNIFTY-III.NFO,19/03/2025,09:38:37,49926,49919.95,150,49930,30,60,729180
BANKNIFTY-III.NFO,19/03/2025,09:38:39,49926,49919.95,150,49930,30,0,729180
BANKNIFTY-III.NFO,19/03/2025,09:38:47,49926,49919.9,30,49930,30,0,729180
BANKNIFTY-III.NFO,19/03/2025,09:38:50,49926,49919.9,30,49925.55,150,0,729180
BANKNIFTY-III.NFO,19/03/2025,09:38:52,49926,49919.9,30,49925.5,30,0,729180
BANKNIFTY-III.NFO,19/03/2025,09:38:54,49926,49919.9,30,49927.1,30,0,729180
BANKNIFTY-III.NFO,19/03/2025,09:38:55,49926,49919.9,30,49922.65,150,0,729180
BANKNIFTY-III.NFO,19/03/2025,09:38:57,49918,49914,30,49921.6,150,60,729180
BANKNIFTY-III.NFO,19/03/2025,09:38:59,49918,49914,30,49922.4,150,0,729180
BANKNIFTY-III.NFO,19/03/2025,09:39:00,49918,49914,30,49925.25,150,0,729180
BANKNIFTY-III.NFO,19/03/2025,09:39:02,49918,49914,30,49923.35,150,0,729180
BANKNIFTY-III.NFO,19/03/2025,09:39:04,49922.7,49914,30,49921.2,120,120,729180
BANKNIFTY-III.NFO,19/03/2025,09:39:05,49922.7,49914,30,49916.35,30,0,729180
BANKNIFTY-III.NFO,19/03/2025,09:39:07,49922.7,49914,30,49914.65,120,0,729180
BANKNIFTY-III.NFO,19/03/2025,09:39:09,49914,49910,30,49922,60,30,729180
BANKNIFTY-III.NFO,19/03/2025,09:39:10,49914,49910,30,49922,30,0,729180
BANKNIFTY-III.NFO,19/03/2025,09:39:13,49914,49910,30,49915.15,90,0,729180
BANKNIFTY-III.NFO,19/03/2025,09:39:15,49914,49910.05,120,49922,30,0,729180
BANKNIFTY-III.NFO,19/03/2025,09:39:17,49914,49910.05,150,49922,30,0,729180
BANKNIFTY-III.NFO,19/03/2025,09:39:18,49914,49910.05,120,49922,30,0,729180
BANKNIFTY-III.NFO,19/03/2025,09:39:20,49914,49910.05,150,49922,30,0,729180
BANKNIFTY-III.NFO,19/03/2025,09:39:22,49914,49910,30,49912,900,0,729180
BANKNIFTY-III.NFO,19/03/2025,09:39:23,49912,49910,30,49921.35,90,900,729180
BANKNIFTY-III.NFO,19/03/2025,09:39:25,49912,49910,30,49920.4,120,0,729180
BANKNIFTY-III.NFO,19/03/2025,09:39:27,49912,49910,30,49915.85,90,0,729180
BANKNIFTY-III.NFO,19/03/2025,09:39:28,49912,49910,30,49914.1,90,0,729180
BANKNIFTY-III.NFO,19/03/2025,09:39:30,49912,49910,30,49918.8,30,0,729180
BANKNIFTY-III.NFO,19/03/2025,09:39:32,49912,49910,30,49916.75,90,0,729180
BANKNIFTY-III.NFO,19/03/2025,09:39:33,49910,49909,30,49909.1,60,30,729480
BANKNIFTY-III.NFO,19/03/2025,09:39:35,49906,49902.05,150,49908.15,60,60,729480
BANKNIFTY-III.NFO,19/03/2025,09:39:37,49906,49902.05,150,49904.45,60,0,729480
BANKNIFTY-III.NFO,19/03/2025,09:39:38,49906,49902,30,49904.75,60,0,729480
BANKNIFTY-III.NFO,19/03/2025,09:39:40,49906,49902,30,49903.3,30,0,729480
BANKNIFTY-III.NFO,19/03/2025,09:39:42,49900,49898,30,49900,510,210,729480
BANKNIFTY-III.NFO,19/03/2025,09:39:43,49900,49898,30,49900,510,0,729480
BANKNIFTY-III.NFO,19/03/2025,09:39:45,49894,49890,30,49899.95,510,60,729480
BANKNIFTY-III.NFO,19/03/2025,09:39:46,49899.95,49890.05,120,49899.95,480,30,729480
BANKNIFTY-III.NFO,19/03/2025,09:39:48,49899.95,49890.05,150,49902,30,0,729480
BANKNIFTY-III.NFO,19/03/2025,09:39:51,49899.95,49891.1,150,49902,30,0,729480
BANKNIFTY-III.NFO,19/03/2025,09:39:55,49902,49894.05,120,49906,60,30,729480
BANKNIFTY-III.NFO,19/03/2025,09:39:56,49902,49894.05,120,49906,60,0,729480
BANKNIFTY-III.NFO,19/03/2025,09:39:58,49902,49896.25,150,49906,60,0,729480
BANKNIFTY-III.NFO,19/03/2025,09:40:06,49902,49900.05,150,49906,60,0,729480
BANKNIFTY-III.NFO,19/03/2025,09:40:08,49900.05,49900.05,120,49906,30,30,729480
BANKNIFTY-III.NFO,19/03/2025,09:40:09,49900.05,49900.1,120,49906,30,0,729480
BANKNIFTY-III.NFO,19/03/2025,09:40:11,49900.05,49900.05,120,49906,30,0,729480
BANKNIFTY-III.NFO,19/03/2025,09:40:19,49900.05,49894.05,150,49906,30,0,729480
BANKNIFTY-III.NFO,19/03/2025,09:40:23,49894.05,49896.4,120,49906,30,150,729480
BANKNIFTY-III.NFO,19/03/2025,09:40:24,49894.05,49897.6,120,49906,30,0,729480
BANKNIFTY-III.NFO,19/03/2025,09:40:26,49894.05,49898.8,120,49906,30,0,729480
BANKNIFTY-III.NFO,19/03/2025,09:40:28,49906,49899.45,120,49910,30,30,729480
BANKNIFTY-III.NFO,19/03/2025,09:40:29,49906,49905.25,120,49910,30,0,729480
BANKNIFTY-III.NFO,19/03/2025,09:40:31,49910,49909.4,120,49914,30,30,729480
BANKNIFTY-III.NFO,19/03/2025,09:40:33,49910,49906.4,120,49914,30,0,729480
BANKNIFTY-III.NFO,19/03/2025,09:40:34,49910,49906.6,120,49914,30,0,729480
BANKNIFTY-III.NFO,19/03/2025,09:40:36,49910,49906.45,120,49914,30,0,729480
BANKNIFTY-III.NFO,19/03/2025,09:40:38,49910,49903.15,120,49914,30,0,729480
BANKNIFTY-III.NFO,19/03/2025,09:40:39,49910,49905.8,120,49914,30,900,729480
BANKNIFTY-III.NFO,19/03/2025,09:40:41,49914,49909.05,120,49918,30,30,729480
BANKNIFTY-III.NFO,19/03/2025,09:40:43,49914,49911.25,120,49918,30,0,729480
BANKNIFTY-III.NFO,19/03/2025,09:40:44,49914,49908.85,120,49918,30,0,729480
BANKNIFTY-III.NFO,19/03/2025,09:40:46,49914,49910.05,120,49918,30,0,729480
BANKNIFTY-III.NFO,19/03/2025,09:40:47,49914,49906.6,120,49918,30,0,729480
BANKNIFTY-III.NFO,19/03/2025,09:40:49,49914,49907.75,120,49918,30,0,729480
BANKNIFTY-III.NFO,19/03/2025,09:40:51,49914,49908.7,120,49918,30,0,729480
BANKNIFTY-III.NFO,19/03/2025,09:40:52,49914,49910.55,270,49918,30,0,729480
BANKNIFTY-III.NFO,19/03/2025,09:40:54,49914,49910.55,120,49918,30,0,729480
BANKNIFTY-III.NFO,19/03/2025,09:40:56,49914,49908.7,120,49918,30,0,729480
BANKNIFTY-III.NFO,19/03/2025,09:40:57,49914,49906.95,120,49918,30,0,729480
BANKNIFTY-III.NFO,19/03/2025,09:40:59,49910,49910.05,150,49918,30,900,729480
BANKNIFTY-III.NFO,19/03/2025,09:41:01,49910,49910.5,120,49918,30,0,729480
BANKNIFTY-III.NFO,19/03/2025,09:41:02,49910,49910.05,150,49918,30,0,729480
BANKNIFTY-III.NFO,19/03/2025,09:41:04,49910,49910,30,49918,30,0,729480
BANKNIFTY-III.NFO,19/03/2025,09:41:07,49910,49910,30,49917.95,120,0,729480
BANKNIFTY-III.NFO,19/03/2025,09:41:09,49910,49910.05,120,49918,30,0,729480
BANKNIFTY-III.NFO,19/03/2025,09:41:11,49910,49910.05,150,49918,30,0,729480
BANKNIFTY-III.NFO,19/03/2025,09:41:12,49910,49910,30,49918,30,0,729480
BANKNIFTY-III.NFO,19/03/2025,09:41:17,49910,49906.5,120,49918,30,30,729480
BANKNIFTY-III.NFO,19/03/2025,09:41:19,49910,49908.25,300,49918,30,0,729480
BANKNIFTY-III.NFO,19/03/2025,09:41:21,49910,49906,30,49917.95,120,0,729480
BANKNIFTY-III.NFO,19/03/2025,09:41:22,49910,49906,60,49917.95,120,0,729480
BANKNIFTY-III.NFO,19/03/2025,09:41:24,49910,49906.05,150,49918,30,0,729480
BANKNIFTY-III.NFO,19/03/2025,09:41:26,49910,49906,30,49917.95,150,0,729480
BANKNIFTY-III.NFO,19/03/2025,09:41:31,49910,49906,30,49912.45,120,0,729480
BANKNIFTY-III.NFO,19/03/2025,09:41:32,49910,49906,30,49914.35,150,0,729480
BANKNIFTY-III.NFO,19/03/2025,09:41:34,49910,49906,30,49913.1,150,0,729480
BANKNIFTY-III.NFO,19/03/2025,09:41:35,49906,49902,30,49905.95,120,30,729480
BANKNIFTY-III.NFO,19/03/2025,09:41:37,49906,49902,30,49909.85,150,0,729480
BANKNIFTY-III.NFO,19/03/2025,09:41:39,49906,49902,30,49904.95,150,0,729480
BANKNIFTY-III.NFO,19/03/2025,09:41:41,49902,49898,30,49904.65,150,30,729480
BANKNIFTY-III.NFO,19/03/2025,09:41:42,49903.15,49898,30,49902.7,120,30,729480
BANKNIFTY-III.NFO,19/03/2025,09:41:44,49903.15,49898,30,49899.8,120,0,729480
BANKNIFTY-III.NFO,19/03/2025,09:41:45,49898,49894,30,49899.1,120,30,729480
BANKNIFTY-III.NFO,19/03/2025,09:41:47,49898,49894,30,49899.15,120,0,729480
BANKNIFTY-III.NFO,19/03/2025,09:41:49,49898,49894,30,49899.4,120,0,729480
BANKNIFTY-III.NFO,19/03/2025,09:41:50,49898,49894,30,49897.35,120,0,729480
BANKNIFTY-III.NFO,19/03/2025,09:41:52,49898,49894,30,49902.95,120,0,729480
BANKNIFTY-III.NFO,19/03/2025,09:41:54,49898,49894,30,49900.5,420,0,729480
BANKNIFTY-III.NFO,19/03/2025,09:41:55,49898,49894,30,49898.75,150,0,729480
BANKNIFTY-III.NFO,19/03/2025,09:41:57,49894,49891.4,30,49893.85,120,30,729480
BANKNIFTY-III.NFO,19/03/2025,09:41:59,49891.4,49891.05,150,49892.35,120,30,729480
BANKNIFTY-III.NFO,19/03/2025,09:42:00,49891.05,49890,30,49891.4,30,150,729480
BANKNIFTY-III.NFO,19/03/2025,09:42:03,49891.35,49890,30,49891.35,90,30,729480
BANKNIFTY-III.NFO,19/03/2025,09:42:05,49891.35,49890,30,49891.4,30,0,729480
BANKNIFTY-III.NFO,19/03/2025,09:42:07,49891.35,49890,30,49901.95,120,0,729480
BANKNIFTY-III.NFO,19/03/2025,09:42:08,49891.35,49890.05,150,49902,30,0,729480
BANKNIFTY-III.NFO,19/03/2025,09:42:16,49908.3,49898.05,150,49910,30,180,729480
BANKNIFTY-III.NFO,19/03/2025,09:42:18,49908.3,49898,30,49910,30,0,729480
BANKNIFTY-III.NFO,19/03/2025,09:42:20,49898.05,49898.05,150,49910,30,30,729480
BANKNIFTY-III.NFO,19/03/2025,09:42:21,49898.05,49898.05,150,49910,30,0,729480
BANKNIFTY-III.NFO,19/03/2025,09:42:33,49898.05,49898.05,30,49910,30,0,729480
BANKNIFTY-III.NFO,19/03/2025,09:42:35,49898.05,49898.05,150,49910,30,0,729480
BANKNIFTY-III.NFO,19/03/2025,09:42:38,49905,49905,150,49910,30,900,729390
BANKNIFTY-III.NFO,19/03/2025,09:42:40,49905,49905,150,49910,30,0,729390
BANKNIFTY-III.NFO,19/03/2025,09:42:55,49905,49905,150,49909.8,120,0,729390
BANKNIFTY-III.NFO,19/03/2025,09:42:58,49905,49905,150,49910,30,0,729390
BANKNIFTY-III.NFO,19/03/2025,09:43:01,49914,49907.4,180,49918,30,60,729390
BANKNIFTY-III.NFO,19/03/2025,09:43:03,49914,49909.9,30,49918,30,0,729390
BANKNIFTY-III.NFO,19/03/2025,09:43:05,49918,49911.5,180,49922,30,30,729390
BANKNIFTY-III.NFO,19/03/2025,09:43:06,49918,49911.5,30,49922,30,0,729390
BANKNIFTY-III.NFO,19/03/2025,09:43:11,49918,49914.05,180,49922,30,0,729390
BANKNIFTY-III.NFO,19/03/2025,09:43:13,49918,49914.05,30,49922,30,0,729390
BANKNIFTY-III.NFO,19/03/2025,09:43:15,49922,49918.85,30,49926,30,30,729390
BANKNIFTY-III.NFO,19/03/2025,09:43:17,49926,49923.2,30,49930,30,30,729390
BANKNIFTY-III.NFO,19/03/2025,09:43:18,49926,49921.3,30,49930,30,0,729390
BANKNIFTY-III.NFO,19/03/2025,09:43:20,49926,49924.15,30,49930,30,0,729390
BANKNIFTY-III.NFO,19/03/2025,09:43:22,49926.25,49924.2,30,49934,30,120,729390
BANKNIFTY-III.NFO,19/03/2025,09:43:23,49926.25,49922,60,49934,30,0,729390
BANKNIFTY-III.NFO,19/03/2025,09:43:37,49934,49929.25,30,49938,30,30,729390
BANKNIFTY-III.NFO,19/03/2025,09:43:38,49934,49929.25,30,49938,30,0,729390
BANKNIFTY-III.NFO,19/03/2025,09:43:40,49942,49934.05,30,49946,30,60,729390
BANKNIFTY-III.NFO,19/03/2025,09:43:42,49942,49934.45,30,49946,30,0,729390
BANKNIFTY-III.NFO,19/03/2025,09:43:43,49942,49938.65,180,49946,30,0,729390
BANKNIFTY-III.NFO,19/03/2025,09:43:45,49946,49944.15,30,49950,30,30,729390
BANKNIFTY-III.NFO,19/03/2025,09:43:47,49954,49946,60,49958,30,60,729390
BANKNIFTY-III.NFO,19/03/2025,09:43:48,49958,49950,30,49961.95,120,30,729390
BANKNIFTY-III.NFO,19/03/2025,09:43:53,49958,49950.05,30,49961.95,120,0,729390
BANKNIFTY-III.NFO,19/03/2025,09:43:55,49958,49950,30,49961.15,750,0,729390
BANKNIFTY-III.NFO,19/03/2025,09:43:57,49958,49950,30,49958.7,450,0,729390
BANKNIFTY-III.NFO,19/03/2025,09:43:58,49958,49950,30,49957.25,150,0,729390
BANKNIFTY-III.NFO,19/03/2025,09:44:00,49958,49950,30,49954,120,0,729390
BANKNIFTY-III.NFO,19/03/2025,09:44:02,49958,49950,30,49956.1,150,0,729390
BANKNIFTY-III.NFO,19/03/2025,09:44:03,49958,49950,30,49951.4,120,0,729390
BANKNIFTY-III.NFO,19/03/2025,09:44:05,49958,49950,30,49953.9,120,0,729390
BANKNIFTY-III.NFO,19/03/2025,09:44:07,49958,49950,30,49958.25,150,0,729390
BANKNIFTY-III.NFO,19/03/2025,09:44:08,49958,49950,30,49954.45,120,0,729390
BANKNIFTY-III.NFO,19/03/2025,09:44:10,49958,49950,30,49961.95,150,0,729390
BANKNIFTY-III.NFO,19/03/2025,09:44:12,49958,49950,30,49961.95,120,0,729390
BANKNIFTY-III.NFO,19/03/2025,09:44:13,49958,49950,30,49958,30,0,729390
BANKNIFTY-III.NFO,19/03/2025,09:44:17,49958,49950,60,49958,30,0,729390
BANKNIFTY-III.NFO,19/03/2025,09:44:18,49958,49951.1,30,49958,30,0,729390
BANKNIFTY-III.NFO,19/03/2025,09:44:20,49958,49950,60,49958,30,0,729390
BANKNIFTY-III.NFO,19/03/2025,09:44:22,49958,49950,30,49958,30,0,729390
BANKNIFTY-III.NFO,19/03/2025,09:44:28,49958,49950,60,49958,30,0,729390
BANKNIFTY-III.NFO,19/03/2025,09:44:30,49958,49950,60,49962,30,30,729390
BANKNIFTY-III.NFO,19/03/2025,09:44:32,49958,49951.9,30,49962,30,0,729390
BANKNIFTY-III.NFO,19/03/2025,09:44:35,49958,49955.3,30,49962,30,0,729390
BANKNIFTY-III.NFO,19/03/2025,09:44:37,49958,49952.25,30,49962,30,0,729390
BANKNIFTY-III.NFO,19/03/2025,09:44:38,49958,49954.25,180,49962,30,0,729390
BANKNIFTY-III.NFO,19/03/2025,09:44:40,49958,49954.6,180,49962,30,0,729390
BANKNIFTY-III.NFO,19/03/2025,09:44:42,49962,49958.3,30,49966,30,30,729390
BANKNIFTY-III.NFO,19/03/2025,09:44:43,49973.95,49962,30,49973.95,120,300,729390
BANKNIFTY-III.NFO,19/03/2025,09:44:45,49973.95,49962,30,49973.95,120,0,729390
BANKNIFTY-III.NFO,19/03/2025,09:44:48,49973.95,49962,30,49973.95,150,0,729390
BANKNIFTY-III.NFO,19/03/2025,09:44:52,49973.95,49962,30,49973.6,150,0,729390
BANKNIFTY-III.NFO,19/03/2025,09:44:53,49973.95,49962,30,49972.9,150,0,729390
BANKNIFTY-III.NFO,19/03/2025,09:44:55,49973.95,49962.2,120,49974,30,0,729390
BANKNIFTY-III.NFO,19/03/2025,09:44:57,49973.95,49964.8,150,49974,30,0,729390
BANKNIFTY-III.NFO,19/03/2025,09:44:58,49973.95,49968.8,150,49974,30,0,729390
BANKNIFTY-III.NFO,19/03/2025,09:45:00,49978,49974.7,120,49982,30,60,729390
BANKNIFTY-III.NFO,19/03/2025,09:45:02,49982,49974.05,150,49986,30,30,729390
BANKNIFTY-III.NFO,19/03/2025,09:45:03,49982,49978.95,150,49986,30,0,729390
BANKNIFTY-III.NFO,19/03/2025,09:45:05,49982,49976.65,120,49986,30,0,729390
BANKNIFTY-III.NFO,19/03/2025,09:45:07,49982,49974.9,300,49986,30,0,729390
BANKNIFTY-III.NFO,19/03/2025,09:45:08,49982,49974.05,150,49979.1,30,0,729390
BANKNIFTY-III.NFO,19/03/2025,09:45:10,49982,49974,30,49979.1,30,0,729390
BANKNIFTY-III.NFO,19/03/2025,09:45:12,49982,49974.05,150,49979.1,30,0,729390
BANKNIFTY-III.NFO,19/03/2025,09:45:13,49982,49974.85,120,49979.1,30,0,729390
BANKNIFTY-III.NFO,19/03/2025,09:45:15,49982,49975.5,120,49979.1,30,0,729390
BANKNIFTY-III.NFO,19/03/2025,09:45:17,49982,49974,30,49979.1,30,0,729390
BANKNIFTY-III.NFO,19/03/2025,09:45:20,49982,49974,30,49979.05,150,0,729390
BANKNIFTY-III.NFO,19/03/2025,09:45:22,49974,49970,30,49976.05,150,30,729390
BANKNIFTY-III.NFO,19/03/2025,09:45:23,49974,49970,30,49976.5,150,0,729390
BANKNIFTY-III.NFO,19/03/2025,09:45:25,49970,49966,30,49968,120,30,729390
BANKNIFTY-III.NFO,19/03/2025,09:45:27,49970,49966,30,49969.65,120,0,729390
BANKNIFTY-III.NFO,19/03/2025,09:45:28,49970,49966,30,49969.4,120,0,729390
BANKNIFTY-III.NFO,19/03/2025,09:45:30,49970,49966,30,49967.4,120,0,729390
BANKNIFTY-III.NFO,19/03/2025,09:45:32,49970,49966,30,49968.95,120,0,729390
BANKNIFTY-III.NFO,19/03/2025,09:45:33,49970,49966,30,49971.55,120,0,729390
BANKNIFTY-III.NFO,19/03/2025,09:45:35,49970,49966,30,49977.15,120,0,729390
BANKNIFTY-III.NFO,19/03/2025,09:45:37,49970,49966,30,49975.5,120,0,729390
BANKNIFTY-III.NFO,19/03/2025,09:45:38,49970,49966,30,49974.9,120,0,729390
BANKNIFTY-III.NFO,19/03/2025,09:45:40,49970,49966,30,49973.45,120,0,729390
BANKNIFTY-III.NFO,19/03/2025,09:45:42,49970,49966,30,49971.45,120,0,729390
BANKNIFTY-III.NFO,19/03/2025,09:45:43,49966,49962,30,49964.95,120,30,730170
BANKNIFTY-III.NFO,19/03/2025,09:45:45,49966,49962,30,49973.95,120,0,730170
BANKNIFTY-III.NFO,19/03/2025,09:45:47,49962,49958.05,120,49970,30,30,730170
BANKNIFTY-III.NFO,19/03/2025,09:45:53,49962,49958.05,120,49970,30,0,730170
BANKNIFTY-III.NFO,19/03/2025,09:45:55,49962,49958,30,49970,30,0,730170
BANKNIFTY-III.NFO,19/03/2025,09:45:57,49962,49963,30,49969.95,120,0,730170
BANKNIFTY-III.NFO,19/03/2025,09:45:58,49963,49958,30,49969.95,120,30,730170
BANKNIFTY-III.NFO,19/03/2025,09:46:00,49963,49958,30,49962,150,0,730170
BANKNIFTY-III.NFO,19/03/2025,09:46:02,49958,49954,30,49960.45,150,30,730170
BANKNIFTY-III.NFO,19/03/2025,09:46:03,49958,49954,30,49957.5,120,0,730170
BANKNIFTY-III.NFO,19/03/2025,09:46:05,49958,49954,30,49959.75,150,0,730170
BANKNIFTY-III.NFO,19/03/2025,09:46:07,49958,49954,30,49958.65,150,0,730170
BANKNIFTY-III.NFO,19/03/2025,09:46:08,49954,49950.05,60,49954.35,120,30,730170
BANKNIFTY-III.NFO,19/03/2025,09:46:10,49954,49950.05,60,49960.05,120,0,730170
BANKNIFTY-III.NFO,19/03/2025,09:46:12,49954,49950.05,60,49959.05,120,0,730170
BANKNIFTY-III.NFO,19/03/2025,09:46:13,49954,49950.05,60,49956.35,120,0,730170
BANKNIFTY-III.NFO,19/03/2025,09:46:15,49954,49950.05,60,49962,30,0,730170
BANKNIFTY-III.NFO,19/03/2025,09:46:17,49954,49950.05,60,49961.95,150,0,730170
BANKNIFTY-III.NFO,19/03/2025,09:46:18,49954,49950.1,120,49962,30,0,730170
BANKNIFTY-III.NFO,19/03/2025,09:46:22,49955,49950.2,150,49962,30,900,730170
BANKNIFTY-III.NFO,19/03/2025,09:46:23,49955,49954,30,49960,30,0,730170
BANKNIFTY-III.NFO,19/03/2025,09:46:27,49955,49954.05,120,49960,30,0,730170
BANKNIFTY-III.NFO,19/03/2025,09:46:28,49955,49954,30,49960,30,0,730170
BANKNIFTY-III.NFO,19/03/2025,09:46:30,49955,49954,30,49959.95,120,0,730170
BANKNIFTY-III.NFO,19/03/2025,09:46:31,49955,49954,30,49960,30,0,730170
BANKNIFTY-III.NFO,19/03/2025,09:46:33,49954,49950.25,90,49958.35,120,30,730170
BANKNIFTY-III.NFO,19/03/2025,09:46:35,49954,49950.25,90,49960,30,0,730170
BANKNIFTY-III.NFO,19/03/2025,09:46:36,49954,49950.25,90,49959.95,120,0,730170
BANKNIFTY-III.NFO,19/03/2025,09:46:38,49950.25,49950.3,120,49960,30,30,730170
BANKNIFTY-III.NFO,19/03/2025,09:46:40,49950.25,49950.25,60,49959.95,150,0,730170
BANKNIFTY-III.NFO,19/03/2025,09:46:41,49950.25,49950.25,60,49959.95,750,0,730170
BANKNIFTY-III.NFO,19/03/2025,09:46:43,49950.25,49950.25,60,49960,30,0,730170
BANKNIFTY-III.NFO,19/03/2025,09:46:46,49950.25,49950.3,120,49960,30,0,730170
BANKNIFTY-III.NFO,19/03/2025,09:46:48,49950.25,49950.25,60,49960,30,0,730170
BANKNIFTY-III.NFO,19/03/2025,09:46:50,49950.25,49950.3,120,49960,30,0,730170
BANKNIFTY-III.NFO,19/03/2025,09:46:51,49950.25,49950.3,150,49960,30,0,730170
BANKNIFTY-III.NFO,19/03/2025,09:46:55,49960,49950.3,150,49962,30,30,730170
BANKNIFTY-III.NFO,19/03/2025,09:46:56,49963,49954.05,150,49966,30,60,730170
BANKNIFTY-III.NFO,19/03/2025,09:46:58,49963,49954.75,120,49966,30,0,730170
BANKNIFTY-III.NFO,19/03/2025,09:47:00,49963,49960.75,120,49966,30,0,730170
BANKNIFTY-III.NFO,19/03/2025,09:47:01,49963,49961.65,120,49966,30,0,730170
BANKNIFTY-III.NFO,19/03/2025,09:47:03,49966,49961.65,120,49970,30,30,730170
BANKNIFTY-III.NFO,19/03/2025,09:47:05,49970,49964.8,120,49974,30,30,730170
BANKNIFTY-III.NFO,19/03/2025,09:47:06,49970,49966.8,120,49974,30,0,730170
BANKNIFTY-III.NFO,19/03/2025,09:47:08,49974,49972.25,120,49978,30,30,730170
BANKNIFTY-III.NFO,19/03/2025,09:47:10,49978,49973.95,120,49982,330,30,730170
BANKNIFTY-III.NFO,19/03/2025,09:47:11,49978,49975.35,120,49982,330,0,730170
BANKNIFTY-III.NFO,19/03/2025,09:47:13,49982,49974.4,30,49982,300,30,730170
BANKNIFTY-III.NFO,19/03/2025,09:47:15,49982,49974.25,150,49982,300,0,730170
BANKNIFTY-III.NFO,19/03/2025,09:47:16,49982,49970.45,120,49982,300,0,730170
BANKNIFTY-III.NFO,19/03/2025,09:47:18,49982,49977.15,120,49986,30,300,730170
BANKNIFTY-III.NFO,19/03/2025,09:47:20,49982,49975.75,120,49986,30,0,730170
BANKNIFTY-III.NFO,19/03/2025,09:47:21,49982,49976.85,120,49986,30,0,730170
BANKNIFTY-III.NFO,19/03/2025,09:47:23,49982,49975.95,150,49986,30,0,730170
BANKNIFTY-III.NFO,19/03/2025,09:47:26,49982,49975.9,150,49983.9,30,0,730170
BANKNIFTY-III.NFO,19/03/2025,09:47:28,49983.9,49974.85,120,49986,30,30,730170
BANKNIFTY-III.NFO,19/03/2025,09:47:30,49986,49978.05,30,49990,60,30,730170
BANKNIFTY-III.NFO,19/03/2025,09:47:31,49986,49978,30,49980,120,0,730170
BANKNIFTY-III.NFO,19/03/2025,09:47:33,49986,49978,30,49979.95,120,0,730170
BANKNIFTY-III.NFO,19/03/2025,09:47:35,49978,49974,30,49980,120,30,730170
BANKNIFTY-III.NFO,19/03/2025,09:47:36,49980,49974,30,49980,90,30,730170
BANKNIFTY-III.NFO,19/03/2025,09:47:38,49980,49974,30,49980,90,0,730170
BANKNIFTY-III.NFO,19/03/2025,09:47:46,49980,49974.05,30,49980,90,0,730170
BANKNIFTY-III.NFO,19/03/2025,09:47:48,49980,49977.5,150,49986,30,90,730170
BANKNIFTY-III.NFO,19/03/2025,09:47:49,49980,49980.8,60,49986,30,0,730170
BANKNIFTY-III.NFO,19/03/2025,09:47:51,49980,49980.55,120,49986,30,0,730170
BANKNIFTY-III.NFO,19/03/2025,09:47:53,49982.25,49982.35,30,49986,30,30,730170
BANKNIFTY-III.NFO,19/03/2025,09:47:54,49982.25,49981.45,30,49986,30,0,730170
BANKNIFTY-III.NFO,19/03/2025,09:47:56,49982.25,49977.6,150,49986,60,0,730170
BANKNIFTY-III.NFO,19/03/2025,09:47:58,49982.25,49976.9,150,49986,60,0,730170
BANKNIFTY-III.NFO,19/03/2025,09:47:59,49982.25,49974.6,150,49986,60,0,730170
BANKNIFTY-III.NFO,19/03/2025,09:48:01,49982.25,49974.55,150,49986,60,0,730170
BANKNIFTY-III.NFO,19/03/2025,09:48:03,49982.25,49978.25,30,49984,30,0,730170
BANKNIFTY-III.NFO,19/03/2025,09:48:04,49984,49979.85,120,49986,60,30,730170
BANKNIFTY-III.NFO,19/03/2025,09:48:06,49986,49978,30,49986,30,30,730170
BANKNIFTY-III.NFO,19/03/2025,09:48:08,49986,49978,30,49985.95,150,0,730170
BANKNIFTY-III.NFO,19/03/2025,09:48:09,49986,49978,30,49985.95,120,0,730170
BANKNIFTY-III.NFO,19/03/2025,09:48:11,49986,49978,30,49986,30,0,730170
BANKNIFTY-III.NFO,19/03/2025,09:48:12,49986,49978,30,49983.95,120,0,730170
BANKNIFTY-III.NFO,19/03/2025,09:48:21,49986,49978,30,49983.95,150,0,730170
BANKNIFTY-III.NFO,19/03/2025,09:48:22,49986,49978,30,49983.95,120,0,730170
BANKNIFTY-III.NFO,19/03/2025,09:48:24,49978,49974,30,49984,30,30,730170
BANKNIFTY-III.NFO,19/03/2025,09:48:26,49978,49974,30,49983.95,120,0,730170
BANKNIFTY-III.NFO,19/03/2025,09:48:27,49982,49974.05,120,49984,30,60,730170
BANKNIFTY-III.NFO,19/03/2025,09:48:29,49984,49979.05,150,49986,90,30,730500
BANKNIFTY-III.NFO,19/03/2025,09:48:31,49986,49979.85,270,49990,60,90,730500
BANKNIFTY-III.NFO,19/03/2025,09:48:32,49990,49983.8,120,49994,30,60,730500
BANKNIFTY-III.NFO,19/03/2025,09:48:34,49990,49982.75,150,49994,30,120,730500
BANKNIFTY-III.NFO,19/03/2025,09:48:36,49990,49983.5,120,49994,30,0,730500
BANKNIFTY-III.NFO,19/03/2025,09:48:37,49990,49985.15,150,49994,30,0,730500
BANKNIFTY-III.NFO,19/03/2025,09:48:39,49994,49986.9,150,49998,30,30,730500
BANKNIFTY-III.NFO,19/03/2025,09:48:41,49998,49990,30,49999,30,30,730500
BANKNIFTY-III.NFO,19/03/2025,09:48:42,50000,49993.45,150,50000,270,60,730500
BANKNIFTY-III.NFO,19/03/2025,09:48:44,50000,49990,30,49998,30,30,730500
BANKNIFTY-III.NFO,19/03/2025,09:48:46,50000,49990,30,49998,30,0,730500
BANKNIFTY-III.NFO,19/03/2025,09:48:51,50000,49990.6,150,49998,30,0,730500
BANKNIFTY-III.NFO,19/03/2025,09:48:52,50000,49990.35,150,49998,30,0,730500
BANKNIFTY-III.NFO,19/03/2025,09:48:54,50000,49990,30,50000,330,0,730500
BANKNIFTY-III.NFO,19/03/2025,09:48:59,50000,49990.05,150,50000,330,0,730500
BANKNIFTY-III.NFO,19/03/2025,09:49:00,50000,49990,30,50000,240,90,730500
BANKNIFTY-III.NFO,19/03/2025,09:49:02,50000,49990,30,49999,90,0,730500
BANKNIFTY-III.NFO,19/03/2025,09:49:04,50000,49990,30,49998.95,120,0,730500
BANKNIFTY-III.NFO,19/03/2025,09:49:07,50000,49990,30,49999,90,0,730500
BANKNIFTY-III.NFO,19/03/2025,09:49:12,50000,49990,30,49998.95,120,0,730500
BANKNIFTY-III.NFO,19/03/2025,09:49:14,50000,49990,30,49998.95,150,0,730500
BANKNIFTY-III.NFO,19/03/2025,09:49:16,49990,49986,30,49996.6,150,30,730500
BANKNIFTY-III.NFO,19/03/2025,09:49:17,49990,49986,30,49996.1,120,0,730500
BANKNIFTY-III.NFO,19/03/2025,09:49:22,49990,49986,30,49993.15,120,0,730500
BANKNIFTY-III.NFO,19/03/2025,09:49:24,49986,49982,30,49990.2,150,30,730500
BANKNIFTY-III.NFO,19/03/2025,09:49:26,49986,49982,30,49992.25,120,0,730500
BANKNIFTY-III.NFO,19/03/2025,09:49:27,49986,49982,30,49991.35,120,0,730500
BANKNIFTY-III.NFO,19/03/2025,09:49:29,49986,49982,30,49992.25,120,0,730500
BANKNIFTY-III.NFO,19/03/2025,09:49:31,49986,49982,30,49984.3,120,30,730500
BANKNIFTY-III.NFO,19/03/2025,09:49:32,49986,49982,30,49983.35,120,0,730500
BANKNIFTY-III.NFO,19/03/2025,09:49:34,49982,49978,30,49979.4,120,30,730500
BANKNIFTY-III.NFO,19/03/2025,09:49:36,49982,49978.75,30,49980.65,120,0,730500
BANKNIFTY-III.NFO,19/03/2025,09:49:37,49982,49978.75,30,49984.85,150,0,730500
BANKNIFTY-III.NFO,19/03/2025,09:49:39,49982,49978.75,30,49982.5,150,0,730500
BANKNIFTY-III.NFO,19/03/2025,09:49:41,49982,49978.75,30,49983,120,0,730500
BANKNIFTY-III.NFO,19/03/2025,09:49:42,49982,49978.75,30,49983.75,120,0,730500
BANKNIFTY-III.NFO,19/03/2025,09:49:44,49982,49978.75,60,49986,120,0,730500
BANKNIFTY-III.NFO,19/03/2025,09:49:46,49982,49978.8,120,49990,30,0,730500
BANKNIFTY-III.NFO,19/03/2025,09:49:47,49982,49978.75,60,49989.95,150,0,730500
BANKNIFTY-III.NFO,19/03/2025,09:49:50,49982,49978.75,60,49990,30,0,730500
BANKNIFTY-III.NFO,19/03/2025,09:49:52,49982,49978.75,60,49986.15,150,0,730500
BANKNIFTY-III.NFO,19/03/2025,09:49:54,49982,49978.75,60,49986.2,120,0,730500
BANKNIFTY-III.NFO,19/03/2025,09:49:55,49982,49978.75,60,49988.75,150,0,730500
BANKNIFTY-III.NFO,19/03/2025,09:49:57,49982,49978.75,60,49988.4,150,0,730500
BANKNIFTY-III.NFO,19/03/2025,09:49:59,49982,49978.75,60,49985.95,120,0,730500
BANKNIFTY-III.NFO,19/03/2025,09:50:00,49982,49978.75,60,49984.3,30,0,730500
BANKNIFTY-III.NFO,19/03/2025,09:50:02,49982,49978,30,49982.55,30,0,730500
BANKNIFTY-III.NFO,19/03/2025,09:50:04,49978,49975.05,60,49975.25,30,30,730500
BANKNIFTY-III.NFO,19/03/2025,09:50:05,49975.05,49974,30,49980,30,60,730500
BANKNIFTY-III.NFO,19/03/2025,09:50:07,49966.05,49966,30,49978,60,120,730500
BANKNIFTY-III.NFO,19/03/2025,09:50:09,49966.05,49966,30,49977.95,150,0,730500
BANKNIFTY-III.NFO,19/03/2025,09:50:10,49966,49962.05,90,49974,30,30,730500
BANKNIFTY-III.NFO,19/03/2025,09:50:12,49974,49966,30,49977.05,30,30,730500
BANKNIFTY-III.NFO,19/03/2025,09:50:14,49974,49966,30,49976.65,120,0,730500
BANKNIFTY-III.NFO,19/03/2025,09:50:15,49974,49966,30,49977.95,150,0,730500
BANKNIFTY-III.NFO,19/03/2025,09:50:17,49974,49966,30,49977.4,150,0,730500
BANKNIFTY-III.NFO,19/03/2025,09:50:18,49974,49966,30,49974.6,120,0,730500
BANKNIFTY-III.NFO,19/03/2025,09:50:20,49974,49966,30,49972.45,300,0,730500
BANKNIFTY-III.NFO,19/03/2025,09:50:22,49974,49966.05,60,49969.5,120,0,730500
BANKNIFTY-III.NFO,19/03/2025,09:50:23,49966,49962,30,49966.95,120,90,730500
BANKNIFTY-III.NFO,19/03/2025,09:50:25,49966,49962,30,49965.2,300,0,730500
BANKNIFTY-III.NFO,19/03/2025,09:50:27,49966,49962,30,49967.15,600,0,730500
BANKNIFTY-III.NFO,19/03/2025,09:50:29,49962,49958,30,49962,30,30,730500
BANKNIFTY-III.NFO,19/03/2025,09:50:30,49962,49958,30,49962,30,0,730500
BANKNIFTY-III.NFO,19/03/2025,09:50:35,49962,49958,30,49961.6,600,0,730500
BANKNIFTY-III.NFO,19/03/2025,09:50:37,49962,49958,30,49962,30,0,730500
BANKNIFTY-III.NFO,19/03/2025,09:50:40,49962,49958,30,49964,30,30,730500
BANKNIFTY-III.NFO,19/03/2025,09:50:42,49962,49960.05,60,49964,30,0,730500
BANKNIFTY-III.NFO,19/03/2025,09:50:44,49962,49960.1,90,49964,30,0,730500
BANKNIFTY-III.NFO,19/03/2025,09:50:45,49964,49962.05,120,49970,30,30,730500
BANKNIFTY-III.NFO,19/03/2025,09:50:47,49964,49962,30,49970,30,0,730500
BANKNIFTY-III.NFO,19/03/2025,09:50:49,49964,49962.05,90,49970,30,0,730500
BANKNIFTY-III.NFO,19/03/2025,09:50:50,49964,49962.05,120,49970,30,0,730500
BANKNIFTY-III.NFO,19/03/2025,09:50:54,49964,49962.05,90,49970,30,0,730500
BANKNIFTY-III.NFO,19/03/2025,09:50:55,49964,49962.05,120,49970,30,0,730500
BANKNIFTY-III.NFO,19/03/2025,09:50:57,49964,49962,30,49970,30,0,730500
BANKNIFTY-III.NFO,19/03/2025,09:51:00,49964,49962.05,120,49970,30,0,730500
BANKNIFTY-III.NFO,19/03/2025,09:51:02,49970,49962.05,120,49974,30,30,730500
BANKNIFTY-III.NFO,19/03/2025,09:51:04,49970,49965.15,90,49974,30,0,730500
BANKNIFTY-III.NFO,19/03/2025,09:51:05,49974,49966.4,90,49978,30,30,730500
BANKNIFTY-III.NFO,19/03/2025,09:51:07,49974,49966.85,90,49978,30,0,730500
BANKNIFTY-III.NFO,19/03/2025,09:51:10,49966.05,49966.7,180,49978,30,90,730500
BANKNIFTY-III.NFO,19/03/2025,09:51:12,49966.05,49970.05,180,49978,30,0,730500
BANKNIFTY-III.NFO,19/03/2025,09:51:14,49982,49978.4,30,49986,30,90,730500
BANKNIFTY-III.NFO,19/03/2025,09:51:15,49982,49980.75,90,49986,30,0,730500
BANKNIFTY-III.NFO,19/03/2025,09:51:17,49982,49978.3,90,49986,30,0,730500
BANKNIFTY-III.NFO,19/03/2025,09:51:19,49982,49978.3,30,49986,30,0,730500
BANKNIFTY-III.NFO,19/03/2025,09:51:20,49986,49982.05,180,49990,30,30,730500
BANKNIFTY-III.NFO,19/03/2025,09:51:22,49986,49982.8,30,49990,30,0,730500
BANKNIFTY-III.NFO,19/03/2025,09:51:24,49986,49983.3,30,49990,30,0,730500
BANKNIFTY-III.NFO,19/03/2025,09:51:25,49986,49980.55,30,49990,30,0,730500
BANKNIFTY-III.NFO,19/03/2025,09:51:27,49986,49980,60,49990,30,0,730500
BANKNIFTY-III.NFO,19/03/2025,09:51:32,49990,49982,30,49993.95,150,30,730830
BANKNIFTY-III.NFO,19/03/2025,09:51:34,49990,49982,30,49992.6,120,0,730830
BANKNIFTY-III.NFO,19/03/2025,09:51:35,49990,49982,30,49987.1,120,0,730830
BANKNIFTY-III.NFO,19/03/2025,09:51:37,49990,49982,30,49988.2,120,0,730830
BANKNIFTY-III.NFO,19/03/2025,09:51:39,49982,49978,30,49990,30,30,730830
BANKNIFTY-III.NFO,19/03/2025,09:51:40,49985,49985,900,49990,30,900,730830
BANKNIFTY-III.NFO,19/03/2025,09:51:42,49985,49985,900,49990,30,0,730830
BANKNIFTY-III.NFO,19/03/2025,09:51:47,49994,49994,120,49997.95,120,60,730830
BANKNIFTY-III.NFO,19/03/2025,09:51:49,49994,49994,120,49997.95,120,0,730830
BANKNIFTY-III.NFO,19/03/2025,09:51:50,49994,49994,90,49998,30,180,730830
BANKNIFTY-III.NFO,19/03/2025,09:51:52,49994,49994,90,49998,30,0,730830
BANKNIFTY-III.NFO,19/03/2025,09:51:54,49998,49990,30,49999,150,30,730830
BANKNIFTY-III.NFO,19/03/2025,09:51:55,49998,49990.05,150,49999,150,0,730830
BANKNIFTY-III.NFO,19/03/2025,09:51:57,49998,49991.05,150,49999,150,0,730830
BANKNIFTY-III.NFO,19/03/2025,09:51:59,50000,49999.1,150,50002,30,300,730830
BANKNIFTY-III.NFO,19/03/2025,09:52:00,50002,49999.05,30,50006,30,30,730830
BANKNIFTY-III.NFO,19/03/2025,09:52:02,50002,49994.05,150,50006,30,0,730830
BANKNIFTY-III.NFO,19/03/2025,09:52:07,50002,50000.55,120,50006,30,0,730830
BANKNIFTY-III.NFO,19/03/2025,09:52:09,50002,50001.2,120,50006,30,0,730830
BANKNIFTY-III.NFO,19/03/2025,09:52:10,50006,50001.2,120,50010,30,30,730830
BANKNIFTY-III.NFO,19/03/2025,09:52:12,50006,50001.2,120,50010,30,0,730830
BANKNIFTY-III.NFO,19/03/2025,09:52:13,50014,50006.05,150,50017,60,60,730830
BANKNIFTY-III.NFO,19/03/2025,09:52:15,50014,50006,30,50017,60,0,730830
BANKNIFTY-III.NFO,19/03/2025,09:52:17,50014,50006.05,150,50017,60,0,730830
BANKNIFTY-III.NFO,19/03/2025,09:52:20,50014,50006.05,120,50017,60,0,730830
BANKNIFTY-III.NFO,19/03/2025,09:52:22,50014,50010.25,120,50017,60,0,730830
BANKNIFTY-III.NFO,19/03/2025,09:52:23,50017,50008.3,120,50018,30,60,730830
BANKNIFTY-III.NFO,19/03/2025,09:52:25,50017,50008.3,120,50018,30,0,730830
BANKNIFTY-III.NFO,19/03/2025,09:52:27,50017,50009.85,120,50018,30,0,730830
BANKNIFTY-III.NFO,19/03/2025,09:52:28,50010,50009.85,30,50018,30,180,730830
BANKNIFTY-III.NFO,19/03/2025,09:52:30,50010,50007.35,30,50018,30,0,730830
BANKNIFTY-III.NFO,19/03/2025,09:52:32,50010,50010.1,30,50018,30,0,730830
BANKNIFTY-III.NFO,19/03/2025,09:52:33,50010,50009.05,30,50018,30,0,730830
BANKNIFTY-III.NFO,19/03/2025,09:52:35,50010,50010,30,50018,30,0,730830
BANKNIFTY-III.NFO,19/03/2025,09:52:37,50010,50012.55,60,50018,30,0,730830
BANKNIFTY-III.NFO,19/03/2025,09:52:38,50010,50008.35,30,50018,30,0,730830
BANKNIFTY-III.NFO,19/03/2025,09:52:40,50010,50006.05,60,50018,30,0,730830
BANKNIFTY-III.NFO,19/03/2025,09:52:42,50010,50006.15,30,50018,30,0,730830
BANKNIFTY-III.NFO,19/03/2025,09:52:43,50010,50006.7,60,50018,30,0,730830
BANKNIFTY-III.NFO,19/03/2025,09:52:45,50010,50006.9,30,50018,30,0,730830
BANKNIFTY-III.NFO,19/03/2025,09:52:47,50010,50008.1,60,50018,30,0,730830
BANKNIFTY-III.NFO,19/03/2025,09:52:48,50022,50014,30,50025,60,60,730830
BANKNIFTY-III.NFO,19/03/2025,09:52:50,50022,50014,30,50024.95,150,0,730830
BANKNIFTY-III.NFO,19/03/2025,09:52:53,50022,50014.05,30,50024.95,150,0,730830
BANKNIFTY-III.NFO,19/03/2025,09:52:57,50022,50014.05,30,50024.25,120,0,730830
BANKNIFTY-III.NFO,19/03/2025,09:52:58,50022,50014.05,30,50018,120,0,730830
BANKNIFTY-III.NFO,19/03/2025,09:53:02,50021.65,50014.05,30,50019.5,120,30,730830
BANKNIFTY-III.NFO,19/03/2025,09:53:03,50021.65,50016,30,50021.25,120,0,730830
BANKNIFTY-III.NFO,19/03/2025,09:53:05,50021.65,50016,30,50020.4,120,0,730830
BANKNIFTY-III.NFO,19/03/2025,09:53:07,50021.65,50016,30,50017.35,120,0,730830
BANKNIFTY-III.NFO,19/03/2025,09:53:08,50016,50014,60,50021.4,150,30,730830
BANKNIFTY-III.NFO,19/03/2025,09:53:10,50016,50014,60,50023.55,150,0,730830
BANKNIFTY-III.NFO,19/03/2025,09:53:12,50016,50018,30,50024.95,120,0,730830
BANKNIFTY-III.NFO,19/03/2025,09:53:15,50016,50018.05,30,50025,90,0,730830
BANKNIFTY-III.NFO,19/03/2025,09:53:20,50016,50018.5,90,50025,90,0,730830
BANKNIFTY-III.NFO,19/03/2025,09:53:22,50038,50030.05,60,50039.95,30,210,730830
BANKNIFTY-III.NFO,19/03/2025,09:53:23,50038,50030,30,50039.9,120,0,730830
BANKNIFTY-III.NFO,19/03/2025,09:53:25,50038,50030,30,50039.4,120,0,730830
BANKNIFTY-III.NFO,19/03/2025,09:53:26,50038,50030,30,50035.45,120,0,730830
BANKNIFTY-III.NFO,19/03/2025,09:53:28,50038,50030,30,50035.8,120,0,730830
BANKNIFTY-III.NFO,19/03/2025,09:53:30,50038,50030,30,50041.05,150,0,730830
BANKNIFTY-III.NFO,19/03/2025,09:53:31,50038,50030,30,50033.7,120,0,730830
BANKNIFTY-III.NFO,19/03/2025,09:53:33,50038,50030,30,50036.9,120,0,730830
BANKNIFTY-III.NFO,19/03/2025,09:53:35,50038,50030,30,50036.1,120,0,730830
BANKNIFTY-III.NFO,19/03/2025,09:53:36,50038,50030,30,50034.85,120,0,730830
BANKNIFTY-III.NFO,19/03/2025,09:53:38,50034.15,50030,30,50032.3,600,30,730830
BANKNIFTY-III.NFO,19/03/2025,09:53:40,50034.15,50030,30,50035.7,30,0,730830
BANKNIFTY-III.NFO,19/03/2025,09:53:41,50034.15,50034.15,30,50037.95,120,0,730830
BANKNIFTY-III.NFO,19/03/2025,09:53:43,50034.15,50034.15,30,50034.95,600,0,730830
BANKNIFTY-III.NFO,19/03/2025,09:53:45,50034.15,50034.15,60,50036.3,120,0,730830
BANKNIFTY-III.NFO,19/03/2025,09:53:46,50033.6,50030,30,50032.4,600,120,730830
BANKNIFTY-III.NFO,19/03/2025,09:53:48,50033.6,50030,30,50035.15,600,0,730830
BANKNIFTY-III.NFO,19/03/2025,09:53:50,50033.6,50030,30,50034.8,600,0,730830
BANKNIFTY-III.NFO,19/03/2025,09:53:51,50033.6,50030,30,50034.4,600,0,730830
BANKNIFTY-III.NFO,19/03/2025,09:53:53,50033.6,50034.15,30,50038,90,0,730830
BANKNIFTY-III.NFO,19/03/2025,09:53:58,50033.6,50034.15,30,50036.1,120,0,730830
BANKNIFTY-III.NFO,19/03/2025,09:53:59,50034.15,50030,30,50035.5,120,60,730830
BANKNIFTY-III.NFO,19/03/2025,09:54:01,50034.15,50035.45,30,50038,90,0,730830
BANKNIFTY-III.NFO,19/03/2025,09:54:08,50035.45,50030,30,50035,30,30,730830
BANKNIFTY-III.NFO,19/03/2025,09:54:09,50035.45,50030,30,50035,30,0,730830
BANKNIFTY-III.NFO,19/03/2025,09:54:11,50035,50035,60,50035.45,750,30,730830
BANKNIFTY-III.NFO,19/03/2025,09:54:12,50035,50035,60,50035.45,750,0,730830
BANKNIFTY-III.NFO,19/03/2025,09:54:14,50035.45,50035,30,50035.4,120,60,730830
BANKNIFTY-III.NFO,19/03/2025,09:54:16,50030,50026,30,50030.3,600,60,730830
BANKNIFTY-III.NFO,19/03/2025,09:54:17,50030,50026,30,50028.55,600,0,730830
BANKNIFTY-III.NFO,19/03/2025,09:54:19,50026,50022,30,50026.7,120,30,730830
BANKNIFTY-III.NFO,19/03/2025,09:54:21,50026,50022,30,50028.3,600,0,730830
BANKNIFTY-III.NFO,19/03/2025,09:54:22,50026,50022,30,50028.15,300,0,730830
BANKNIFTY-III.NFO,19/03/2025,09:54:24,50026,50022,30,50028.1,600,0,730830
BANKNIFTY-III.NFO,19/03/2025,09:54:26,50026,50022,30,50033.95,150,0,730830
BANKNIFTY-III.NFO,19/03/2025,09:54:27,50026,50022,30,50030.85,300,0,730830
BANKNIFTY-III.NFO,19/03/2025,09:54:29,50026,50022,30,50034,30,0,730830
BANKNIFTY-III.NFO,19/03/2025,09:54:30,50026,50022.05,150,50034,30,0,730830
BANKNIFTY-III.NFO,19/03/2025,09:54:32,50026,50022.05,120,50032,90,0,730830
BANKNIFTY-III.NFO,19/03/2025,09:54:34,50026,50022,30,50032,90,0,730830
BANKNIFTY-III.NFO,19/03/2025,09:54:35,50022,50018.5,120,50022,30,30,732060
BANKNIFTY-III.NFO,19/03/2025,09:54:37,50022,50018.5,120,50022,30,0,732060
BANKNIFTY-III.NFO,19/03/2025,09:54:40,50022,50018.65,120,50022,30,0,732060
BANKNIFTY-III.NFO,19/03/2025,09:54:42,50022,50018.6,30,50030,30,30,732060
BANKNIFTY-III.NFO,19/03/2025,09:54:44,50022,50018.6,30,50028.6,420,0,732060
BANKNIFTY-III.NFO,19/03/2025,09:54:45,50022,50018.6,30,50028.3,120,0,732060
BANKNIFTY-III.NFO,19/03/2025,09:54:47,50022,50018.6,30,50029.3,120,0,732060
BANKNIFTY-III.NFO,19/03/2025,09:54:49,50022,50018.6,30,50029.95,150,0,732060
BANKNIFTY-III.NFO,19/03/2025,09:54:50,50022,50018.6,30,50028.1,150,0,732060
BANKNIFTY-III.NFO,19/03/2025,09:54:52,50022,50018.6,30,50029.95,120,0,732060
BANKNIFTY-III.NFO,19/03/2025,09:54:54,50022,50018.6,30,50027.4,120,0,732060
BANKNIFTY-III.NFO,19/03/2025,09:54:55,50022,50018.6,30,50025.8,150,0,732060
BANKNIFTY-III.NFO,19/03/2025,09:54:57,50025.5,50018.6,30,50024.95,90,30,732060
BANKNIFTY-III.NFO,19/03/2025,09:54:59,50025.5,50018.6,30,50025.6,90,0,732060
BANKNIFTY-III.NFO,19/03/2025,09:55:00,50025.5,50018.6,30,50021.35,120,0,732060
BANKNIFTY-III.NFO,19/03/2025,09:55:02,50019.35,50014,60,50016.55,480,960,732060
BANKNIFTY-III.NFO,19/03/2025,09:55:04,50019.35,50014,60,50015.75,60,0,732060
BANKNIFTY-III.NFO,19/03/2025,09:55:05,50019.35,50014,60,50018.2,180,0,732060
BANKNIFTY-III.NFO,19/03/2025,09:55:07,50019.35,50014,60,50018.65,480,0,732060
BANKNIFTY-III.NFO,19/03/2025,09:55:09,50019.35,50014,60,50019.5,480,0,732060
BANKNIFTY-III.NFO,19/03/2025,09:55:10,50019.35,50014,60,50021.45,480,0,732060
BANKNIFTY-III.NFO,19/03/2025,09:55:12,50019.35,50014,60,50019.75,60,0,732060
BANKNIFTY-III.NFO,19/03/2025,09:55:14,50019.35,50014,60,50025.8,30,0,732060
BANKNIFTY-III.NFO,19/03/2025,09:55:15,50019.35,50014,60,50022.55,480,0,732060
BANKNIFTY-III.NFO,19/03/2025,09:55:17,50019.35,50014,60,50024.5,480,0,732060
BANKNIFTY-III.NFO,19/03/2025,09:55:19,50019.35,50014,60,50026,30,0,732060
BANKNIFTY-III.NFO,19/03/2025,09:55:20,50019.35,50014.05,150,50026,30,0,732060
BANKNIFTY-III.NFO,19/03/2025,09:55:24,50019.35,50014,60,50025.85,90,0,732060
BANKNIFTY-III.NFO,19/03/2025,09:55:25,50019.35,50014,60,50024.15,180,0,732060
BANKNIFTY-III.NFO,19/03/2025,09:55:27,50019.35,50014,60,50026,60,0,732060
BANKNIFTY-III.NFO,19/03/2025,09:55:29,50019.35,50014,60,50021.75,180,0,732060
BANKNIFTY-III.NFO,19/03/2025,09:55:30,50019.35,50014,60,50019.85,480,0,732060
BANKNIFTY-III.NFO,19/03/2025,09:55:32,50019.35,50014,60,50020.85,480,0,732060
BANKNIFTY-III.NFO,19/03/2025,09:55:34,50019.35,50014,60,50025.1,60,0,732060
BANKNIFTY-III.NFO,19/03/2025,09:55:35,50019.35,50014,60,50023,480,0,732060
BANKNIFTY-III.NFO,19/03/2025,09:55:37,50019.35,50014,60,50024.75,480,0,732060
BANKNIFTY-III.NFO,19/03/2025,09:55:39,50019.35,50014,60,50022.55,480,0,732060
BANKNIFTY-III.NFO,19/03/2025,09:55:40,50019.35,50014,60,50016.75,60,0,732060
BANKNIFTY-III.NFO,19/03/2025,09:55:42,50014,50010,30,50013.9,120,60,732060
BANKNIFTY-III.NFO,19/03/2025,09:55:44,50015.55,50010,30,50014.2,60,30,732060
BANKNIFTY-III.NFO,19/03/2025,09:55:45,50010,50006,30,50009,300,30,732060
BANKNIFTY-III.NFO,19/03/2025,09:55:47,50006,50002,30,50008.75,60,30,732060
BANKNIFTY-III.NFO,19/03/2025,09:55:49,50006,50002,30,50008.55,270,0,732060
BANKNIFTY-III.NFO,19/03/2025,09:55:50,50006,50002,30,50005.4,60,0,732060
BANKNIFTY-III.NFO,19/03/2025,09:55:52,50002,50000,30,50003.15,510,30,732060
BANKNIFTY-III.NFO,19/03/2025,09:55:54,50001,50001,870,50001.15,510,30,732060
BANKNIFTY-III.NFO,19/03/2025,09:55:55,49998,49994,30,49998.9,510,930,732060
BANKNIFTY-III.NFO,19/03/2025,09:55:57,49994,49990,30,49993.4,300,30,732060
BANKNIFTY-III.NFO,19/03/2025,09:55:59,49994,49990,30,49995.3,60,0,732060
BANKNIFTY-III.NFO,19/03/2025,09:56:00,49994,49990,30,49999.55,510,0,732060
BANKNIFTY-III.NFO,19/03/2025,09:56:02,49994,49990.05,120,50002,30,0,732060
BANKNIFTY-III.NFO,19/03/2025,09:56:05,49994,49990,30,50002,30,0,732060
BANKNIFTY-III.NFO,19/03/2025,09:56:07,49994,49990.05,150,50002,30,0,732060
BANKNIFTY-III.NFO,19/03/2025,09:56:10,49994,49990.05,120,50002,30,0,732060
BANKNIFTY-III.NFO,19/03/2025,09:56:12,49994,49990,30,50002,30,0,732060
BANKNIFTY-III.NFO,19/03/2025,09:56:14,49990,49986,30,49990,300,150,732060
BANKNIFTY-III.NFO,19/03/2025,09:56:15,49990,49986,30,49990,300,0,732060
BANKNIFTY-III.NFO,19/03/2025,09:56:20,49986,49985,900,49987.95,510,30,732060
