Ticker,Date,Time,LTP,BuyPrice,BuyQty,SellPrice,SellQty,LTQ,OpenInterest
NIFTY-II.NFO,19/03/2025,09:15:00,23067.95,23051.6,300,23067.95,150,150,2025075
NIFTY-II.NFO,19/03/2025,09:15:00,23067.95,23051.6,300,23067.95,150,0,2025075
NIFTY-II.NFO,19/03/2025,09:15:00,23067.95,23051.6,300,23067.95,150,0,2025075
NIFTY-II.NFO,19/03/2025,09:15:00,23067.95,23051.6,300,23067.95,150,0,2025075
NIFTY-II.NFO,19/03/2025,09:15:01,23059,23054.85,300,23064.25,150,300,2025075
NIFTY-II.NFO,19/03/2025,09:15:01,23058.4,23054.85,300,23064.25,150,0,2025075
NIFTY-II.NFO,19/03/2025,09:15:03,23067.95,23052,300,23067.7,75,300,2025075
NIFTY-II.NFO,19/03/2025,09:15:03,23051.05,23052,300,23067.7,75,0,2025075
NIFTY-II.NFO,19/03/2025,09:15:05,23067.95,23059,75,23061.7,75,150,2025075
NIFTY-II.NFO,19/03/2025,09:15:06,23055.85,23055.85,225,23066.7,300,525,2025075
NIFTY-II.NFO,19/03/2025,09:15:08,23059,23055.2,75,23067.25,300,225,2025075
NIFTY-II.NFO,19/03/2025,09:15:10,23057.15,23057.55,75,23066.5,300,675,2025075
NIFTY-II.NFO,19/03/2025,09:15:11,23063.7,23056.45,225,23065.3,300,225,2025075
NIFTY-II.NFO,19/03/2025,09:15:13,23052.15,23052,300,23060,375,450,2025075
NIFTY-II.NFO,19/03/2025,09:15:15,23058.65,23051.25,300,23058.65,150,225,2025075
NIFTY-II.NFO,19/03/2025,09:15:16,23057,23051.05,300,23059,75,300,2025075
NIFTY-II.NFO,19/03/2025,09:15:18,23059,23051.05,300,23056.45,75,75,2025675
NIFTY-II.NFO,19/03/2025,09:15:20,23052.15,23049,150,23051.25,750,825,2025675
NIFTY-II.NFO,19/03/2025,09:15:20,23049.05,23049,150,23051.25,750,0,2025675
NIFTY-II.NFO,19/03/2025,09:15:21,23051.25,23050.85,225,23056.45,75,750,2025675
NIFTY-II.NFO,19/03/2025,09:15:23,23052.1,23052.7,375,23059,150,1650,2025675
NIFTY-II.NFO,19/03/2025,09:15:24,23055,23052.75,150,23059,150,75,2025675
NIFTY-II.NFO,19/03/2025,09:15:26,23060,23053.5,75,23059.95,300,450,2025675
NIFTY-II.NFO,19/03/2025,09:15:28,23059.45,23053.45,150,23059.45,300,300,2025675
NIFTY-II.NFO,19/03/2025,09:15:29,23052.85,23052.6,75,23059.85,375,225,2025675
NIFTY-II.NFO,19/03/2025,09:15:31,23059,23054.1,375,23059,150,150,2025675
NIFTY-II.NFO,19/03/2025,09:15:33,23055,23054.2,75,23059,150,75,2025675
NIFTY-II.NFO,19/03/2025,09:15:34,23059,23054.55,75,23059.45,75,150,2025675
NIFTY-II.NFO,19/03/2025,09:15:36,23053.95,23053.05,375,23059.45,75,75,2025675
NIFTY-II.NFO,19/03/2025,09:15:37,23052.85,23052.7,375,23058.95,75,225,2025675
NIFTY-II.NFO,19/03/2025,09:15:39,23053.95,23052,375,23057,75,150,2025675
NIFTY-II.NFO,19/03/2025,09:15:41,23053.95,23052,75,23057,75,75,2025675
NIFTY-II.NFO,19/03/2025,09:15:42,23051.25,23053.95,75,23056.95,375,300,2025675
NIFTY-II.NFO,19/03/2025,09:15:44,23053.95,23050,75,23054.75,75,75,2025675
NIFTY-II.NFO,19/03/2025,09:15:45,23053.95,23050.05,75,23053.95,150,0,2025675
NIFTY-II.NFO,19/03/2025,09:15:47,23053.95,23050.05,150,23052,75,0,2025675
NIFTY-II.NFO,19/03/2025,09:15:49,23053.95,23050.05,150,23051.95,75,0,2025675
NIFTY-II.NFO,19/03/2025,09:15:50,23051.35,23051.3,75,23053.9,300,300,2025675
NIFTY-II.NFO,19/03/2025,09:15:52,23053.9,23051.3,75,23053.9,300,225,2025675
NIFTY-II.NFO,19/03/2025,09:15:54,23051.25,23050,75,23053.9,375,150,2025675
NIFTY-II.NFO,19/03/2025,09:15:55,23051.25,23050,75,23053,75,0,2025675
NIFTY-II.NFO,19/03/2025,09:15:57,23051.25,23050,75,23053,150,0,2025675
NIFTY-II.NFO,19/03/2025,09:15:58,23053,23050,75,23053.9,375,75,2025675
NIFTY-II.NFO,19/03/2025,09:16:00,23051.3,23050.95,300,23054.75,75,75,2025675
NIFTY-II.NFO,19/03/2025,09:16:02,23054.75,23053.25,375,23054.8,75,75,2025675
NIFTY-II.NFO,19/03/2025,09:16:03,23053.55,23054.1,300,23057,75,225,2025675
NIFTY-II.NFO,19/03/2025,09:16:05,23055.1,23054.55,375,23057,75,375,2025675
NIFTY-II.NFO,19/03/2025,09:16:07,23055.75,23055.85,375,23057,75,375,2025675
NIFTY-II.NFO,19/03/2025,09:16:08,23057,23055.95,150,23059,75,750,2025675
NIFTY-II.NFO,19/03/2025,09:16:10,23057,23056.95,375,23059,75,75,2025675
NIFTY-II.NFO,19/03/2025,09:16:12,23059,23058.95,75,23060,450,75,2025675
NIFTY-II.NFO,19/03/2025,09:16:13,23060,23060.45,75,23063.7,75,450,2025675
NIFTY-II.NFO,19/03/2025,09:16:15,23064.95,23061.35,75,23067,75,225,2025675
NIFTY-II.NFO,19/03/2025,09:16:17,23060.35,23060.05,75,23067,75,225,2025675
NIFTY-II.NFO,19/03/2025,09:16:18,23067.85,23060,75,23067.45,75,225,2025675
NIFTY-II.NFO,19/03/2025,09:16:20,23067.45,23064.95,75,23067.3,75,75,2025675
NIFTY-II.NFO,19/03/2025,09:16:21,23064.95,23060.05,75,23067.5,300,375,2025675
NIFTY-II.NFO,19/03/2025,09:16:23,23060.05,23060,150,23067.95,75,75,2025675
NIFTY-II.NFO,19/03/2025,09:16:25,23068.9,23067.5,75,23069,225,225,2025675
NIFTY-II.NFO,19/03/2025,09:16:25,23068.9,23067.5,75,23069,225,0,2025675
NIFTY-II.NFO,19/03/2025,09:16:26,23068.65,23060.8,300,23068.9,300,1200,2025675
NIFTY-II.NFO,19/03/2025,09:16:26,23069.95,23060.8,300,23068.9,300,0,2025675
NIFTY-II.NFO,19/03/2025,09:16:28,23061.1,23060.6,150,23067.85,75,75,2025675
NIFTY-II.NFO,19/03/2025,09:16:30,23059.5,23059.1,75,23067.4,375,900,2025675
NIFTY-II.NFO,19/03/2025,09:16:31,23059,23058.95,150,23065.75,375,75,2025675
NIFTY-II.NFO,19/03/2025,09:16:33,23059,23059.5,75,23061.1,75,0,2025675
NIFTY-II.NFO,19/03/2025,09:16:35,23059,23060.95,150,23061.1,75,0,2025675
NIFTY-II.NFO,19/03/2025,09:16:40,23067.45,23060.45,75,23067.8,375,375,2025675
NIFTY-II.NFO,19/03/2025,09:16:41,23061.55,23061.45,225,23067.85,75,300,2025675
NIFTY-II.NFO,19/03/2025,09:16:43,23067.4,23061.1,375,23067.4,375,75,2025675
NIFTY-II.NFO,19/03/2025,09:16:45,23067.45,23061.5,300,23067.85,75,75,2025675
NIFTY-II.NFO,19/03/2025,09:16:46,23067.85,23062.2,300,23065,75,75,2025675
NIFTY-II.NFO,19/03/2025,09:16:48,23065,23062.25,300,23067.45,75,75,2025675
NIFTY-II.NFO,19/03/2025,09:16:50,23068.9,23063.85,300,23070,300,150,2025675
NIFTY-II.NFO,19/03/2025,09:16:51,23070,23068.1,300,23070,75,300,2025675
NIFTY-II.NFO,19/03/2025,09:16:51,23070,23068.1,300,23070,75,0,2025675
NIFTY-II.NFO,19/03/2025,09:16:53,23070,23070.15,75,23078,375,525,2025675
NIFTY-II.NFO,19/03/2025,09:16:54,23070,23071.5,375,23079.05,75,0,2025675
NIFTY-II.NFO,19/03/2025,09:16:56,23070,23071.5,75,23078.85,375,0,2025675
NIFTY-II.NFO,19/03/2025,09:16:58,23071.85,23071.95,375,23079,75,225,2025675
NIFTY-II.NFO,19/03/2025,09:16:58,23071.85,23071.95,375,23079,75,0,2025675
NIFTY-II.NFO,19/03/2025,09:17:00,23071.35,23071.6,375,23078.8,300,150,2025675
NIFTY-II.NFO,19/03/2025,09:17:00,23071.95,23071.6,375,23078.8,300,0,2025675
NIFTY-II.NFO,19/03/2025,09:17:01,23080,23072.25,375,23079.7,375,300,2025675
NIFTY-II.NFO,19/03/2025,09:17:01,23080,23072.25,375,23079.7,375,0,2025675
NIFTY-II.NFO,19/03/2025,09:17:03,23077.4,23070.1,150,23078.15,450,150,2025675
NIFTY-II.NFO,19/03/2025,09:17:05,23077.4,23071.15,150,23077.65,300,0,2025675
NIFTY-II.NFO,19/03/2025,09:17:06,23077.4,23077.4,225,23079.7,300,0,2025675
NIFTY-II.NFO,19/03/2025,09:17:08,23077.4,23077.4,225,23078.7,75,0,2025675
NIFTY-II.NFO,19/03/2025,09:17:10,23079,23077.4,375,23080,75,150,2025675
NIFTY-II.NFO,19/03/2025,09:17:11,23077.4,23077.4,300,23080,75,75,2025675
NIFTY-II.NFO,19/03/2025,09:17:13,23079.95,23077.4,300,23079.95,150,75,2025675
NIFTY-II.NFO,19/03/2025,09:17:15,23077.4,23077.4,225,23080,75,150,2025675
NIFTY-II.NFO,19/03/2025,09:17:16,23077.4,23077.4,150,23079,75,0,2025675
NIFTY-II.NFO,19/03/2025,09:17:18,23079.95,23077.4,75,23079.95,300,225,2025675
NIFTY-II.NFO,19/03/2025,09:17:19,23079.95,23077.4,75,23079.95,75,75,2025675
NIFTY-II.NFO,19/03/2025,09:17:21,23079.95,23077,75,23080,75,150,2025675
NIFTY-II.NFO,19/03/2025,09:17:23,23079.95,23077,75,23079.95,225,0,2025675
NIFTY-II.NFO,19/03/2025,09:17:24,23079.95,23077,75,23079.95,300,0,2025675
NIFTY-II.NFO,19/03/2025,09:17:26,23079.95,23077,75,23080,150,300,2025675
NIFTY-II.NFO,19/03/2025,09:17:28,23079.95,23077,75,23080,150,0,2025675
NIFTY-II.NFO,19/03/2025,09:17:29,23080,23077,75,23079.95,75,150,2025675
NIFTY-II.NFO,19/03/2025,09:17:31,23080,23077,75,23078.75,75,0,2025675
NIFTY-II.NFO,19/03/2025,09:17:33,23079.95,23077,75,23079.95,225,150,2025675
NIFTY-II.NFO,19/03/2025,09:17:34,23077,23075,75,23079.95,150,150,2025675
NIFTY-II.NFO,19/03/2025,09:17:36,23077,23075.05,150,23079.95,150,0,2025675
NIFTY-II.NFO,19/03/2025,09:17:38,23077,23076.45,375,23079.95,225,0,2025675
NIFTY-II.NFO,19/03/2025,09:17:39,23079.95,23076.75,150,23079.95,75,150,2025675
NIFTY-II.NFO,19/03/2025,09:17:41,23079.95,23076.4,375,23080,75,75,2025675
NIFTY-II.NFO,19/03/2025,09:17:43,23079.95,23077.2,75,23080,75,0,2025675
NIFTY-II.NFO,19/03/2025,09:17:44,23080,23075.05,75,23083.65,75,75,2025675
NIFTY-II.NFO,19/03/2025,09:17:46,23079.95,23075,150,23082.45,150,150,2025675
NIFTY-II.NFO,19/03/2025,09:17:48,23082.45,23075,150,23083,150,75,2025675
NIFTY-II.NFO,19/03/2025,09:17:48,23082.45,23075,150,23083,150,0,2025675
NIFTY-II.NFO,19/03/2025,09:17:49,23083,23075.05,300,23082.6,150,75,2025675
NIFTY-II.NFO,19/03/2025,09:17:49,23083,23075.05,300,23082.6,150,0,2025675
NIFTY-II.NFO,19/03/2025,09:17:51,23083,23075.45,375,23082.65,450,0,2025675
NIFTY-II.NFO,19/03/2025,09:17:53,23075.45,23075.4,375,23082.75,375,150,2025675
NIFTY-II.NFO,19/03/2025,09:17:54,23075.45,23075.4,300,23079.95,300,0,2025675
NIFTY-II.NFO,19/03/2025,09:17:56,23079.95,23075,150,23079.95,225,75,2025675
NIFTY-II.NFO,19/03/2025,09:17:58,23075,23075,75,23079.95,225,150,2025675
NIFTY-II.NFO,19/03/2025,09:17:59,23079.95,23075,75,23079.95,75,225,2025675
NIFTY-II.NFO,19/03/2025,09:18:01,23079.95,23075,75,23079.95,75,0,2025675
NIFTY-II.NFO,19/03/2025,09:18:03,23075,23074.65,75,23080,150,150,2025675
NIFTY-II.NFO,19/03/2025,09:18:04,23080,23075.45,375,23080,75,75,2025675
NIFTY-II.NFO,19/03/2025,09:18:06,23080,23075.7,300,23083.75,150,75,2025675
NIFTY-II.NFO,19/03/2025,09:18:07,23076.05,23076,75,23083.7,150,75,2025675
NIFTY-II.NFO,19/03/2025,09:18:09,23076.05,23076.1,75,23082.5,75,0,2025675
NIFTY-II.NFO,19/03/2025,09:18:11,23076.05,23077.35,300,23080,75,0,2025675
NIFTY-II.NFO,19/03/2025,09:18:12,23076.05,23076.75,75,23080,75,0,2025675
NIFTY-II.NFO,19/03/2025,09:18:14,23077.75,23078.05,225,23084.95,300,975,2025675
NIFTY-II.NFO,19/03/2025,09:18:16,23077.75,23080,75,23084.95,300,0,2025675
NIFTY-II.NFO,19/03/2025,09:18:17,23078.25,23079.55,150,23085,150,150,2025675
NIFTY-II.NFO,19/03/2025,09:18:19,23078.25,23079.6,150,23085,150,0,2025675
NIFTY-II.NFO,19/03/2025,09:18:21,23085,23080.7,150,23085,75,75,2025675
NIFTY-II.NFO,19/03/2025,09:18:21,23085,23080.7,150,23085,75,0,2025675
NIFTY-II.NFO,19/03/2025,09:18:22,23088.95,23085,75,23088.95,150,450,2029500
NIFTY-II.NFO,19/03/2025,09:18:22,23088.95,23085,75,23088.95,150,0,2029500
NIFTY-II.NFO,19/03/2025,09:18:24,23081.5,23081.5,375,23088.65,375,225,2029500
NIFTY-II.NFO,19/03/2025,09:18:26,23080.5,23080.5,150,23087.9,375,300,2029500
NIFTY-II.NFO,19/03/2025,09:18:27,23080.65,23080.55,150,23088.45,450,300,2029500
NIFTY-II.NFO,19/03/2025,09:18:29,23080.65,23082,300,23087,225,0,2029500
NIFTY-II.NFO,19/03/2025,09:18:31,23087,23082,300,23089,75,375,2029500
NIFTY-II.NFO,19/03/2025,09:18:32,23090.15,23088,300,23090.4,750,225,2029500
NIFTY-II.NFO,19/03/2025,09:18:32,23090.15,23088,300,23090.4,750,0,2029500
NIFTY-II.NFO,19/03/2025,09:18:34,23090.4,23088,225,23090.4,675,150,2029500
NIFTY-II.NFO,19/03/2025,09:18:34,23090.4,23088,225,23090.4,675,0,2029500
NIFTY-II.NFO,19/03/2025,09:18:36,23090.35,23088,225,23090.4,600,150,2029500
NIFTY-II.NFO,19/03/2025,09:18:37,23090.4,23090,225,23090.4,525,75,2029500
NIFTY-II.NFO,19/03/2025,09:18:39,23090.4,23090,225,23090.4,525,0,2029500
NIFTY-II.NFO,19/03/2025,09:18:41,23090.4,23090,225,23090.4,375,150,2029500
NIFTY-II.NFO,19/03/2025,09:18:42,23090.4,23090,225,23095.15,375,375,2029500
NIFTY-II.NFO,19/03/2025,09:18:44,23093.15,23083.75,300,23093.05,225,300,2029500
NIFTY-II.NFO,19/03/2025,09:18:44,23094.6,23083.75,300,23093.05,225,0,2029500
NIFTY-II.NFO,19/03/2025,09:18:46,23093.15,23085.75,375,23090.8,75,0,2029500
NIFTY-II.NFO,19/03/2025,09:18:47,23093.15,23085.05,300,23090.8,75,0,2029500
NIFTY-II.NFO,19/03/2025,09:18:49,23090.75,23083.45,300,23090.3,150,450,2029500
NIFTY-II.NFO,19/03/2025,09:18:51,23090.3,23083.1,300,23089.75,75,75,2029500
NIFTY-II.NFO,19/03/2025,09:18:52,23090.55,23090,75,23090.8,75,150,2029500
NIFTY-II.NFO,19/03/2025,09:18:54,23090.8,23090,675,23093,75,75,2029500
NIFTY-II.NFO,19/03/2025,09:18:56,23090.8,23090,675,23093.65,75,0,2029500
NIFTY-II.NFO,19/03/2025,09:18:57,23090.8,23090,675,23093.95,75,75,2029500
NIFTY-II.NFO,19/03/2025,09:18:59,23090,23090,600,23094.25,75,75,2029500
NIFTY-II.NFO,19/03/2025,09:19:01,23090,23090,600,23090.8,150,0,2029500
NIFTY-II.NFO,19/03/2025,09:19:04,23090,23087.75,300,23090,375,750,2029500
NIFTY-II.NFO,19/03/2025,09:19:05,23088.15,23088.15,75,23090,375,75,2029500
NIFTY-II.NFO,19/03/2025,09:19:07,23090,23086.6,75,23090,150,225,2029500
NIFTY-II.NFO,19/03/2025,09:19:09,23086.6,23086.3,75,23090,150,75,2029500
NIFTY-II.NFO,19/03/2025,09:19:11,23086.6,23087.55,75,23090,150,0,2029500
NIFTY-II.NFO,19/03/2025,09:19:12,23090,23086,75,23090.8,75,150,2029500
NIFTY-II.NFO,19/03/2025,09:19:14,23086,23085.85,750,23090.15,150,150,2029500
NIFTY-II.NFO,19/03/2025,09:19:16,23090.15,23085.9,75,23090.15,75,75,2029500
NIFTY-II.NFO,19/03/2025,09:19:17,23090.15,23086.9,75,23090.15,75,0,2029500
NIFTY-II.NFO,19/03/2025,09:19:19,23090.15,23087.95,225,23090.15,75,0,2029500
NIFTY-II.NFO,19/03/2025,09:19:21,23090.15,23088.5,375,23090.15,450,0,2029500
NIFTY-II.NFO,19/03/2025,09:19:22,23090.15,23089.05,225,23090.15,300,225,2029500
NIFTY-II.NFO,19/03/2025,09:19:24,23090.15,23090,450,23090.15,225,75,2029500
NIFTY-II.NFO,19/03/2025,09:19:26,23090.15,23090,300,23090.15,150,225,2029500
NIFTY-II.NFO,19/03/2025,09:19:27,23090.15,23090.05,225,23090.8,150,150,2029500
NIFTY-II.NFO,19/03/2025,09:19:29,23092,23090.15,75,23092.5,75,375,2029500
NIFTY-II.NFO,19/03/2025,09:19:31,23092.5,23090,375,23094.95,75,75,2029500
NIFTY-II.NFO,19/03/2025,09:19:32,23090,23090,600,23095,150,75,2029500
NIFTY-II.NFO,19/03/2025,09:19:34,23094.95,23090.15,75,23094.95,75,300,2029500
NIFTY-II.NFO,19/03/2025,09:19:34,23094.95,23090.15,75,23094.95,75,0,2029500
NIFTY-II.NFO,19/03/2025,09:19:36,23090,23090,900,23095,75,300,2029500
NIFTY-II.NFO,19/03/2025,09:19:36,23095,23090,900,23095,75,0,2029500
NIFTY-II.NFO,19/03/2025,09:19:37,23090,23090.05,300,23095,75,0,2029500
NIFTY-II.NFO,19/03/2025,09:19:39,23090.05,23090,1050,23094.65,225,150,2029500
NIFTY-II.NFO,19/03/2025,09:19:40,23091,23090,1125,23093.8,150,75,2029500
NIFTY-II.NFO,19/03/2025,09:19:42,23091,23090.05,75,23094.45,75,0,2029500
NIFTY-II.NFO,19/03/2025,09:19:44,23091,23090.1,300,23095,75,0,2029500
NIFTY-II.NFO,19/03/2025,09:19:45,23095.65,23090,1200,23096.15,375,1200,2029500
NIFTY-II.NFO,19/03/2025,09:19:45,23096.3,23090,1200,23096.15,375,0,2029500
NIFTY-II.NFO,19/03/2025,09:19:47,23095.65,23090,1200,23095.55,75,0,2029500
NIFTY-II.NFO,19/03/2025,09:19:49,23095.65,23090.55,300,23095.15,75,0,2029500
NIFTY-II.NFO,19/03/2025,09:19:50,23090.55,23090.55,225,23095.15,75,150,2029500
NIFTY-II.NFO,19/03/2025,09:19:52,23090.55,23090.55,225,23095.15,75,0,2029500
NIFTY-II.NFO,19/03/2025,09:19:54,23090.55,23090.55,150,23094.3,375,75,2029500
NIFTY-II.NFO,19/03/2025,09:19:55,23095.4,23090.55,450,23095.5,150,225,2029500
NIFTY-II.NFO,19/03/2025,09:19:57,23095.5,23090.55,450,23095.6,525,75,2029500
NIFTY-II.NFO,19/03/2025,09:19:59,23095.05,23090.55,450,23092.25,300,75,2029500
NIFTY-II.NFO,19/03/2025,09:20:00,23090.55,23090,675,23091.7,375,525,2029500
NIFTY-II.NFO,19/03/2025,09:20:02,23094.3,23090,675,23094.15,375,75,2029500
NIFTY-II.NFO,19/03/2025,09:20:04,23092.85,23090,600,23092.6,300,375,2029500
NIFTY-II.NFO,19/03/2025,09:20:05,23090,23090,450,23091.7,375,150,2029500
NIFTY-II.NFO,19/03/2025,09:20:07,23090.1,23085.05,300,23091.8,75,675,2029500
NIFTY-II.NFO,19/03/2025,09:20:09,23090,23085,225,23090,150,75,2029500
NIFTY-II.NFO,19/03/2025,09:20:10,23085,23085,150,23088.3,75,150,2029500
NIFTY-II.NFO,19/03/2025,09:20:12,23088.3,23085,150,23089.9,150,75,2029500
NIFTY-II.NFO,19/03/2025,09:20:14,23085,23085,75,23088.95,75,75,2029500
NIFTY-II.NFO,19/03/2025,09:20:15,23089.95,23083.9,300,23090,75,225,2029500
NIFTY-II.NFO,19/03/2025,09:20:17,23088.95,23083.05,75,23088.9,225,225,2029500
NIFTY-II.NFO,19/03/2025,09:20:18,23085,23081,525,23087,225,75,2029500
NIFTY-II.NFO,19/03/2025,09:20:20,23085,23081,225,23086.4,225,0,2029500
NIFTY-II.NFO,19/03/2025,09:20:22,23084,23080,150,23082.65,300,225,2029500
NIFTY-II.NFO,19/03/2025,09:20:23,23084,23080,150,23082.7,75,0,2029500
NIFTY-II.NFO,19/03/2025,09:20:25,23084,23080,150,23083.05,75,0,2029500
NIFTY-II.NFO,19/03/2025,09:20:27,23084,23081,1050,23083.8,225,0,2029500
NIFTY-II.NFO,19/03/2025,09:20:28,23080,23078,75,23079.55,225,1200,2029500
NIFTY-II.NFO,19/03/2025,09:20:30,23079.9,23075.1,225,23081.05,150,150,2029500
NIFTY-II.NFO,19/03/2025,09:20:32,23079.9,23075,75,23080.35,75,0,2029500
NIFTY-II.NFO,19/03/2025,09:20:33,23075.05,23080,75,23081.05,150,75,2029500
NIFTY-II.NFO,19/03/2025,09:20:35,23081.35,23080,75,23080.85,75,75,2029500
NIFTY-II.NFO,19/03/2025,09:20:37,23080,23075,75,23079.8,75,600,2029500
NIFTY-II.NFO,19/03/2025,09:20:38,23072.85,23072.85,375,23079.85,150,150,2029500
NIFTY-II.NFO,19/03/2025,09:20:40,23073.15,23072.85,375,23079.75,150,75,2029500
NIFTY-II.NFO,19/03/2025,09:20:42,23079.65,23073.2,450,23079.75,375,75,2029500
NIFTY-II.NFO,19/03/2025,09:20:43,23075,23073.3,300,23075,375,450,2029500
NIFTY-II.NFO,19/03/2025,09:20:45,23075,23073.55,225,23075,225,150,2029500
NIFTY-II.NFO,19/03/2025,09:20:47,23075,23073.35,75,23075,225,0,2029500
NIFTY-II.NFO,19/03/2025,09:20:48,23072.35,23072.55,300,23075,225,75,2029500
NIFTY-II.NFO,19/03/2025,09:20:50,23073.15,23072,75,23075,300,75,2029500
NIFTY-II.NFO,19/03/2025,09:20:52,23075,23072,75,23075,150,225,2029500
NIFTY-II.NFO,19/03/2025,09:20:53,23073,23070.1,300,23075,150,675,2029500
NIFTY-II.NFO,19/03/2025,09:20:55,23070.7,23070.05,150,23075,150,150,2029500
NIFTY-II.NFO,19/03/2025,09:20:57,23070.1,23071.25,75,23073,75,75,2029500
NIFTY-II.NFO,19/03/2025,09:20:58,23073,23070.1,75,23074.8,300,75,2029500
NIFTY-II.NFO,19/03/2025,09:21:00,23070,23070,375,23071.55,300,450,2029500
NIFTY-II.NFO,19/03/2025,09:21:02,23070,23065,150,23070.15,300,450,2029500
NIFTY-II.NFO,19/03/2025,09:21:03,23065,23065,75,23066.9,375,75,2029500
NIFTY-II.NFO,19/03/2025,09:21:05,23065,23060.05,150,23063.85,300,225,2029500
NIFTY-II.NFO,19/03/2025,09:21:07,23063.55,23060.05,150,23065.35,600,75,2029500
NIFTY-II.NFO,19/03/2025,09:21:08,23060,23055.1,225,23060.6,225,2550,2029500
NIFTY-II.NFO,19/03/2025,09:21:10,23060,23055.1,225,23058.6,375,0,2029500
NIFTY-II.NFO,19/03/2025,09:21:12,23060,23055.1,225,23060.4,225,0,2029500
NIFTY-II.NFO,19/03/2025,09:21:13,23055,23050.05,150,23054.95,300,450,2029500
NIFTY-II.NFO,19/03/2025,09:21:15,23055.1,23051.1,375,23055.1,75,525,2029500
NIFTY-II.NFO,19/03/2025,09:21:16,23055.1,23051.95,300,23055.1,75,0,2029500
NIFTY-II.NFO,19/03/2025,09:21:18,23050.4,23051.9,75,23055,600,150,2029500
NIFTY-II.NFO,19/03/2025,09:21:20,23055,23052.15,75,23055,525,75,2030475
NIFTY-II.NFO,19/03/2025,09:21:22,23055,23053.85,225,23055,150,375,2030475
NIFTY-II.NFO,19/03/2025,09:21:23,23060,23053.35,75,23059.9,225,225,2030475
NIFTY-II.NFO,19/03/2025,09:21:25,23051.15,23052.2,75,23055,300,150,2030475
NIFTY-II.NFO,19/03/2025,09:21:27,23052.15,23052.25,150,23055,225,150,2030475
NIFTY-II.NFO,19/03/2025,09:21:28,23055,23054,600,23055,150,225,2030475
NIFTY-II.NFO,19/03/2025,09:21:30,23054,23054,375,23055,225,225,2030475
NIFTY-II.NFO,19/03/2025,09:21:32,23055.75,23055,150,23060,150,750,2030475
NIFTY-II.NFO,19/03/2025,09:21:33,23055,23054.35,75,23055,600,150,2030475
NIFTY-II.NFO,19/03/2025,09:21:35,23060,23054,375,23058.85,300,750,2030475
NIFTY-II.NFO,19/03/2025,09:21:37,23060,23054,375,23057.95,300,0,2030475
NIFTY-II.NFO,19/03/2025,09:21:38,23053.6,23050.4,75,23054.35,300,450,2030475
NIFTY-II.NFO,19/03/2025,09:21:40,23053.6,23050.4,150,23056,300,0,2030475
NIFTY-II.NFO,19/03/2025,09:21:42,23057.6,23050.4,150,23054.95,300,150,2030475
NIFTY-II.NFO,19/03/2025,09:21:43,23053.6,23050.4,150,23053.65,675,150,2030475
NIFTY-II.NFO,19/03/2025,09:21:45,23050,23050.25,300,23056.15,75,1050,2030475
NIFTY-II.NFO,19/03/2025,09:21:47,23050,23049.95,75,23056.45,300,600,2030475
NIFTY-II.NFO,19/03/2025,09:21:48,23050,23049,600,23052,75,0,2030475
NIFTY-II.NFO,19/03/2025,09:21:50,23049,23045.45,75,23050.65,300,600,2030475
NIFTY-II.NFO,19/03/2025,09:21:50,23049,23045.45,75,23050.65,300,0,2030475
NIFTY-II.NFO,19/03/2025,09:21:52,23049,23047,150,23050,300,0,2030475
NIFTY-II.NFO,19/03/2025,09:21:53,23050,23048.75,75,23050,225,75,2030475
NIFTY-II.NFO,19/03/2025,09:21:55,23050,23047.4,75,23050,675,150,2030475
NIFTY-II.NFO,19/03/2025,09:21:56,23050,23047.4,75,23050,600,75,2030475
NIFTY-II.NFO,19/03/2025,09:21:58,23049,23048.9,225,23049,150,600,2030475
NIFTY-II.NFO,19/03/2025,09:22:00,23050,23045.45,75,23050,900,225,2030475
NIFTY-II.NFO,19/03/2025,09:22:01,23050,23045.45,75,23050,900,0,2030475
NIFTY-II.NFO,19/03/2025,09:22:03,23050,23046,150,23050,750,300,2030475
NIFTY-II.NFO,19/03/2025,09:22:03,23045.5,23046,150,23050,750,0,2030475
NIFTY-II.NFO,19/03/2025,09:22:05,23050,23046.55,150,23050,825,0,2030475
NIFTY-II.NFO,19/03/2025,09:22:06,23050,23046.05,150,23050,825,0,2030475
NIFTY-II.NFO,19/03/2025,09:22:08,23050,23046.5,150,23050,825,0,2030475
NIFTY-II.NFO,19/03/2025,09:22:10,23050,23046.05,150,23050,825,75,2030475
NIFTY-II.NFO,19/03/2025,09:22:11,23049.95,23049.95,75,23050,825,150,2030475
NIFTY-II.NFO,19/03/2025,09:22:13,23050,23048,675,23050,675,300,2030475
NIFTY-II.NFO,19/03/2025,09:22:15,23050,23048,675,23049.5,300,0,2030475
NIFTY-II.NFO,19/03/2025,09:22:16,23048,23048,525,23049.8,75,225,2030475
NIFTY-II.NFO,19/03/2025,09:22:18,23049.75,23048,525,23048.45,375,75,2030475
NIFTY-II.NFO,19/03/2025,09:22:20,23048,23046,600,23050,675,525,2030475
NIFTY-II.NFO,19/03/2025,09:22:21,23048,23046,600,23048,150,0,2030475
NIFTY-II.NFO,19/03/2025,09:22:23,23046,23046,450,23048,150,150,2030475
NIFTY-II.NFO,19/03/2025,09:22:25,23048,23046.1,600,23048,75,75,2030475
NIFTY-II.NFO,19/03/2025,09:22:26,23050,23046.1,600,23050,1275,150,2030475
NIFTY-II.NFO,19/03/2025,09:22:28,23050,23050,525,23051,600,1350,2030475
NIFTY-II.NFO,19/03/2025,09:22:30,23050,23050,525,23051,600,0,2030475
NIFTY-II.NFO,19/03/2025,09:22:31,23050,23050,375,23051,600,150,2030475
NIFTY-II.NFO,19/03/2025,09:22:33,23051,23048.35,75,23051,225,375,2030475
NIFTY-II.NFO,19/03/2025,09:22:35,23050,23048.35,75,23051,150,150,2030475
NIFTY-II.NFO,19/03/2025,09:22:36,23050,23048.35,75,23048.6,75,75,2030475
NIFTY-II.NFO,19/03/2025,09:22:38,23046.3,23046.1,375,23048.35,300,525,2030475
NIFTY-II.NFO,19/03/2025,09:22:40,23048.65,23046.1,300,23048.8,150,225,2030475
NIFTY-II.NFO,19/03/2025,09:22:41,23046.1,23046.1,225,23049.5,150,75,2030475
NIFTY-II.NFO,19/03/2025,09:22:43,23046.1,23046.1,150,23048.5,150,75,2030475
NIFTY-II.NFO,19/03/2025,09:22:45,23046.1,23047,75,23047.6,150,0,2030475
NIFTY-II.NFO,19/03/2025,09:22:46,23047,23046.1,150,23047.15,150,75,2030475
NIFTY-II.NFO,19/03/2025,09:22:48,23047.15,23046.1,150,23046.5,600,75,2030475
NIFTY-II.NFO,19/03/2025,09:22:50,23047.15,23046.1,150,23046.5,600,0,2030475
NIFTY-II.NFO,19/03/2025,09:22:51,23046,23045.45,75,23046.5,600,1050,2030475
NIFTY-II.NFO,19/03/2025,09:22:53,23045.45,23045,1500,23046.5,600,75,2030475
NIFTY-II.NFO,19/03/2025,09:22:53,23045.45,23045,1500,23046.5,600,0,2030475
NIFTY-II.NFO,19/03/2025,09:22:55,23045,23045,900,23046.5,600,600,2030475
NIFTY-II.NFO,19/03/2025,09:22:55,23045,23045,900,23046.5,600,0,2030475
NIFTY-II.NFO,19/03/2025,09:22:56,23045,23045,900,23046,75,0,2030475
NIFTY-II.NFO,19/03/2025,09:23:00,23045,23045,750,23046,75,150,2030475
NIFTY-II.NFO,19/03/2025,09:23:01,23045.05,23045,600,23046.5,600,300,2030475
NIFTY-II.NFO,19/03/2025,09:23:03,23045,23045,300,23046.5,600,300,2030475
NIFTY-II.NFO,19/03/2025,09:23:05,23045,23045,300,23046.5,600,0,2030475
NIFTY-II.NFO,19/03/2025,09:23:08,23045,23045,225,23046.5,600,75,2030475
NIFTY-II.NFO,19/03/2025,09:23:10,23046,23045,225,23046.5,600,75,2030475
NIFTY-II.NFO,19/03/2025,09:23:11,23046.5,23045,225,23046.45,150,150,2030475
NIFTY-II.NFO,19/03/2025,09:23:13,23045,23040.35,75,23044.9,150,225,2030475
NIFTY-II.NFO,19/03/2025,09:23:15,23043.6,23040.35,75,23043.45,150,825,2030475
NIFTY-II.NFO,19/03/2025,09:23:15,23043.6,23040.35,75,23043.45,150,0,2030475
NIFTY-II.NFO,19/03/2025,09:23:16,23040.35,23040.15,225,23045.85,75,75,2030475
NIFTY-II.NFO,19/03/2025,09:23:16,23040.35,23040.15,225,23045.85,75,0,2030475
NIFTY-II.NFO,19/03/2025,09:23:18,23040.35,23042,150,23045.95,75,0,2030475
NIFTY-II.NFO,19/03/2025,09:23:20,23040.35,23040.25,225,23044.95,75,0,2030475
NIFTY-II.NFO,19/03/2025,09:23:21,23040,23037.1,75,23040,450,675,2030475
NIFTY-II.NFO,19/03/2025,09:23:21,23040,23037.1,75,23040,450,0,2030475
NIFTY-II.NFO,19/03/2025,09:23:23,23040,23037.35,150,23040,450,0,2030475
NIFTY-II.NFO,19/03/2025,09:23:25,23037.1,23036.55,150,23039.95,75,150,2030475
NIFTY-II.NFO,19/03/2025,09:23:25,23037.1,23036.55,150,23039.95,75,0,2030475
NIFTY-II.NFO,19/03/2025,09:23:26,23039.95,23036.9,225,23037.35,75,75,2030475
NIFTY-II.NFO,19/03/2025,09:23:28,23037.35,23038.45,75,23040,375,75,2030475
NIFTY-II.NFO,19/03/2025,09:23:30,23040,23038.35,225,23040,75,300,2030475
NIFTY-II.NFO,19/03/2025,09:23:31,23036.15,23036.2,300,23039.95,75,75,2030475
NIFTY-II.NFO,19/03/2025,09:23:31,23036.15,23036.2,300,23039.95,75,0,2030475
NIFTY-II.NFO,19/03/2025,09:23:33,23039.95,23037,150,23040,75,75,2030475
NIFTY-II.NFO,19/03/2025,09:23:35,23038,23038.8,375,23040,75,75,2030475
NIFTY-II.NFO,19/03/2025,09:23:36,23039.45,23038.35,300,23039.95,75,75,2030475
NIFTY-II.NFO,19/03/2025,09:23:38,23044.95,23045.95,75,23046.5,525,375,2030475
NIFTY-II.NFO,19/03/2025,09:23:40,23046.5,23042,75,23046.5,450,75,2030475
NIFTY-II.NFO,19/03/2025,09:23:41,23043.8,23042,75,23044.85,75,75,2030475
NIFTY-II.NFO,19/03/2025,09:23:43,23042,23039.3,525,23044.95,75,75,2030475
NIFTY-II.NFO,19/03/2025,09:23:45,23042,23039.6,300,23045,600,0,2030475
NIFTY-II.NFO,19/03/2025,09:23:46,23042,23038.5,300,23041.95,75,0,2030475
NIFTY-II.NFO,19/03/2025,09:23:48,23043.95,23038.65,300,23043.95,75,75,2030475
NIFTY-II.NFO,19/03/2025,09:23:50,23040.95,23037,150,23040.95,75,150,2030475
NIFTY-II.NFO,19/03/2025,09:23:51,23040.95,23040,150,23042,75,0,2030475
NIFTY-II.NFO,19/03/2025,09:23:53,23040,23040,150,23042,75,75,2030475
NIFTY-II.NFO,19/03/2025,09:23:56,23040,23040,225,23042,150,0,2030475
NIFTY-II.NFO,19/03/2025,09:23:58,23040,23040,225,23042,150,75,2030475
NIFTY-II.NFO,19/03/2025,09:24:00,23040,23040,225,23042,150,0,2030475
NIFTY-II.NFO,19/03/2025,09:24:01,23040,23037,150,23040.85,225,225,2030475
NIFTY-II.NFO,19/03/2025,09:24:03,23040.1,23037,150,23038.45,75,75,2030475
NIFTY-II.NFO,19/03/2025,09:24:05,23039.3,23037,150,23038.8,300,75,2030475
NIFTY-II.NFO,19/03/2025,09:24:06,23037,23037,75,23038,75,75,2030475
NIFTY-II.NFO,19/03/2025,09:24:08,23037,23037,75,23038,75,75,2030475
NIFTY-II.NFO,19/03/2025,09:24:10,23038,23037,75,23039.65,375,75,2030475
NIFTY-II.NFO,19/03/2025,09:24:11,23038.4,23037,150,23038.4,450,75,2030475
NIFTY-II.NFO,19/03/2025,09:24:13,23038.4,23037,150,23037.35,375,0,2030475
NIFTY-II.NFO,19/03/2025,09:24:15,23037,23037,75,23037.3,225,75,2030475
NIFTY-II.NFO,19/03/2025,09:24:16,23035,23035,600,23035.1,75,225,2030475
NIFTY-II.NFO,19/03/2025,09:24:16,23035,23035,600,23035.1,75,0,2030475
NIFTY-II.NFO,19/03/2025,09:24:18,23035,23032,675,23034.45,150,600,2030475
NIFTY-II.NFO,19/03/2025,09:24:20,23035.95,23032,375,23035.85,150,450,2031450
NIFTY-II.NFO,19/03/2025,09:24:20,23032,23032,375,23035.85,150,0,2031450
NIFTY-II.NFO,19/03/2025,09:24:21,23035.95,23034.95,75,23036.55,75,0,2031450
NIFTY-II.NFO,19/03/2025,09:24:23,23032,23032,225,23036.8,150,225,2031450
NIFTY-II.NFO,19/03/2025,09:24:25,23032,23031.6,75,23033.35,375,225,2031450
NIFTY-II.NFO,19/03/2025,09:24:26,23031,23030.05,150,23031,150,300,2031450
NIFTY-II.NFO,19/03/2025,09:24:26,23031,23030.05,150,23031,150,0,2031450
NIFTY-II.NFO,19/03/2025,09:24:28,23031.2,23030.05,150,23030.8,75,75,2031450
NIFTY-II.NFO,19/03/2025,09:24:30,23030,23028,75,23029.7,150,300,2031450
NIFTY-II.NFO,19/03/2025,09:24:30,23030,23028,75,23029.7,150,0,2031450
NIFTY-II.NFO,19/03/2025,09:24:31,23029.7,23028,75,23029.75,75,75,2031450
NIFTY-II.NFO,19/03/2025,09:24:31,23029.7,23028,75,23029.75,75,0,2031450
NIFTY-II.NFO,19/03/2025,09:24:33,23028,23025,75,23027.55,375,75,2031450
NIFTY-II.NFO,19/03/2025,09:24:33,23028,23025,75,23027.55,375,0,2031450
NIFTY-II.NFO,19/03/2025,09:24:35,23028,23025,75,23026.9,75,0,2031450
NIFTY-II.NFO,19/03/2025,09:24:36,23028,23025,75,23026.85,75,0,2031450
NIFTY-II.NFO,19/03/2025,09:24:38,23027.1,23025,75,23026,75,75,2031450
NIFTY-II.NFO,19/03/2025,09:24:38,23027.1,23025,75,23026,75,0,2031450
NIFTY-II.NFO,19/03/2025,09:24:40,23027.1,23025,75,23026,75,0,2031450
NIFTY-II.NFO,19/03/2025,09:24:41,23027.1,23025,75,23026.6,75,0,2031450
NIFTY-II.NFO,19/03/2025,09:24:43,23025.9,23025,75,23026.1,375,450,2031450
NIFTY-II.NFO,19/03/2025,09:24:43,23025.9,23025,75,23026.1,375,0,2031450
NIFTY-II.NFO,19/03/2025,09:24:45,23025.9,23025,75,23027,75,0,2031450
NIFTY-II.NFO,19/03/2025,09:24:46,23028.6,23025.75,300,23030,675,150,2031450
NIFTY-II.NFO,19/03/2025,09:24:48,23025,23025,525,23028.4,375,375,2031450
NIFTY-II.NFO,19/03/2025,09:24:48,23025,23025,525,23028.4,375,0,2031450
NIFTY-II.NFO,19/03/2025,09:24:50,23025,23025,600,23029.3,375,0,2031450
NIFTY-II.NFO,19/03/2025,09:24:51,23025,23025,75,23027.85,225,525,2031450
NIFTY-II.NFO,19/03/2025,09:24:53,23027.75,23025,150,23027.95,75,150,2031450
NIFTY-II.NFO,19/03/2025,09:24:55,23025,23025,75,23028.25,375,150,2031450
NIFTY-II.NFO,19/03/2025,09:24:56,23028.25,23025,75,23025.95,375,75,2031450
NIFTY-II.NFO,19/03/2025,09:24:58,23025.95,23025,75,23025.2,375,225,2031450
NIFTY-II.NFO,19/03/2025,09:25:00,23023.35,23022,75,23023.4,375,150,2031450
NIFTY-II.NFO,19/03/2025,09:25:00,23023.35,23022,75,23023.4,375,0,2031450
NIFTY-II.NFO,19/03/2025,09:25:01,23023.35,23022,75,23023.95,75,0,2031450
NIFTY-II.NFO,19/03/2025,09:25:03,23023.35,23022.25,75,23025,75,0,2031450
NIFTY-II.NFO,19/03/2025,09:25:05,23023.35,23022.75,150,23025,75,0,2031450
NIFTY-II.NFO,19/03/2025,09:25:06,23023,23023,450,23025,75,150,2031450
NIFTY-II.NFO,19/03/2025,09:25:06,23023,23023,450,23025,75,0,2031450
NIFTY-II.NFO,19/03/2025,09:25:08,23025,23025,75,23027.4,375,75,2031450
NIFTY-II.NFO,19/03/2025,09:25:10,23025,23024.95,150,23026,600,75,2031450
NIFTY-II.NFO,19/03/2025,09:25:11,23025.6,23024.9,225,23025.45,375,525,2031450
NIFTY-II.NFO,19/03/2025,09:25:13,23025.6,23024.1,225,23025,75,0,2031450
NIFTY-II.NFO,19/03/2025,09:25:15,23025,23025,75,23025.75,150,75,2031450
NIFTY-II.NFO,19/03/2025,09:25:16,23026,23024.1,75,23026,975,150,2031450
NIFTY-II.NFO,19/03/2025,09:25:18,23025.4,23024.1,225,23024.95,150,150,2031450
NIFTY-II.NFO,19/03/2025,09:25:20,23025,23024.1,150,23025,375,150,2031450
NIFTY-II.NFO,19/03/2025,09:25:21,23026,23025.5,300,23030,750,900,2031450
NIFTY-II.NFO,19/03/2025,09:25:23,23026.9,23026.65,300,23030,600,225,2031450
NIFTY-II.NFO,19/03/2025,09:25:25,23029.95,23026.65,300,23030,600,150,2031450
NIFTY-II.NFO,19/03/2025,09:25:26,23030,23029.25,375,23030,525,75,2031450
NIFTY-II.NFO,19/03/2025,09:25:28,23029.2,23028.6,300,23032,375,1500,2031450
NIFTY-II.NFO,19/03/2025,09:25:30,23032,23028.55,225,23032,150,300,2031450
NIFTY-II.NFO,19/03/2025,09:25:31,23032,23029.95,225,23032,75,75,2031450
NIFTY-II.NFO,19/03/2025,09:25:33,23029.95,23029.95,150,23032,75,225,2031450
NIFTY-II.NFO,19/03/2025,09:25:35,23030.8,23030,150,23031.1,300,150,2031450
NIFTY-II.NFO,19/03/2025,09:25:36,23029.95,23023.15,375,23027.95,75,300,2031450
NIFTY-II.NFO,19/03/2025,09:25:38,23027.95,23024.2,375,23031.2,75,75,2031450
NIFTY-II.NFO,19/03/2025,09:25:40,23027.95,23025.2,525,23029.95,150,0,2031450
NIFTY-II.NFO,19/03/2025,09:25:42,23026.95,23026.85,300,23027.95,75,75,2031450
NIFTY-II.NFO,19/03/2025,09:25:43,23027.95,23028.55,300,23029.95,75,75,2031450
NIFTY-II.NFO,19/03/2025,09:25:45,23029.95,23028,450,23032,150,75,2031450
NIFTY-II.NFO,19/03/2025,09:25:47,23028.3,23027.95,75,23031.95,75,75,2031450
NIFTY-II.NFO,19/03/2025,09:25:48,23031.95,23030,300,23032,150,75,2031450
NIFTY-II.NFO,19/03/2025,09:25:50,23030,23030,225,23032,150,75,2031450
NIFTY-II.NFO,19/03/2025,09:25:52,23032,23030,225,23032,75,75,2031450
NIFTY-II.NFO,19/03/2025,09:25:53,23035,23029.95,225,23034.55,300,525,2031450
NIFTY-II.NFO,19/03/2025,09:25:55,23035,23029.9,150,23034.6,450,0,2031450
NIFTY-II.NFO,19/03/2025,09:25:57,23034.35,23029.85,75,23033.35,300,75,2031450
NIFTY-II.NFO,19/03/2025,09:25:58,23033.4,23029.8,150,23032.7,450,150,2031450
NIFTY-II.NFO,19/03/2025,09:26:00,23027.3,23025,1200,23027.75,300,675,2031450
NIFTY-II.NFO,19/03/2025,09:26:02,23027.3,23025,1200,23027.3,300,0,2031450
NIFTY-II.NFO,19/03/2025,09:26:03,23027.3,23025,1200,23029.8,300,0,2031450
NIFTY-II.NFO,19/03/2025,09:26:05,23031.1,23025.4,75,23031.1,225,75,2031450
NIFTY-II.NFO,19/03/2025,09:26:07,23026.1,23025.65,150,23031.5,225,75,2031450
NIFTY-II.NFO,19/03/2025,09:26:08,23026.1,23027.1,150,23030,75,0,2031450
NIFTY-II.NFO,19/03/2025,09:26:10,23026.1,23027.05,225,23029.55,225,0,2031450
NIFTY-II.NFO,19/03/2025,09:26:12,23026.1,23025.8,225,23029.9,225,0,2031450
NIFTY-II.NFO,19/03/2025,09:26:13,23031.95,23026.7,75,23032.25,75,225,2031450
NIFTY-II.NFO,19/03/2025,09:26:15,23031.45,23026.65,150,23032.65,150,450,2031450
NIFTY-II.NFO,19/03/2025,09:26:17,23031.45,23026.6,150,23029.55,225,0,2031450
NIFTY-II.NFO,19/03/2025,09:26:18,23026.55,23025,1275,23028.6,600,75,2031450
NIFTY-II.NFO,19/03/2025,09:26:20,23026.55,23025,1275,23027.4,450,0,2031450
NIFTY-II.NFO,19/03/2025,09:26:22,23028.5,23025,1275,23028.5,525,75,2031450
NIFTY-II.NFO,19/03/2025,09:26:23,23028.25,23028.25,75,23028.6,375,375,2031450
NIFTY-II.NFO,19/03/2025,09:26:25,23027.65,23025,1200,23027,225,300,2031450
NIFTY-II.NFO,19/03/2025,09:26:27,23027.65,23025,1275,23026.55,225,0,2031450
NIFTY-II.NFO,19/03/2025,09:26:28,23025,23025,1050,23026.15,75,300,2031450
NIFTY-II.NFO,19/03/2025,09:26:30,23025,23025,975,23027,150,600,2031450
NIFTY-II.NFO,19/03/2025,09:26:32,23025,23025,825,23025.35,375,150,2031450
NIFTY-II.NFO,19/03/2025,09:26:33,23026,23025,825,23027.85,1125,75,2031450
NIFTY-II.NFO,19/03/2025,09:26:35,23026,23025.1,675,23027.9,375,0,2031450
NIFTY-II.NFO,19/03/2025,09:26:37,23028.5,23025.1,675,23028.05,375,75,2031450
NIFTY-II.NFO,19/03/2025,09:26:38,23028.5,23025.1,1425,23028.95,300,0,2031450
NIFTY-II.NFO,19/03/2025,09:26:40,23028.5,23025.1,1425,23028,375,0,2031450
NIFTY-II.NFO,19/03/2025,09:26:42,23028.5,23025.1,1425,23026.8,300,0,2031450
NIFTY-II.NFO,19/03/2025,09:26:43,23028.5,23025.1,1425,23026.45,300,0,2031450
NIFTY-II.NFO,19/03/2025,09:26:45,23028.5,23025.1,1425,23027.75,300,0,2031450
NIFTY-II.NFO,19/03/2025,09:26:48,23028.5,23025.15,300,23030.35,75,0,2031450
NIFTY-II.NFO,19/03/2025,09:26:50,23030,23030,75,23030.05,300,375,2031450
NIFTY-II.NFO,19/03/2025,09:26:52,23030,23026.3,300,23030.05,300,75,2031450
NIFTY-II.NFO,19/03/2025,09:26:53,23029.85,23026.3,300,23031.3,150,225,2031450
NIFTY-II.NFO,19/03/2025,09:26:55,23029.85,23026.4,300,23032.6,225,0,2031450
NIFTY-II.NFO,19/03/2025,09:26:57,23030.8,23026.5,300,23032.6,150,150,2031450
NIFTY-II.NFO,19/03/2025,09:26:58,23030.8,23028.15,300,23034.9,150,0,2031450
NIFTY-II.NFO,19/03/2025,09:27:00,23030.8,23031.65,300,23035,75,0,2031450
NIFTY-II.NFO,19/03/2025,09:27:02,23030.8,23032.5,525,23035,75,0,2031450
NIFTY-II.NFO,19/03/2025,09:27:03,23035,23035.75,375,23037,75,75,2031450
NIFTY-II.NFO,19/03/2025,09:27:05,23038.8,23038.05,300,23039,75,150,2031450
NIFTY-II.NFO,19/03/2025,09:27:07,23039,23038,150,23039.2,75,75,2031450
NIFTY-II.NFO,19/03/2025,09:27:08,23039.2,23038,150,23040,825,75,2031450
NIFTY-II.NFO,19/03/2025,09:27:10,23040,23040.85,300,23044,1200,825,2031450
NIFTY-II.NFO,19/03/2025,09:27:12,23041.45,23042.35,300,23044,1125,150,2031450
NIFTY-II.NFO,19/03/2025,09:27:13,23044,23043.95,150,23044,225,900,2031450
NIFTY-II.NFO,19/03/2025,09:27:15,23049,23044.45,150,23050,75,1500,2031450
NIFTY-II.NFO,19/03/2025,09:27:17,23051.65,23045.3,75,23050.95,75,600,2031450
NIFTY-II.NFO,19/03/2025,09:27:18,23051.65,23044.4,150,23048.95,75,0,2031450
NIFTY-II.NFO,19/03/2025,09:27:20,23051.65,23044.4,150,23046.6,675,0,2031450
NIFTY-II.NFO,19/03/2025,09:27:22,23046.1,23044.05,75,23046,300,675,2036250
NIFTY-II.NFO,19/03/2025,09:27:23,23046.1,23044,225,23046.05,75,0,2036250
NIFTY-II.NFO,19/03/2025,09:27:25,23047.8,23045,75,23046.4,225,75,2036250
NIFTY-II.NFO,19/03/2025,09:27:27,23047.8,23045,75,23046.1,75,0,2036250
NIFTY-II.NFO,19/03/2025,09:27:30,23045,23044.2,75,23045,150,75,2036250
NIFTY-II.NFO,19/03/2025,09:27:32,23044.15,23043,600,23043.6,75,1125,2036250
NIFTY-II.NFO,19/03/2025,09:27:33,23041.45,23041.45,75,23042.3,75,1050,2036250
NIFTY-II.NFO,19/03/2025,09:27:35,23041.45,23041.45,75,23045.4,75,0,2036250
NIFTY-II.NFO,19/03/2025,09:27:37,23041.45,23041.45,75,23043,75,0,2036250
NIFTY-II.NFO,19/03/2025,09:27:40,23041.45,23041.45,75,23042,600,0,2036250
NIFTY-II.NFO,19/03/2025,09:27:42,23042,23041.45,75,23042,525,75,2036250
NIFTY-II.NFO,19/03/2025,09:27:43,23044,23044,300,23045.75,75,675,2036250
NIFTY-II.NFO,19/03/2025,09:27:45,23044,23044,300,23045,600,0,2036250
NIFTY-II.NFO,19/03/2025,09:27:47,23044,23043.95,150,23044,75,300,2036250
NIFTY-II.NFO,19/03/2025,09:27:48,23044,23041.45,75,23044.7,150,150,2036250
NIFTY-II.NFO,19/03/2025,09:27:50,23044,23044,75,23044.75,75,0,2036250
NIFTY-II.NFO,19/03/2025,09:27:52,23045,23044,75,23045,525,75,2036250
NIFTY-II.NFO,19/03/2025,09:27:53,23045,23044,75,23045,300,300,2036250
NIFTY-II.NFO,19/03/2025,09:27:55,23045,23044,75,23045,150,150,2036250
NIFTY-II.NFO,19/03/2025,09:27:57,23045,23044,75,23045,75,75,2036250
NIFTY-II.NFO,19/03/2025,09:27:58,23045,23044,75,23045,75,0,2036250
NIFTY-II.NFO,19/03/2025,09:28:00,23045,23044,75,23045,150,75,2036250
NIFTY-II.NFO,19/03/2025,09:28:02,23042,23042,450,23042.7,150,600,2036250
NIFTY-II.NFO,19/03/2025,09:28:03,23040,23039.85,150,23040.3,375,2625,2036250
NIFTY-II.NFO,19/03/2025,09:28:05,23039,23036.4,75,23038.95,375,375,2036250
NIFTY-II.NFO,19/03/2025,09:28:07,23038.95,23035,1275,23039.5,375,75,2036250
NIFTY-II.NFO,19/03/2025,09:28:08,23038.95,23035,1275,23039.35,75,0,2036250
NIFTY-II.NFO,19/03/2025,09:28:10,23038.95,23035,1275,23040.65,75,0,2036250
NIFTY-II.NFO,19/03/2025,09:28:12,23035,23035,1200,23039.05,375,150,2036250
NIFTY-II.NFO,19/03/2025,09:28:13,23035,23034.95,75,23035,75,1200,2036250
NIFTY-II.NFO,19/03/2025,09:28:15,23035,23034.15,75,23035,75,0,2036250
NIFTY-II.NFO,19/03/2025,09:28:17,23035,23034.15,75,23037.7,375,75,2036250
NIFTY-II.NFO,19/03/2025,09:28:18,23035,23036.05,300,23040,600,75,2036250
NIFTY-II.NFO,19/03/2025,09:28:20,23035,23036,75,23040,600,0,2036250
NIFTY-II.NFO,19/03/2025,09:28:22,23040,23036.95,375,23040,300,300,2036250
NIFTY-II.NFO,19/03/2025,09:28:23,23042,23040,600,23043,375,375,2036250
NIFTY-II.NFO,19/03/2025,09:28:25,23042,23036.95,75,23040.55,75,0,2036250
NIFTY-II.NFO,19/03/2025,09:28:27,23042,23035.15,75,23038.2,375,0,2036250
NIFTY-II.NFO,19/03/2025,09:28:28,23038.2,23035,75,23036.55,375,375,2036250
NIFTY-II.NFO,19/03/2025,09:28:30,23038.2,23035.05,375,23041.85,150,0,2036250
NIFTY-II.NFO,19/03/2025,09:28:32,23037.85,23037.85,300,23041.15,75,75,2036250
NIFTY-II.NFO,19/03/2025,09:28:33,23037.85,23037.85,300,23039.8,525,0,2036250
NIFTY-II.NFO,19/03/2025,09:28:35,23038.1,23038,600,23039.45,375,75,2036250
NIFTY-II.NFO,19/03/2025,09:28:37,23038.1,23038.2,450,23040.05,375,0,2036250
NIFTY-II.NFO,19/03/2025,09:28:38,23038.2,23038,600,23040.85,75,75,2036250
NIFTY-II.NFO,19/03/2025,09:28:40,23038.2,23038.5,300,23043,600,0,2036250
NIFTY-II.NFO,19/03/2025,09:28:42,23038.45,23038.6,75,23043,600,75,2036250
NIFTY-II.NFO,19/03/2025,09:28:43,23038.45,23038.6,150,23040,600,0,2036250
NIFTY-II.NFO,19/03/2025,09:28:45,23038.45,23038.55,75,23040,600,0,2036250
NIFTY-II.NFO,19/03/2025,09:28:47,23040,23038.55,75,23043,600,600,2036250
NIFTY-II.NFO,19/03/2025,09:28:48,23040,23038.7,300,23043,600,0,2036250
NIFTY-II.NFO,19/03/2025,09:28:50,23043,23039.9,375,23043,525,225,2036250
NIFTY-II.NFO,19/03/2025,09:28:52,23043,23041,300,23043,375,150,2036250
NIFTY-II.NFO,19/03/2025,09:28:53,23043,23040.95,75,23043,225,150,2036250
NIFTY-II.NFO,19/03/2025,09:28:55,23043,23042.25,225,23043,150,75,2036250
NIFTY-II.NFO,19/03/2025,09:28:57,23045,23042.2,375,23045,450,225,2036250
NIFTY-II.NFO,19/03/2025,09:28:58,23047.9,23042.2,75,23047.3,375,825,2036250
NIFTY-II.NFO,19/03/2025,09:29:00,23047.9,23045.7,300,23048.8,75,0,2036250
NIFTY-II.NFO,19/03/2025,09:29:02,23048.8,23045.7,375,23049,75,75,2036250
NIFTY-II.NFO,19/03/2025,09:29:03,23047,23046.8,75,23049,75,1575,2036250
NIFTY-II.NFO,19/03/2025,09:29:05,23046.4,23045.75,150,23049,75,75,2036250
NIFTY-II.NFO,19/03/2025,09:29:07,23049,23048.5,75,23051,75,75,2036250
NIFTY-II.NFO,19/03/2025,09:29:08,23050.05,23050.85,75,23052,1125,225,2036250
NIFTY-II.NFO,19/03/2025,09:29:10,23053,23051.15,75,23055,150,1200,2036250
NIFTY-II.NFO,19/03/2025,09:29:12,23055,23056.9,150,23058,600,150,2036250
NIFTY-II.NFO,19/03/2025,09:29:13,23058,23056.85,225,23058,375,225,2036250
NIFTY-II.NFO,19/03/2025,09:29:15,23058,23056.8,75,23058,375,0,2036250
NIFTY-II.NFO,19/03/2025,09:29:16,23058,23056.75,150,23059,150,375,2036250
NIFTY-II.NFO,19/03/2025,09:29:18,23058,23056.7,75,23059,150,0,2036250
NIFTY-II.NFO,19/03/2025,09:29:20,23059,23055.6,75,23059,75,75,2036250
NIFTY-II.NFO,19/03/2025,09:29:21,23059.3,23054.4,75,23057.25,300,300,2036250
NIFTY-II.NFO,19/03/2025,09:29:23,23059.3,23054.1,75,23058.85,75,0,2036250
NIFTY-II.NFO,19/03/2025,09:29:25,23055,23055,525,23056.45,75,75,2036250
NIFTY-II.NFO,19/03/2025,09:29:26,23055,23055,525,23057.65,75,0,2036250
NIFTY-II.NFO,19/03/2025,09:29:28,23055,23055,525,23059.75,300,0,2036250
NIFTY-II.NFO,19/03/2025,09:29:30,23055,23055.05,225,23057,75,0,2036250
NIFTY-II.NFO,19/03/2025,09:29:31,23058.8,23055,525,23059.3,75,150,2036250
NIFTY-II.NFO,19/03/2025,09:29:33,23058.8,23055.1,600,23058.75,300,0,2036250
NIFTY-II.NFO,19/03/2025,09:29:35,23058.8,23055.1,600,23056.75,75,0,2036250
NIFTY-II.NFO,19/03/2025,09:29:36,23058.8,23055.1,600,23057.5,75,0,2036250
NIFTY-II.NFO,19/03/2025,09:29:38,23058.8,23057,75,23059.1,375,0,2036250
NIFTY-II.NFO,19/03/2025,09:29:40,23057,23055.1,600,23059.05,300,75,2036250
NIFTY-II.NFO,19/03/2025,09:29:41,23057,23055.1,600,23059.25,300,0,2036250
NIFTY-II.NFO,19/03/2025,09:29:43,23055.1,23055.1,525,23059.3,75,75,2036250
NIFTY-II.NFO,19/03/2025,09:29:45,23055.1,23055.1,525,23059.3,75,0,2036250
NIFTY-II.NFO,19/03/2025,09:29:46,23055.1,23055.3,75,23057,75,75,2036250
NIFTY-II.NFO,19/03/2025,09:29:48,23056,23055.1,450,23055.3,450,150,2036250
NIFTY-II.NFO,19/03/2025,09:29:50,23055.3,23055.1,450,23055.3,225,225,2036250
NIFTY-II.NFO,19/03/2025,09:29:52,23060,23055.6,75,23059,150,375,2036250
NIFTY-II.NFO,19/03/2025,09:29:53,23060,23056.1,75,23059,150,0,2036250
NIFTY-II.NFO,19/03/2025,09:29:55,23055.1,23055.2,600,23059,150,75,2036250
NIFTY-II.NFO,19/03/2025,09:29:58,23059,23055.2,600,23059.6,375,225,2036250
NIFTY-II.NFO,19/03/2025,09:30:00,23059,23055.2,600,23057.5,300,0,2036250
NIFTY-II.NFO,19/03/2025,09:30:02,23055.2,23055.2,525,23056.75,300,75,2036250
NIFTY-II.NFO,19/03/2025,09:30:05,23053.75,23051,600,23053.65,225,1800,2036250
NIFTY-II.NFO,19/03/2025,09:30:07,23053.75,23051,600,23053.9,75,0,2036250
NIFTY-II.NFO,19/03/2025,09:30:08,23051,23051,525,23054.15,75,75,2036250
NIFTY-II.NFO,19/03/2025,09:30:10,23051,23051,525,23054.3,75,0,2036250
NIFTY-II.NFO,19/03/2025,09:30:12,23051,23051,525,23053.75,75,0,2036250
NIFTY-II.NFO,19/03/2025,09:30:13,23051,23051,525,23052.55,300,0,2036250
NIFTY-II.NFO,19/03/2025,09:30:15,23051,23050,825,23052.15,300,525,2036250
NIFTY-II.NFO,19/03/2025,09:30:16,23052.65,23050,825,23052.2,75,75,2036250
NIFTY-II.NFO,19/03/2025,09:30:18,23049.45,23049.05,300,23049.55,225,1350,2036250
NIFTY-II.NFO,19/03/2025,09:30:20,23049.45,23047.9,75,23048.8,300,0,2036250
NIFTY-II.NFO,19/03/2025,09:30:21,23047.9,23047,600,23047.35,150,75,2035275
NIFTY-II.NFO,19/03/2025,09:30:23,23047.2,23045,600,23046.6,225,675,2035275
NIFTY-II.NFO,19/03/2025,09:30:25,23046.6,23045,525,23049,600,150,2035275
NIFTY-II.NFO,19/03/2025,09:30:26,23047.65,23045,525,23046.85,75,225,2035275
NIFTY-II.NFO,19/03/2025,09:30:28,23046.6,23046.6,75,23048.4,150,150,2035275
NIFTY-II.NFO,19/03/2025,09:30:30,23046.6,23046.6,75,23047.65,1275,0,2035275
NIFTY-II.NFO,19/03/2025,09:30:31,23046.6,23045,525,23047.2,375,75,2035275
NIFTY-II.NFO,19/03/2025,09:30:33,23045,23045,525,23047.35,375,75,2035275
NIFTY-II.NFO,19/03/2025,09:30:35,23048.65,23045,525,23048.4,150,150,2035275
NIFTY-II.NFO,19/03/2025,09:30:36,23048.65,23045.95,300,23049,600,0,2035275
NIFTY-II.NFO,19/03/2025,09:30:38,23045.75,23045.75,150,23049,600,75,2035275
NIFTY-II.NFO,19/03/2025,09:30:40,23045.75,23045,600,23047.35,750,0,2035275
NIFTY-II.NFO,19/03/2025,09:30:41,23047.75,23045,600,23049,600,75,2035275
NIFTY-II.NFO,19/03/2025,09:30:43,23047.75,23045.05,300,23049,600,0,2035275
NIFTY-II.NFO,19/03/2025,09:30:45,23047.75,23045,600,23049,600,0,2035275
NIFTY-II.NFO,19/03/2025,09:30:46,23049,23045,600,23049,525,75,2035275
NIFTY-II.NFO,19/03/2025,09:30:48,23049,23045.75,75,23049,900,0,2035275
NIFTY-II.NFO,19/03/2025,09:30:50,23049,23045.75,75,23046.7,375,0,2035275
NIFTY-II.NFO,19/03/2025,09:30:51,23045.75,23045,750,23045.95,375,75,2035275
NIFTY-II.NFO,19/03/2025,09:30:53,23045,23045,675,23049,900,150,2035275
NIFTY-II.NFO,19/03/2025,09:30:55,23045,23045,600,23049,600,75,2035275
NIFTY-II.NFO,19/03/2025,09:30:56,23049,23045,900,23049,525,75,2035275
NIFTY-II.NFO,19/03/2025,09:30:58,23049,23045,450,23049,525,0,2035275
NIFTY-II.NFO,19/03/2025,09:31:00,23049,23045,450,23047.55,375,0,2035275
NIFTY-II.NFO,19/03/2025,09:31:01,23049,23045,450,23048.4,375,0,2035275
NIFTY-II.NFO,19/03/2025,09:31:03,23049,23045.95,300,23049,525,0,2035275
NIFTY-II.NFO,19/03/2025,09:31:05,23049,23047.95,375,23049,450,150,2035275
NIFTY-II.NFO,19/03/2025,09:31:06,23051,23049.65,375,23054,600,1275,2035275
NIFTY-II.NFO,19/03/2025,09:31:08,23049.95,23050.1,75,23054,600,75,2035275
NIFTY-II.NFO,19/03/2025,09:31:10,23049.95,23050.05,75,23054,600,0,2035275
NIFTY-II.NFO,19/03/2025,09:31:11,23050.3,23050.05,75,23054,600,150,2035275
NIFTY-II.NFO,19/03/2025,09:31:13,23054,23049.95,150,23054,525,75,2035275
NIFTY-II.NFO,19/03/2025,09:31:15,23054,23051.1,150,23054,525,0,2035275
NIFTY-II.NFO,19/03/2025,09:31:16,23054,23051.1,75,23053.9,600,0,2035275
NIFTY-II.NFO,19/03/2025,09:31:18,23053.9,23051.05,75,23053.9,525,75,2035275
NIFTY-II.NFO,19/03/2025,09:31:20,23053.9,23051.25,75,23053.9,525,0,2035275
NIFTY-II.NFO,19/03/2025,09:31:21,23053.9,23052.95,75,23053.9,525,0,2035275
NIFTY-II.NFO,19/03/2025,09:31:23,23053.9,23052.1,75,23053.9,525,0,2035275
NIFTY-II.NFO,19/03/2025,09:31:25,23053.9,23053.8,75,23053.9,525,0,2035275
NIFTY-II.NFO,19/03/2025,09:31:26,23053.9,23052.05,75,23053.9,525,0,2035275
NIFTY-II.NFO,19/03/2025,09:31:28,23053.9,23053.2,150,23053.9,450,75,2035275
NIFTY-II.NFO,19/03/2025,09:31:30,23053.9,23053.05,75,23053.9,75,375,2035275
NIFTY-II.NFO,19/03/2025,09:31:31,23059.9,23059,75,23060,675,1350,2035275
NIFTY-II.NFO,19/03/2025,09:31:33,23059,23058.95,150,23060,600,150,2035275
NIFTY-II.NFO,19/03/2025,09:31:35,23060,23058.9,75,23060,525,150,2035275
NIFTY-II.NFO,19/03/2025,09:31:36,23058.9,23059,75,23060,525,75,2035275
NIFTY-II.NFO,19/03/2025,09:31:38,23062,23061.55,375,23064,75,750,2035275
NIFTY-II.NFO,19/03/2025,09:31:40,23062.3,23061.5,225,23067.9,300,225,2035275
NIFTY-II.NFO,19/03/2025,09:31:41,23066.5,23061.45,75,23066.25,450,75,2035275
NIFTY-II.NFO,19/03/2025,09:31:43,23066.5,23061.45,75,23067.65,375,0,2035275
NIFTY-II.NFO,19/03/2025,09:31:45,23061.45,23062.2,225,23065,75,75,2035275
NIFTY-II.NFO,19/03/2025,09:31:46,23065.7,23061.4,225,23065.45,300,150,2035275
NIFTY-II.NFO,19/03/2025,09:31:48,23065.7,23065,75,23065.75,300,0,2035275
NIFTY-II.NFO,19/03/2025,09:31:50,23062.05,23062.05,150,23062.35,75,600,2035275
NIFTY-II.NFO,19/03/2025,09:31:51,23061,23061,525,23062.55,375,225,2035275
NIFTY-II.NFO,19/03/2025,09:31:53,23061,23061,525,23062.95,750,0,2035275
NIFTY-II.NFO,19/03/2025,09:31:55,23061,23062.45,150,23065.1,750,0,2035275
NIFTY-II.NFO,19/03/2025,09:31:56,23063.65,23062.45,150,23063.6,225,75,2035275
NIFTY-II.NFO,19/03/2025,09:31:58,23063.65,23062.45,150,23062.65,750,0,2035275
NIFTY-II.NFO,19/03/2025,09:32:00,23062.6,23062.45,150,23063.2,75,75,2035275
NIFTY-II.NFO,19/03/2025,09:32:01,23061,23061,450,23062.45,150,375,2035275
NIFTY-II.NFO,19/03/2025,09:32:03,23061,23060,750,23061.95,75,450,2035275
NIFTY-II.NFO,19/03/2025,09:32:05,23062.45,23060,750,23062.45,75,75,2035275
NIFTY-II.NFO,19/03/2025,09:32:06,23062.45,23060,750,23062.45,75,0,2035275
NIFTY-II.NFO,19/03/2025,09:32:08,23062.45,23060,750,23061.35,600,0,2035275
NIFTY-II.NFO,19/03/2025,09:32:10,23062.45,23060,750,23061.7,375,0,2035275
NIFTY-II.NFO,19/03/2025,09:32:11,23060,23059.05,225,23059.75,375,750,2035275
NIFTY-II.NFO,19/03/2025,09:32:13,23060,23059.05,225,23059.75,750,0,2035275
NIFTY-II.NFO,19/03/2025,09:32:15,23062.1,23059,300,23062.2,750,75,2035275
NIFTY-II.NFO,19/03/2025,09:32:16,23062.1,23059,75,23062.45,150,0,2035275
NIFTY-II.NFO,19/03/2025,09:32:18,23063.15,23059,75,23060.65,750,225,2035275
NIFTY-II.NFO,19/03/2025,09:32:20,23058.95,23051.1,300,23058.5,150,225,2035275
NIFTY-II.NFO,19/03/2025,09:32:21,23058.2,23051.1,375,23057.65,225,150,2035275
NIFTY-II.NFO,19/03/2025,09:32:23,23058.2,23051.05,75,23054.95,225,0,2035275
NIFTY-II.NFO,19/03/2025,09:32:25,23054.9,23051.05,75,23055.5,225,75,2035275
NIFTY-II.NFO,19/03/2025,09:32:26,23054.9,23051.1,375,23055,600,0,2035275
NIFTY-II.NFO,19/03/2025,09:32:28,23055,23051.05,75,23054.95,75,75,2035275
NIFTY-II.NFO,19/03/2025,09:32:30,23055,23051.55,450,23055,525,0,2035275
NIFTY-II.NFO,19/03/2025,09:32:31,23051.55,23051.5,75,23055,525,75,2035275
NIFTY-II.NFO,19/03/2025,09:32:33,23051.55,23051.5,300,23055,525,0,2035275
NIFTY-II.NFO,19/03/2025,09:32:35,23051.55,23052.25,375,23055,525,0,2035275
NIFTY-II.NFO,19/03/2025,09:32:36,23055,23051.5,375,23055,450,75,2035275
NIFTY-II.NFO,19/03/2025,09:32:38,23055,23053.85,75,23055,300,150,2035275
NIFTY-II.NFO,19/03/2025,09:32:40,23055,23053.9,300,23055,300,0,2035275
NIFTY-II.NFO,19/03/2025,09:32:41,23055,23053.85,150,23055,300,0,2035275
NIFTY-II.NFO,19/03/2025,09:32:43,23055,23054.1,525,23055,75,225,2035275
NIFTY-II.NFO,19/03/2025,09:32:45,23055,23054.1,300,23055,75,0,2035275
NIFTY-II.NFO,19/03/2025,09:32:46,23059,23054.4,375,23059,525,150,2035275
NIFTY-II.NFO,19/03/2025,09:32:48,23059,23055.15,300,23059,525,0,2035275
NIFTY-II.NFO,19/03/2025,09:32:50,23059,23055,150,23058,600,75,2035275
NIFTY-II.NFO,19/03/2025,09:32:51,23059,23055,150,23058,600,0,2035275
NIFTY-II.NFO,19/03/2025,09:32:53,23058,23057,75,23058,525,75,2035275
NIFTY-II.NFO,19/03/2025,09:32:55,23058,23057,75,23058,525,0,2035275
NIFTY-II.NFO,19/03/2025,09:32:56,23058,23057.05,75,23058,450,75,2035275
NIFTY-II.NFO,19/03/2025,09:32:58,23058,23057,75,23058,375,75,2035275
NIFTY-II.NFO,19/03/2025,09:33:00,23057,23056.95,75,23058,375,75,2035275
NIFTY-II.NFO,19/03/2025,09:33:01,23058,23056.95,75,23058,300,75,2035275
NIFTY-II.NFO,19/03/2025,09:33:03,23059,23057.25,150,23059,375,450,2035275
NIFTY-II.NFO,19/03/2025,09:33:05,23059,23057.2,75,23059,375,75,2035275
NIFTY-II.NFO,19/03/2025,09:33:06,23059,23057.2,75,23059,375,0,2035275
NIFTY-II.NFO,19/03/2025,09:33:08,23059,23057.15,75,23059,300,75,2035275
NIFTY-II.NFO,19/03/2025,09:33:10,23059,23058.1,150,23059,300,0,2035275
NIFTY-II.NFO,19/03/2025,09:33:11,23059,23058.8,150,23060,600,375,2035275
NIFTY-II.NFO,19/03/2025,09:33:13,23060,23058.8,75,23060,525,75,2035275
NIFTY-II.NFO,19/03/2025,09:33:15,23060,23058.9,225,23060,450,75,2035275
NIFTY-II.NFO,19/03/2025,09:33:16,23064,23062.8,75,23064,450,600,2035275
NIFTY-II.NFO,19/03/2025,09:33:18,23064,23062.85,150,23064,375,75,2035275
NIFTY-II.NFO,19/03/2025,09:33:20,23065,23062.8,75,23068.95,300,525,2035275
NIFTY-II.NFO,19/03/2025,09:33:21,23065,23062.8,75,23067.5,375,0,2035275
NIFTY-II.NFO,19/03/2025,09:33:23,23065,23063.25,75,23069,75,0,2035275
NIFTY-II.NFO,19/03/2025,09:33:25,23065,23063.85,150,23069,75,0,2035275
NIFTY-II.NFO,19/03/2025,09:33:26,23065,23063.1,150,23069,75,0,2035275
NIFTY-II.NFO,19/03/2025,09:33:28,23065,23063.05,75,23068.95,375,0,2035275
NIFTY-II.NFO,19/03/2025,09:33:30,23068.9,23063,75,23068.9,225,750,2039475
NIFTY-II.NFO,19/03/2025,09:33:31,23068.9,23062.95,150,23068.95,75,0,2039475
NIFTY-II.NFO,19/03/2025,09:33:33,23065,23063.1,75,23065,300,300,2039475
NIFTY-II.NFO,19/03/2025,09:33:35,23065,23063.45,75,23065,300,0,2039475
NIFTY-II.NFO,19/03/2025,09:33:36,23065,23063.05,75,23065,225,75,2039475
NIFTY-II.NFO,19/03/2025,09:33:38,23065,23065.5,75,23069,75,225,2039475
NIFTY-II.NFO,19/03/2025,09:33:40,23065.5,23068.9,75,23069,75,75,2039475
NIFTY-II.NFO,19/03/2025,09:33:41,23068.9,23065.5,75,23070,1575,300,2039475
NIFTY-II.NFO,19/03/2025,09:33:43,23068.9,23065.45,75,23068.9,375,0,2039475
NIFTY-II.NFO,19/03/2025,09:33:45,23068.9,23066,600,23068.9,375,0,2039475
NIFTY-II.NFO,19/03/2025,09:33:46,23068.9,23066,600,23068.9,300,75,2039475
NIFTY-II.NFO,19/03/2025,09:33:48,23066,23066,75,23068.9,300,525,2039475
NIFTY-II.NFO,19/03/2025,09:33:50,23068.9,23066,75,23068.85,75,75,2039475
NIFTY-II.NFO,19/03/2025,09:33:51,23068.75,23066,75,23068.85,75,75,2039475
NIFTY-II.NFO,19/03/2025,09:33:53,23068.85,23066,75,23068.85,75,75,2039475
NIFTY-II.NFO,19/03/2025,09:33:55,23068.25,23062,1200,23068.85,75,300,2039475
NIFTY-II.NFO,19/03/2025,09:33:56,23067.5,23062.05,75,23068.9,225,225,2039475
NIFTY-II.NFO,19/03/2025,09:33:58,23062,23062,1125,23068.75,75,150,2039475
NIFTY-II.NFO,19/03/2025,09:34:00,23066.85,23062,1125,23065.6,75,150,2039475
NIFTY-II.NFO,19/03/2025,09:34:01,23066.85,23062,1125,23066.55,75,0,2039475
NIFTY-II.NFO,19/03/2025,09:34:03,23066.85,23062,1125,23064.6,75,0,2039475
NIFTY-II.NFO,19/03/2025,09:34:05,23065.5,23062,1125,23065.7,375,150,2039475
NIFTY-II.NFO,19/03/2025,09:34:06,23062,23062,750,23063.15,75,375,2039475
NIFTY-II.NFO,19/03/2025,09:34:08,23062,23062,750,23063.05,75,0,2039475
NIFTY-II.NFO,19/03/2025,09:34:10,23062,23061.95,75,23062.05,75,975,2039475
NIFTY-II.NFO,19/03/2025,09:34:11,23059.2,23059.2,525,23061.75,150,375,2039475
NIFTY-II.NFO,19/03/2025,09:34:13,23059.2,23059.2,450,23061.05,75,75,2039475
NIFTY-II.NFO,19/03/2025,09:34:15,23059.15,23058,450,23059.75,75,525,2039475
NIFTY-II.NFO,19/03/2025,09:34:16,23059.15,23058,450,23059.55,150,0,2039475
NIFTY-II.NFO,19/03/2025,09:34:18,23057.95,23055,75,23057.75,150,525,2039475
NIFTY-II.NFO,19/03/2025,09:34:20,23052.45,23052,525,23058.3,150,450,2039475
NIFTY-II.NFO,19/03/2025,09:34:21,23052.45,23052,525,23058.4,150,0,2039475
NIFTY-II.NFO,19/03/2025,09:34:23,23052.45,23052,525,23057.65,150,0,2039475
NIFTY-II.NFO,19/03/2025,09:34:25,23057.65,23052,525,23054.95,150,150,2039475
NIFTY-II.NFO,19/03/2025,09:34:26,23057.65,23052,525,23056.9,150,0,2039475
NIFTY-II.NFO,19/03/2025,09:34:28,23057.65,23055.1,75,23057.4,150,0,2039475
NIFTY-II.NFO,19/03/2025,09:34:30,23055.05,23052,525,23054.8,75,150,2039475
NIFTY-II.NFO,19/03/2025,09:34:31,23055.05,23052,525,23057.95,150,0,2039475
NIFTY-II.NFO,19/03/2025,09:34:33,23055.05,23056.9,75,23057.25,75,0,2039475
NIFTY-II.NFO,19/03/2025,09:34:35,23056.9,23053,600,23056.4,150,75,2039475
NIFTY-II.NFO,19/03/2025,09:34:36,23056.9,23053,600,23054.6,750,0,2039475
NIFTY-II.NFO,19/03/2025,09:34:38,23056.9,23053,600,23053.65,150,0,2039475
NIFTY-II.NFO,19/03/2025,09:34:40,23052.9,23052,525,23053.55,75,2025,2039475
NIFTY-II.NFO,19/03/2025,09:34:41,23052.9,23052,525,23052.5,750,0,2039475
NIFTY-II.NFO,19/03/2025,09:34:43,23051,23050.4,150,23051.1,225,1725,2039475
NIFTY-II.NFO,19/03/2025,09:34:45,23050,23048.4,150,23050.4,750,525,2039475
NIFTY-II.NFO,19/03/2025,09:34:46,23050.4,23048.4,150,23051.4,225,75,2039475
NIFTY-II.NFO,19/03/2025,09:34:48,23050.4,23048.4,150,23049.85,150,0,2039475
NIFTY-II.NFO,19/03/2025,09:34:50,23047.85,23047,75,23047.8,750,750,2039475
NIFTY-II.NFO,19/03/2025,09:34:51,23047.85,23047,75,23048.1,750,0,2039475
NIFTY-II.NFO,19/03/2025,09:34:53,23047,23046.95,75,23048.55,150,150,2039475
NIFTY-II.NFO,19/03/2025,09:34:55,23047,23046.95,75,23048.25,750,0,2039475
NIFTY-II.NFO,19/03/2025,09:34:56,23047,23046.95,75,23050.45,750,0,2039475
NIFTY-II.NFO,19/03/2025,09:34:58,23047,23046.95,75,23048,600,0,2039475
NIFTY-II.NFO,19/03/2025,09:35:00,23047,23047.05,75,23048,600,0,2039475
NIFTY-II.NFO,19/03/2025,09:35:01,23046.95,23045.05,75,23048,600,150,2039475
NIFTY-II.NFO,19/03/2025,09:35:03,23046.95,23045.15,300,23048,600,0,2039475
NIFTY-II.NFO,19/03/2025,09:35:05,23048,23048.65,300,23050,75,600,2039475
NIFTY-II.NFO,19/03/2025,09:35:06,23048,23048.6,225,23050,75,600,2039475
NIFTY-II.NFO,19/03/2025,09:35:08,23048,23048,225,23050,75,0,2039475
NIFTY-II.NFO,19/03/2025,09:35:10,23050,23046.95,75,23048.85,150,75,2039475
NIFTY-II.NFO,19/03/2025,09:35:11,23048.3,23048,75,23049,75,75,2039475
NIFTY-II.NFO,19/03/2025,09:35:13,23046.25,23045.05,75,23048.55,375,825,2039475
NIFTY-II.NFO,19/03/2025,09:35:15,23048.35,23045.05,75,23050.15,375,75,2039475
NIFTY-II.NFO,19/03/2025,09:35:16,23045.05,23045,450,23048.7,750,75,2039475
NIFTY-II.NFO,19/03/2025,09:35:18,23048,23045,450,23047.55,375,75,2039475
NIFTY-II.NFO,19/03/2025,09:35:20,23048,23045,525,23047.7,375,0,2039475
NIFTY-II.NFO,19/03/2025,09:35:21,23048.3,23045,450,23047.9,150,375,2039475
NIFTY-II.NFO,19/03/2025,09:35:23,23045,23045,150,23047.6,150,300,2039475
NIFTY-II.NFO,19/03/2025,09:35:25,23045,23045,150,23046.05,900,0,2039475
NIFTY-II.NFO,19/03/2025,09:35:26,23042.35,23040.45,75,23041.3,375,1500,2039475
NIFTY-II.NFO,19/03/2025,09:35:28,23040.4,23038,675,23039.5,375,450,2039475
NIFTY-II.NFO,19/03/2025,09:35:30,23040.4,23038,675,23041.3,750,0,2039475
NIFTY-II.NFO,19/03/2025,09:35:31,23040.4,23038,675,23038.75,450,0,2039475
NIFTY-II.NFO,19/03/2025,09:35:33,23035,23032,75,23034.5,150,1725,2039475
NIFTY-II.NFO,19/03/2025,09:35:35,23030,23030,450,23030.2,375,975,2039475
NIFTY-II.NFO,19/03/2025,09:35:36,23029.75,23028,75,23030.1,150,600,2039475
NIFTY-II.NFO,19/03/2025,09:35:38,23028,23025.1,1350,23029.2,300,150,2039475
NIFTY-II.NFO,19/03/2025,09:35:40,23031.1,23025.65,150,23031.65,75,75,2039475
NIFTY-II.NFO,19/03/2025,09:35:41,23031.1,23029.75,75,23033.8,75,0,2039475
NIFTY-II.NFO,19/03/2025,09:35:43,23031.1,23029.75,75,23032.3,75,0,2039475
NIFTY-II.NFO,19/03/2025,09:35:45,23029.75,23025.1,1350,23029.35,375,150,2039475
NIFTY-II.NFO,19/03/2025,09:35:46,23025.1,23025.1,1275,23030.7,375,75,2039475
NIFTY-II.NFO,19/03/2025,09:35:48,23025.1,23025.35,375,23031.1,75,0,2039475
NIFTY-II.NFO,19/03/2025,09:35:50,23025.35,23025.3,150,23030.35,750,300,2039475
NIFTY-II.NFO,19/03/2025,09:35:51,23025.1,23025.15,75,23029.75,600,975,2039475
NIFTY-II.NFO,19/03/2025,09:35:53,23026.35,23025.65,300,23029.75,600,75,2039475
NIFTY-II.NFO,19/03/2025,09:35:55,23026.35,23025.6,150,23029.75,600,0,2039475
NIFTY-II.NFO,19/03/2025,09:35:56,23025.1,23025.1,300,23029.75,600,300,2039475
NIFTY-II.NFO,19/03/2025,09:35:58,23025.1,23025.1,300,23025.6,75,0,2039475
NIFTY-II.NFO,19/03/2025,09:36:00,23025.1,23025.1,300,23025.55,300,0,2039475
NIFTY-II.NFO,19/03/2025,09:36:01,23022.65,23020.05,75,23021.05,750,2325,2039475
NIFTY-II.NFO,19/03/2025,09:36:01,23022,23020.05,75,23021.05,750,0,2039475
NIFTY-II.NFO,19/03/2025,09:36:03,23020,23015.1,75,23020.8,150,1875,2039475
NIFTY-II.NFO,19/03/2025,09:36:03,23020,23015.1,75,23020.8,150,0,2039475
NIFTY-II.NFO,19/03/2025,09:36:05,23020,23015.1,75,23018.85,750,0,2039475
NIFTY-II.NFO,19/03/2025,09:36:06,23019.9,23015.5,300,23022.3,1500,75,2039475
NIFTY-II.NFO,19/03/2025,09:36:06,23019.9,23015.5,300,23022.3,1500,0,2039475
NIFTY-II.NFO,19/03/2025,09:36:08,23019.9,23019.5,75,23023.8,300,0,2039475
NIFTY-II.NFO,19/03/2025,09:36:10,23019.9,23019.5,75,23020,600,0,2039475
NIFTY-II.NFO,19/03/2025,09:36:11,23019.5,23019.45,225,23020,600,75,2039475
NIFTY-II.NFO,19/03/2025,09:36:11,23019.5,23019.45,225,23020,600,0,2039475
NIFTY-II.NFO,19/03/2025,09:36:13,23020,23019.4,150,23021,600,600,2039475
NIFTY-II.NFO,19/03/2025,09:36:15,23020,23019.4,150,23020.6,750,0,2039475
NIFTY-II.NFO,19/03/2025,09:36:16,23020,23016.6,150,23020.6,750,75,2039475
NIFTY-II.NFO,19/03/2025,09:36:18,23021,23016.6,150,23021,525,75,2039475
NIFTY-II.NFO,19/03/2025,09:36:20,23020,23016.6,150,23020,600,75,2039475
NIFTY-II.NFO,19/03/2025,09:36:21,23020,23016.6,150,23020,525,75,2039475
NIFTY-II.NFO,19/03/2025,09:36:23,23020,23016.6,150,23020,525,0,2039325
NIFTY-II.NFO,19/03/2025,09:36:26,23020,23019.55,750,23020,450,75,2039325
NIFTY-II.NFO,19/03/2025,09:36:28,23020,23019,150,23020,450,0,2039325
NIFTY-II.NFO,19/03/2025,09:36:30,23020,23016.6,375,23020,300,300,2039325
NIFTY-II.NFO,19/03/2025,09:36:30,23019,23016.6,375,23020,300,0,2039325
NIFTY-II.NFO,19/03/2025,09:36:31,23020,23018.35,300,23020,150,150,2039325
NIFTY-II.NFO,19/03/2025,09:36:33,23020,23016.6,300,23019.45,75,0,2039325
NIFTY-II.NFO,19/03/2025,09:36:35,23019.45,23019.2,375,23020,300,150,2039325
NIFTY-II.NFO,19/03/2025,09:36:35,23016.65,23019.2,375,23020,300,0,2039325
NIFTY-II.NFO,19/03/2025,09:36:36,23020.2,23020.2,375,23023.9,75,975,2039325
NIFTY-II.NFO,19/03/2025,09:36:38,23023.9,23023.9,150,23025,600,150,2039325
NIFTY-II.NFO,19/03/2025,09:36:40,23023.9,23023.9,150,23025,600,0,2039325
NIFTY-II.NFO,19/03/2025,09:36:41,23025,23023.9,150,23025,525,75,2039325
NIFTY-II.NFO,19/03/2025,09:36:43,23025,23023.9,75,23025,375,225,2039325
NIFTY-II.NFO,19/03/2025,09:36:45,23025,23023.9,75,23025,375,0,2039325
NIFTY-II.NFO,19/03/2025,09:36:46,23023.95,23023.9,75,23025.1,150,450,2039325
NIFTY-II.NFO,19/03/2025,09:36:48,23023.95,23023.9,75,23025.1,150,0,2039325
NIFTY-II.NFO,19/03/2025,09:36:51,23025.1,23023.9,75,23025.1,75,75,2039325
NIFTY-II.NFO,19/03/2025,09:36:53,23023.9,23023,1050,23024.05,1500,75,2039325
NIFTY-II.NFO,19/03/2025,09:36:55,23023.9,23023,1050,23025.1,75,0,2039325
NIFTY-II.NFO,19/03/2025,09:36:58,23023.9,23023,1050,23024.7,1500,0,2039325
NIFTY-II.NFO,19/03/2025,09:37:00,23023,23023,750,23024.6,300,1050,2039325
NIFTY-II.NFO,19/03/2025,09:37:01,23023,23023,750,23023.9,300,0,2039325
NIFTY-II.NFO,19/03/2025,09:37:03,23020.1,23020.05,75,23025.05,1125,825,2039325
NIFTY-II.NFO,19/03/2025,09:37:05,23024.6,23023,75,23024.5,300,225,2039325
NIFTY-II.NFO,19/03/2025,09:37:06,23024.6,23023,75,23025.05,300,0,2039325
NIFTY-II.NFO,19/03/2025,09:37:08,23023,23020.05,75,23024.9,1350,150,2039325
NIFTY-II.NFO,19/03/2025,09:37:10,23023,23020.05,75,23024.6,225,0,2039325
NIFTY-II.NFO,19/03/2025,09:37:11,23023,23021.25,375,23025.1,75,0,2039325
NIFTY-II.NFO,19/03/2025,09:37:13,23023,23021.2,75,23025.1,75,0,2039325
NIFTY-II.NFO,19/03/2025,09:37:14,23023,23021.2,75,23023.85,225,0,2039325
NIFTY-II.NFO,19/03/2025,09:37:16,23023,23023,75,23024.85,225,0,2039325
NIFTY-II.NFO,19/03/2025,09:37:18,23023,23023,75,23024.7,600,0,2039325
NIFTY-II.NFO,19/03/2025,09:37:19,23023,23023,150,23024.8,525,0,2039325
NIFTY-II.NFO,19/03/2025,09:37:21,23023,23023,150,23024.85,750,0,2039325
NIFTY-II.NFO,19/03/2025,09:37:23,23023,23024,600,23025.1,75,0,2039325
NIFTY-II.NFO,19/03/2025,09:37:24,23023,23024,600,23025,750,0,2039325
NIFTY-II.NFO,19/03/2025,09:37:26,23024,23024,525,23025.1,75,75,2039325
NIFTY-II.NFO,19/03/2025,09:37:28,23025,23024,525,23024.9,150,600,2039325
NIFTY-II.NFO,19/03/2025,09:37:29,23025,23024,525,23024.65,750,0,2039325
NIFTY-II.NFO,19/03/2025,09:37:31,23024.65,23024,525,23024.75,900,75,2039325
NIFTY-II.NFO,19/03/2025,09:37:33,23024,23023,150,23023.75,150,525,2039325
NIFTY-II.NFO,19/03/2025,09:37:34,23024,23023,150,23025,75,0,2039325
NIFTY-II.NFO,19/03/2025,09:37:38,23024,23023,150,23024,525,75,2039325
NIFTY-II.NFO,19/03/2025,09:37:39,23021,23021,525,23024,525,300,2039325
NIFTY-II.NFO,19/03/2025,09:37:41,23021,23021,525,23023,75,0,2039325
NIFTY-II.NFO,19/03/2025,09:37:43,23021,23021,525,23022.85,150,0,2039325
NIFTY-II.NFO,19/03/2025,09:37:44,23021,23021,525,23021.85,75,0,2039325
NIFTY-II.NFO,19/03/2025,09:37:49,23024,23021.05,300,23024,300,300,2039325
NIFTY-II.NFO,19/03/2025,09:37:51,23021.05,23021.5,75,23024,300,75,2039325
NIFTY-II.NFO,19/03/2025,09:37:52,23021,23021.45,150,23024,300,150,2039325
NIFTY-II.NFO,19/03/2025,09:37:54,23024,23021.45,150,23024,225,75,2039325
NIFTY-II.NFO,19/03/2025,09:37:56,23024,23021.45,150,23022.3,150,0,2039325
NIFTY-II.NFO,19/03/2025,09:37:57,23024,23021.45,300,23024,225,0,2039325
NIFTY-II.NFO,19/03/2025,09:37:59,23024,23021.4,150,23024,225,0,2039325
NIFTY-II.NFO,19/03/2025,09:38:01,23024,23021.4,150,23023.8,150,0,2039325
NIFTY-II.NFO,19/03/2025,09:38:04,23021.4,23021.4,75,23023.55,150,75,2039325
NIFTY-II.NFO,19/03/2025,09:38:06,23021.4,23021.4,300,23024,225,0,2039325
NIFTY-II.NFO,19/03/2025,09:38:07,23021.4,23022.05,225,23024,225,75,2039325
NIFTY-II.NFO,19/03/2025,09:38:09,23022.05,23022.05,150,23024,225,75,2039325
NIFTY-II.NFO,19/03/2025,09:38:11,23026,23024.95,375,23026,450,375,2039325
NIFTY-II.NFO,19/03/2025,09:38:12,23023.9,23022,600,23026,450,600,2039325
NIFTY-II.NFO,19/03/2025,09:38:14,23023.9,23022.5,75,23026,450,0,2039325
NIFTY-II.NFO,19/03/2025,09:38:17,23022.1,23024,375,23026,450,600,2039325
NIFTY-II.NFO,19/03/2025,09:38:19,23022.1,23024.55,375,23026,450,0,2039325
NIFTY-II.NFO,19/03/2025,09:38:21,23024.25,23024.5,150,23026,450,150,2039325
NIFTY-II.NFO,19/03/2025,09:38:22,23027,23027.55,300,23029,75,1050,2039325
NIFTY-II.NFO,19/03/2025,09:38:24,23027.5,23025.2,300,23029,75,75,2039325
NIFTY-II.NFO,19/03/2025,09:38:26,23027.5,23026.45,75,23029,75,0,2039325
NIFTY-II.NFO,19/03/2025,09:38:28,23027.5,23026.4,75,23029,75,0,2039325
NIFTY-II.NFO,19/03/2025,09:38:29,23027.5,23026.35,300,23029,75,0,2039325
NIFTY-II.NFO,19/03/2025,09:38:31,23026.35,23026.3,150,23029,75,75,2039325
NIFTY-II.NFO,19/03/2025,09:38:33,23029,23026.4,75,23029.75,75,75,2039325
NIFTY-II.NFO,19/03/2025,09:38:34,23029,23027.95,75,23029.75,75,0,2039325
NIFTY-II.NFO,19/03/2025,09:38:36,23034,23031.4,75,23035,600,1500,2039325
NIFTY-II.NFO,19/03/2025,09:38:38,23032.7,23032.85,75,23035,600,75,2039325
NIFTY-II.NFO,19/03/2025,09:38:39,23032.7,23033.05,75,23035,600,0,2039325
NIFTY-II.NFO,19/03/2025,09:38:41,23035,23032.8,225,23035,525,75,2039325
NIFTY-II.NFO,19/03/2025,09:38:43,23035,23034.85,75,23035,525,0,2039325
NIFTY-II.NFO,19/03/2025,09:38:44,23035,23034.8,150,23035,525,0,2039325
NIFTY-II.NFO,19/03/2025,09:38:46,23035,23034.75,75,23034.8,225,225,2039325
NIFTY-II.NFO,19/03/2025,09:38:48,23034.75,23034.05,75,23034.8,225,75,2039325
NIFTY-II.NFO,19/03/2025,09:38:49,23034,23030,600,23033.55,300,75,2039325
NIFTY-II.NFO,19/03/2025,09:38:51,23033.65,23030,600,23033.95,75,300,2039325
NIFTY-II.NFO,19/03/2025,09:38:53,23033.65,23030,600,23034,225,0,2039325
NIFTY-II.NFO,19/03/2025,09:38:56,23033.65,23030,600,23031.1,300,0,2039325
NIFTY-II.NFO,19/03/2025,09:38:58,23030,23030,525,23031.05,225,75,2039325
NIFTY-II.NFO,19/03/2025,09:38:59,23033.45,23030,525,23033.95,225,150,2039325
NIFTY-II.NFO,19/03/2025,09:39:01,23033.45,23030.1,600,23032.15,225,0,2039325
NIFTY-II.NFO,19/03/2025,09:39:03,23033.45,23030.1,600,23032.35,675,0,2039325
NIFTY-II.NFO,19/03/2025,09:39:04,23032.4,23030.1,600,23031.85,150,75,2039325
NIFTY-II.NFO,19/03/2025,09:39:06,23029.15,23026,600,23029.2,150,1500,2039325
NIFTY-II.NFO,19/03/2025,09:39:08,23028.65,23026,600,23029.85,75,75,2039325
NIFTY-II.NFO,19/03/2025,09:39:09,23028.65,23026.25,225,23032.75,1575,0,2039325
NIFTY-II.NFO,19/03/2025,09:39:11,23031,23026.35,300,23031,525,75,2039325
NIFTY-II.NFO,19/03/2025,09:39:13,23031,23026.3,300,23030.35,375,0,2039325
NIFTY-II.NFO,19/03/2025,09:39:14,23031,23026.25,300,23031,525,0,2039325
NIFTY-II.NFO,19/03/2025,09:39:16,23031,23027.6,300,23031,525,0,2039325
NIFTY-II.NFO,19/03/2025,09:39:18,23031,23028.35,300,23031,525,0,2039325
NIFTY-II.NFO,19/03/2025,09:39:19,23031,23028.3,300,23031,375,150,2039325
NIFTY-II.NFO,19/03/2025,09:39:21,23031,23028.3,300,23031,375,0,2039325
NIFTY-II.NFO,19/03/2025,09:39:24,23031,23028.25,75,23031,375,0,2039325
NIFTY-II.NFO,19/03/2025,09:39:26,23028.2,23027,600,23028,75,300,2039325
NIFTY-II.NFO,19/03/2025,09:39:28,23028.2,23027,600,23028,75,0,2042025
NIFTY-II.NFO,19/03/2025,09:39:29,23028.2,23027,600,23029.1,1500,0,2042025
NIFTY-II.NFO,19/03/2025,09:39:31,23028.2,23027,600,23029.75,750,0,2042025
NIFTY-II.NFO,19/03/2025,09:39:33,23029.05,23027,600,23027.95,900,150,2042025
NIFTY-II.NFO,19/03/2025,09:39:34,23026,23026,150,23026.85,75,1050,2042025
NIFTY-II.NFO,19/03/2025,09:39:36,23025.5,23025,150,23025.4,1050,525,2042025
NIFTY-II.NFO,19/03/2025,09:39:38,23025,23023.9,75,23024.75,300,150,2042025
NIFTY-II.NFO,19/03/2025,09:39:39,23025,23024,600,23024.85,300,0,2042025
NIFTY-II.NFO,19/03/2025,09:39:41,23023.05,23022,675,23022.9,750,825,2042025
NIFTY-II.NFO,19/03/2025,09:39:43,23021.5,23021.05,75,23021.3,225,750,2042025
NIFTY-II.NFO,19/03/2025,09:39:44,23020,23020,1200,23021.6,75,1200,2042025
NIFTY-II.NFO,19/03/2025,09:39:46,23020,23020,1125,23021.7,75,75,2042025
NIFTY-II.NFO,19/03/2025,09:39:48,23020,23020,1050,23024.1,75,75,2042025
NIFTY-II.NFO,19/03/2025,09:39:49,23020,23020,1050,23021.05,75,0,2042025
NIFTY-II.NFO,19/03/2025,09:39:51,23020,23020,900,23021.5,75,225,2042025
NIFTY-II.NFO,19/03/2025,09:39:53,23020,23020,825,23021.5,75,75,2042025
NIFTY-II.NFO,19/03/2025,09:39:54,23021.5,23020.65,300,23025,600,75,2042025
NIFTY-II.NFO,19/03/2025,09:39:56,23021.5,23020.6,75,23025,600,0,2042025
NIFTY-II.NFO,19/03/2025,09:39:58,23021.5,23020.55,75,23024,75,0,2042025
NIFTY-II.NFO,19/03/2025,09:39:59,23021.5,23020.5,150,23024,75,0,2042025
NIFTY-II.NFO,19/03/2025,09:40:01,23021.5,23020.55,300,23022,75,0,2042025
NIFTY-II.NFO,19/03/2025,09:40:03,23020.5,23020.5,75,23022,75,75,2042025
NIFTY-II.NFO,19/03/2025,09:40:04,23020.5,23020.5,300,23022,75,0,2042025
NIFTY-II.NFO,19/03/2025,09:40:06,23020.5,23020.45,150,23022,75,0,2042025
NIFTY-II.NFO,19/03/2025,09:40:08,23020.4,23020.4,75,23023.85,75,75,2042025
NIFTY-II.NFO,19/03/2025,09:40:09,23020.4,23020.35,75,23024,75,0,2042025
NIFTY-II.NFO,19/03/2025,09:40:11,23020.4,23020.3,75,23020.5,450,0,2042025
NIFTY-II.NFO,19/03/2025,09:40:13,23020.3,23020.25,375,23020.5,450,75,2042025
NIFTY-II.NFO,19/03/2025,09:40:14,23020.3,23020.2,375,23020.5,450,0,2042025
NIFTY-II.NFO,19/03/2025,09:40:16,23020.3,23020.15,300,23020.5,450,0,2042025
NIFTY-II.NFO,19/03/2025,09:40:18,23020.3,23020.1,375,23020.5,450,0,2042025
NIFTY-II.NFO,19/03/2025,09:40:19,23020.5,23020.1,375,23020.5,375,75,2042025
NIFTY-II.NFO,19/03/2025,09:40:21,23020.05,23020.15,300,23020.5,375,75,2042025
NIFTY-II.NFO,19/03/2025,09:40:23,23020.5,23020.15,300,23024,75,375,2042025
NIFTY-II.NFO,19/03/2025,09:40:24,23020.5,23020.75,300,23024,75,0,2042025
NIFTY-II.NFO,19/03/2025,09:40:28,23020.5,23022.35,300,23024,75,0,2042025
NIFTY-II.NFO,19/03/2025,09:40:29,23024.25,23024.25,300,23025,525,300,2042025
NIFTY-II.NFO,19/03/2025,09:40:31,23024.3,23024.25,75,23028,600,900,2042025
NIFTY-II.NFO,19/03/2025,09:40:32,23024.2,23024.2,300,23028,600,75,2042025
NIFTY-II.NFO,19/03/2025,09:40:34,23024.2,23024.2,75,23028,600,0,2042025
NIFTY-II.NFO,19/03/2025,09:40:36,23024.2,23024.15,300,23028,600,0,2042025
NIFTY-II.NFO,19/03/2025,09:40:38,23024.2,23024.1,75,23028,600,0,2042025
NIFTY-II.NFO,19/03/2025,09:40:39,23028,23025.95,75,23028,375,225,2042025
NIFTY-II.NFO,19/03/2025,09:40:41,23028,23026.25,75,23028,375,0,2042025
NIFTY-II.NFO,19/03/2025,09:40:43,23028,23027.4,75,23028,375,0,2042025
NIFTY-II.NFO,19/03/2025,09:40:44,23028,23027.5,75,23028,375,0,2042025
NIFTY-II.NFO,19/03/2025,09:40:46,23031,23028.05,75,23031,300,525,2042025
NIFTY-II.NFO,19/03/2025,09:40:48,23031,23027.5,75,23031,75,225,2042025
NIFTY-II.NFO,19/03/2025,09:40:49,23031,23027.35,225,23033,300,150,2042025
NIFTY-II.NFO,19/03/2025,09:40:51,23031,23028,150,23033.85,300,0,2042025
NIFTY-II.NFO,19/03/2025,09:40:53,23028,23028.25,75,23034,75,225,2042025
NIFTY-II.NFO,19/03/2025,09:40:54,23028,23028.2,75,23033.65,375,0,2042025
NIFTY-II.NFO,19/03/2025,09:40:56,23028,23028.3,75,23034,75,0,2042025
NIFTY-II.NFO,19/03/2025,09:40:58,23028,23028.25,450,23031,300,0,2042025
NIFTY-II.NFO,19/03/2025,09:40:59,23028,23030.4,75,23031,300,0,2042025
NIFTY-II.NFO,19/03/2025,09:41:01,23031,23030.35,300,23034,75,300,2042025
NIFTY-II.NFO,19/03/2025,09:41:03,23031.95,23032.1,75,23034,75,75,2042025
NIFTY-II.NFO,19/03/2025,09:41:04,23031.95,23032.05,300,23034,75,0,2042025
NIFTY-II.NFO,19/03/2025,09:41:09,23034,23032,300,23034.05,150,75,2042025
NIFTY-II.NFO,19/03/2025,09:41:11,23034,23032.4,150,23034.05,150,0,2042025
NIFTY-II.NFO,19/03/2025,09:41:13,23034,23032.35,300,23034.05,150,0,2042025
NIFTY-II.NFO,19/03/2025,09:41:14,23034,23033,150,23034.05,150,0,2042025
NIFTY-II.NFO,19/03/2025,09:41:16,23034,23034,75,23034.05,150,0,2042025
NIFTY-II.NFO,19/03/2025,09:41:19,23034,23034,150,23034.05,75,150,2042025
NIFTY-II.NFO,19/03/2025,09:41:21,23033,23033,75,23034.05,75,300,2042025
NIFTY-II.NFO,19/03/2025,09:41:23,23033,23033,75,23035,300,0,2042025
NIFTY-II.NFO,19/03/2025,09:41:24,23035,23030.7,75,23035,300,300,2042025
NIFTY-II.NFO,19/03/2025,09:41:26,23035,23030.45,75,23035,300,0,2042025
NIFTY-II.NFO,19/03/2025,09:41:28,23035,23030,75,23034.85,300,0,2042025
NIFTY-II.NFO,19/03/2025,09:41:29,23035,23030,75,23034.55,300,0,2042025
NIFTY-II.NFO,19/03/2025,09:41:31,23035,23030,75,23033.1,375,0,2042025
NIFTY-II.NFO,19/03/2025,09:41:33,23035,23030,75,23033.85,300,0,2042025
NIFTY-II.NFO,19/03/2025,09:41:34,23033,23030,75,23032.75,375,75,2042025
NIFTY-II.NFO,19/03/2025,09:41:36,23033,23030,75,23034.25,300,0,2042025
NIFTY-II.NFO,19/03/2025,09:41:38,23033,23030,75,23032.75,300,0,2042025
NIFTY-II.NFO,19/03/2025,09:41:39,23029.95,23025.05,75,23030.65,300,150,2042025
NIFTY-II.NFO,19/03/2025,09:41:41,23029.95,23025,525,23030.65,375,0,2042025
NIFTY-II.NFO,19/03/2025,09:41:43,23029.95,23025,150,23029.2,300,0,2042025
NIFTY-II.NFO,19/03/2025,09:41:44,23029.95,23025,150,23027.1,300,0,2042025
NIFTY-II.NFO,19/03/2025,09:41:46,23029.95,23025,150,23027.2,300,0,2042025
NIFTY-II.NFO,19/03/2025,09:41:48,23029.95,23025.1,600,23028.15,300,0,2042025
NIFTY-II.NFO,19/03/2025,09:41:49,23025.1,23025.1,450,23026.1,300,150,2042025
NIFTY-II.NFO,19/03/2025,09:41:51,23025.1,23025.05,75,23027.6,300,450,2042025
NIFTY-II.NFO,19/03/2025,09:41:53,23025.1,23025.05,75,23025.1,75,0,2042025
NIFTY-II.NFO,19/03/2025,09:41:54,23025,23025,225,23025.1,150,75,2042025
NIFTY-II.NFO,19/03/2025,09:41:56,23025,23024.95,300,23025.1,150,75,2042025
NIFTY-II.NFO,19/03/2025,09:41:58,23025,23024.05,300,23024.35,300,75,2042025
NIFTY-II.NFO,19/03/2025,09:41:59,23025,23024.05,375,23024.3,300,0,2042025
NIFTY-II.NFO,19/03/2025,09:42:01,23024,23024.05,525,23025,75,750,2042025
NIFTY-II.NFO,19/03/2025,09:42:03,23024,23024,525,23025,75,300,2042025
NIFTY-II.NFO,19/03/2025,09:42:04,23024,23024,150,23024.9,150,75,2042025
NIFTY-II.NFO,19/03/2025,09:42:06,23024,23024,150,23024.05,75,0,2042025
NIFTY-II.NFO,19/03/2025,09:42:08,23024,23024,75,23024.05,75,375,2042025
NIFTY-II.NFO,19/03/2025,09:42:09,23024.05,23024.05,300,23025,75,75,2042025
NIFTY-II.NFO,19/03/2025,09:42:11,23024.05,23024.15,300,23025,75,0,2042025
NIFTY-II.NFO,19/03/2025,09:42:13,23024.05,23024.05,300,23025,75,375,2042025
NIFTY-II.NFO,19/03/2025,09:42:14,23026,23025.65,225,23026,225,525,2042025
NIFTY-II.NFO,19/03/2025,09:42:16,23027,23027.5,225,23030,75,825,2042025
NIFTY-II.NFO,19/03/2025,09:42:18,23027.45,23027.45,300,23030,75,300,2042025
NIFTY-II.NFO,19/03/2025,09:42:19,23027.45,23028.3,225,23030,75,0,2042025
NIFTY-II.NFO,19/03/2025,09:42:21,23027.45,23029,225,23030,75,0,2042025
NIFTY-II.NFO,19/03/2025,09:42:23,23030,23030.4,225,23035,525,75,2045550
NIFTY-II.NFO,19/03/2025,09:42:24,23030,23031.05,75,23035,525,0,2045550
NIFTY-II.NFO,19/03/2025,09:42:26,23035,23033.45,225,23035,375,150,2045550
NIFTY-II.NFO,19/03/2025,09:42:28,23035,23033.4,375,23035,375,0,2045550
NIFTY-II.NFO,19/03/2025,09:42:29,23035,23033.35,300,23035,375,0,2045550
NIFTY-II.NFO,19/03/2025,09:42:31,23036,23035.4,300,23037,75,525,2045550
NIFTY-II.NFO,19/03/2025,09:42:33,23035.55,23035.35,375,23037,75,75,2045550
NIFTY-II.NFO,19/03/2025,09:42:34,23035.55,23035.4,1050,23037,75,0,2045550
NIFTY-II.NFO,19/03/2025,09:42:36,23035.55,23035.35,375,23037,75,0,2045550
NIFTY-II.NFO,19/03/2025,09:42:38,23037,23038.75,750,23039,75,75,2045550
NIFTY-II.NFO,19/03/2025,09:42:39,23041.9,23038.7,375,23044.3,300,825,2045550
NIFTY-II.NFO,19/03/2025,09:42:41,23041.9,23038.65,300,23043.9,300,0,2045550
NIFTY-II.NFO,19/03/2025,09:42:43,23041.9,23038.65,300,23042.65,300,0,2045550
NIFTY-II.NFO,19/03/2025,09:42:44,23041.9,23038.6,375,23044.1,375,0,2045550
NIFTY-II.NFO,19/03/2025,09:42:46,23041.9,23038.55,300,23044.1,375,0,2045550
NIFTY-II.NFO,19/03/2025,09:42:48,23041.9,23041,225,23042.95,300,0,2045550
NIFTY-II.NFO,19/03/2025,09:42:51,23041,23041,150,23043.75,300,75,2045550
NIFTY-II.NFO,19/03/2025,09:42:53,23041,23041,150,23044.25,300,0,2045550
NIFTY-II.NFO,19/03/2025,09:42:55,23040.45,23040.45,75,23040.55,300,825,2045550
NIFTY-II.NFO,19/03/2025,09:42:56,23040.95,23040,75,23040.95,150,150,2045550
NIFTY-II.NFO,19/03/2025,09:42:58,23040.95,23040,75,23041,75,150,2045550
NIFTY-II.NFO,19/03/2025,09:43:00,23042.3,23040,75,23042.45,150,150,2045550
NIFTY-II.NFO,19/03/2025,09:43:01,23042.3,23040.25,300,23045,75,0,2045550
NIFTY-II.NFO,19/03/2025,09:43:03,23042.3,23040.6,675,23045,75,0,2045550
NIFTY-II.NFO,19/03/2025,09:43:05,23040.3,23040.6,300,23045,75,150,2045550
NIFTY-II.NFO,19/03/2025,09:43:06,23045.95,23040.55,375,23045.8,75,225,2045550
NIFTY-II.NFO,19/03/2025,09:43:08,23045.95,23040.55,375,23045.5,150,0,2045550
NIFTY-II.NFO,19/03/2025,09:43:10,23045.95,23040.5,375,23045.45,750,0,2045550
NIFTY-II.NFO,19/03/2025,09:43:11,23045.95,23040.55,300,23046.45,525,0,2045550
NIFTY-II.NFO,19/03/2025,09:43:13,23045.95,23040.55,300,23045.95,75,0,2045550
NIFTY-II.NFO,19/03/2025,09:43:14,23045.95,23043.4,300,23045.95,75,225,2045550
NIFTY-II.NFO,19/03/2025,09:43:16,23045.95,23044.75,300,23047.5,600,75,2045550
NIFTY-II.NFO,19/03/2025,09:43:18,23045.95,23045.15,300,23047.5,600,75,2045550
NIFTY-II.NFO,19/03/2025,09:43:19,23045.95,23045.15,675,23047.5,600,0,2045550
NIFTY-II.NFO,19/03/2025,09:43:21,23045.95,23045.1,150,23046,600,0,2045550
NIFTY-II.NFO,19/03/2025,09:43:23,23045.95,23045.05,300,23046,600,0,2045550
NIFTY-II.NFO,19/03/2025,09:43:24,23045.95,23045,150,23046,600,0,2045550
NIFTY-II.NFO,19/03/2025,09:43:26,23046,23044.05,150,23046,525,75,2045550
NIFTY-II.NFO,19/03/2025,09:43:28,23044,23044,225,23046,525,75,2045550
NIFTY-II.NFO,19/03/2025,09:43:29,23044,23043.95,375,23046,525,0,2045550
NIFTY-II.NFO,19/03/2025,09:43:31,23046,23043.9,300,23046,225,300,2045550
NIFTY-II.NFO,19/03/2025,09:43:33,23043.85,23043.85,225,23046,225,75,2045550
NIFTY-II.NFO,19/03/2025,09:43:34,23043.85,23043.8,225,23046,450,300,2045550
NIFTY-II.NFO,19/03/2025,09:43:36,23046,23045.55,150,23046,375,75,2045550
NIFTY-II.NFO,19/03/2025,09:43:38,23045.75,23045.5,150,23047.5,300,975,2045550
NIFTY-II.NFO,19/03/2025,09:43:39,23047.5,23046.3,300,23049,75,300,2045550
NIFTY-II.NFO,19/03/2025,09:43:41,23047.5,23046.7,375,23049,75,0,2045550
NIFTY-II.NFO,19/03/2025,09:43:42,23050,23048.55,300,23050,900,150,2045550
NIFTY-II.NFO,19/03/2025,09:43:44,23052,23051.95,75,23054,75,2175,2045550
NIFTY-II.NFO,19/03/2025,09:43:46,23055,23054.1,75,23057,600,150,2045550
NIFTY-II.NFO,19/03/2025,09:43:47,23055,23054.8,375,23057,600,0,2045550
NIFTY-II.NFO,19/03/2025,09:43:49,23055,23055.35,75,23057,600,0,2045550
NIFTY-II.NFO,19/03/2025,09:43:51,23057,23055.3,150,23057,375,225,2045550
NIFTY-II.NFO,19/03/2025,09:43:52,23057,23056,75,23057,375,0,2045550
NIFTY-II.NFO,19/03/2025,09:43:54,23057,23056,75,23059.1,300,375,2045550
NIFTY-II.NFO,19/03/2025,09:43:56,23059.75,23055.5,150,23059.85,300,150,2045550
NIFTY-II.NFO,19/03/2025,09:43:57,23059.85,23055.45,150,23058.5,375,75,2045550
NIFTY-II.NFO,19/03/2025,09:43:59,23059.85,23056.1,600,23057.25,300,0,2045550
NIFTY-II.NFO,19/03/2025,09:44:01,23057,23056.1,600,23056.7,75,150,2045550
NIFTY-II.NFO,19/03/2025,09:44:02,23056.15,23051.9,75,23054.6,150,1650,2045550
NIFTY-II.NFO,19/03/2025,09:44:04,23054.65,23050,600,23056.5,375,450,2045550
NIFTY-II.NFO,19/03/2025,09:44:06,23054.65,23050,600,23056,750,0,2045550
NIFTY-II.NFO,19/03/2025,09:44:07,23054.65,23050,600,23055.5,150,0,2045550
NIFTY-II.NFO,19/03/2025,09:44:09,23054.65,23055,75,23056.3,150,0,2045550
NIFTY-II.NFO,19/03/2025,09:44:11,23060,23055,75,23059.2,375,150,2045550
NIFTY-II.NFO,19/03/2025,09:44:12,23060,23055,75,23059.1,150,0,2045550
NIFTY-II.NFO,19/03/2025,09:44:14,23055.5,23055,75,23059.1,75,600,2045550
NIFTY-II.NFO,19/03/2025,09:44:16,23055.5,23055,75,23060,675,0,2045550
NIFTY-II.NFO,19/03/2025,09:44:17,23060,23056.6,300,23060,600,75,2045550
NIFTY-II.NFO,19/03/2025,09:44:19,23060,23056.55,150,23060,600,0,2045550
NIFTY-II.NFO,19/03/2025,09:44:21,23059.95,23055.9,150,23060,600,75,2045550
NIFTY-II.NFO,19/03/2025,09:44:22,23059.95,23055,450,23060,600,0,2045550
NIFTY-II.NFO,19/03/2025,09:44:24,23055.9,23055,75,23059.5,150,150,2045550
NIFTY-II.NFO,19/03/2025,09:44:26,23055.9,23055,75,23059.55,150,0,2045550
NIFTY-II.NFO,19/03/2025,09:44:27,23055,23054.65,750,23055,450,75,2045550
NIFTY-II.NFO,19/03/2025,09:44:29,23055,23054.65,750,23055,75,375,2045550
NIFTY-II.NFO,19/03/2025,09:44:31,23055,23054.7,300,23055,75,0,2045550
NIFTY-II.NFO,19/03/2025,09:44:32,23055,23055.35,300,23060,525,75,2045550
NIFTY-II.NFO,19/03/2025,09:44:34,23056,23056.4,300,23060,525,600,2045550
NIFTY-II.NFO,19/03/2025,09:44:36,23056,23056.85,300,23060,525,0,2045550
NIFTY-II.NFO,19/03/2025,09:44:37,23056,23056.8,150,23056.95,300,0,2045550
NIFTY-II.NFO,19/03/2025,09:44:39,23056.95,23057.25,300,23059.95,75,300,2045550
NIFTY-II.NFO,19/03/2025,09:44:41,23059.95,23058.05,300,23060,525,75,2045550
NIFTY-II.NFO,19/03/2025,09:44:42,23060,23058.15,300,23060,375,150,2045550
NIFTY-II.NFO,19/03/2025,09:44:44,23060,23058.1,150,23060,75,300,2045550
NIFTY-II.NFO,19/03/2025,09:44:46,23060,23058.1,300,23060,75,0,2045550
NIFTY-II.NFO,19/03/2025,09:44:47,23058.2,23058.05,150,23060,75,75,2045550
NIFTY-II.NFO,19/03/2025,09:44:49,23058.2,23058,600,23060,75,0,2045550
NIFTY-II.NFO,19/03/2025,09:44:51,23058.2,23058,450,23060,75,0,2045550
NIFTY-II.NFO,19/03/2025,09:44:52,23058.2,23058.1,600,23060,75,0,2045550
NIFTY-II.NFO,19/03/2025,09:44:54,23058.2,23058.1,600,23059,75,0,2045550
NIFTY-II.NFO,19/03/2025,09:44:56,23058.2,23058.15,225,23059,75,0,2045550
NIFTY-II.NFO,19/03/2025,09:44:57,23058.2,23058.25,225,23059,75,0,2045550
NIFTY-II.NFO,19/03/2025,09:44:59,23065,23059.5,225,23065,75,375,2045550
NIFTY-II.NFO,19/03/2025,09:45:01,23066,23066.5,225,23069.9,75,300,2045550
NIFTY-II.NFO,19/03/2025,09:45:02,23066,23064.6,150,23069.7,750,0,2045550
NIFTY-II.NFO,19/03/2025,09:45:04,23069.9,23066.05,225,23070,1125,75,2045550
NIFTY-II.NFO,19/03/2025,09:45:06,23069.9,23066,300,23070,1125,0,2045550
NIFTY-II.NFO,19/03/2025,09:45:07,23069.9,23066,75,23069.95,375,150,2045550
NIFTY-II.NFO,19/03/2025,09:45:09,23069.9,23066,75,23069.2,300,0,2045550
NIFTY-II.NFO,19/03/2025,09:45:11,23069.9,23066,75,23069.25,375,0,2045550
NIFTY-II.NFO,19/03/2025,09:45:12,23069.9,23066,75,23070,1125,0,2045550
NIFTY-II.NFO,19/03/2025,09:45:14,23069.75,23066,75,23069.75,150,825,2045550
NIFTY-II.NFO,19/03/2025,09:45:16,23069.75,23066,75,23068.45,150,0,2045550
NIFTY-II.NFO,19/03/2025,09:45:17,23066.1,23066.1,300,23066.15,150,1050,2045550
NIFTY-II.NFO,19/03/2025,09:45:19,23066,23065,600,23066.75,750,450,2045550
NIFTY-II.NFO,19/03/2025,09:45:21,23060,23060,75,23063.95,75,675,2045550
NIFTY-II.NFO,19/03/2025,09:45:22,23060,23058.1,600,23063.95,75,75,2048025
NIFTY-II.NFO,19/03/2025,09:45:24,23060,23060.05,75,23063.05,75,0,2048025
NIFTY-II.NFO,19/03/2025,09:45:26,23060.05,23060,600,23063.1,450,75,2048025
NIFTY-II.NFO,19/03/2025,09:45:27,23060,23060,525,23062,600,75,2048025
NIFTY-II.NFO,19/03/2025,09:45:29,23060,23060,450,23062,525,150,2048025
NIFTY-II.NFO,19/03/2025,09:45:31,23060,23060,375,23062,600,75,2048025
NIFTY-II.NFO,19/03/2025,09:45:32,23060,23058.1,600,23060,75,375,2048025
NIFTY-II.NFO,19/03/2025,09:45:34,23060,23058.1,600,23060,75,0,2048025
NIFTY-II.NFO,19/03/2025,09:45:36,23060,23058.15,300,23060,75,0,2048025
NIFTY-II.NFO,19/03/2025,09:45:37,23060,23058.15,75,23060,75,0,2048025
NIFTY-II.NFO,19/03/2025,09:45:39,23060,23058.1,750,23060,75,0,2048025
NIFTY-II.NFO,19/03/2025,09:45:41,23060,23058.1,600,23062,525,75,2048025
NIFTY-II.NFO,19/03/2025,09:45:42,23060,23058.1,600,23061.95,225,0,2048025
NIFTY-II.NFO,19/03/2025,09:45:44,23060,23058.1,600,23062,525,0,2048025
NIFTY-II.NFO,19/03/2025,09:45:46,23062,23058.15,300,23062,150,375,2048025
NIFTY-II.NFO,19/03/2025,09:45:47,23062,23058.25,300,23062,75,75,2048025
NIFTY-II.NFO,19/03/2025,09:45:49,23058.25,23058.25,300,23060,75,150,2048025
NIFTY-II.NFO,19/03/2025,09:45:51,23060,23058.25,300,23062,75,75,2048025
NIFTY-II.NFO,19/03/2025,09:45:54,23062,23058.25,300,23062.8,75,75,2048025
NIFTY-II.NFO,19/03/2025,09:45:56,23062,23058.2,150,23060,75,0,2048025
NIFTY-II.NFO,19/03/2025,09:45:57,23058.1,23058.1,300,23060,75,375,2048025
NIFTY-II.NFO,19/03/2025,09:45:59,23058.1,23058.1,300,23060,75,0,2048025
NIFTY-II.NFO,19/03/2025,09:46:01,23060,23058.1,300,23060.55,150,75,2048025
NIFTY-II.NFO,19/03/2025,09:46:02,23060,23058.1,300,23058.95,75,0,2048025
NIFTY-II.NFO,19/03/2025,09:46:04,23058.6,23058.1,300,23058.45,150,150,2048025
NIFTY-II.NFO,19/03/2025,09:46:06,23058,23058,75,23058.95,75,675,2048025
NIFTY-II.NFO,19/03/2025,09:46:07,23058,23057.55,75,23057.85,375,150,2048025
NIFTY-II.NFO,19/03/2025,09:46:09,23057,23056.1,75,23057.1,150,675,2048025
NIFTY-II.NFO,19/03/2025,09:46:11,23058.5,23056.1,75,23058.2,375,75,2048025
NIFTY-II.NFO,19/03/2025,09:46:12,23056.1,23055.05,75,23055.8,150,75,2048025
NIFTY-II.NFO,19/03/2025,09:46:14,23055.05,23054.05,150,23056.1,150,150,2048025
NIFTY-II.NFO,19/03/2025,09:46:16,23055.05,23054.05,150,23057,150,0,2048025
NIFTY-II.NFO,19/03/2025,09:46:17,23056.1,23054.05,150,23056.2,75,375,2048025
NIFTY-II.NFO,19/03/2025,09:46:19,23054.05,23054,900,23055.05,75,75,2048025
NIFTY-II.NFO,19/03/2025,09:46:21,23055.35,23054,675,23055,375,300,2048025
NIFTY-II.NFO,19/03/2025,09:46:22,23055.35,23054.05,300,23054.15,375,0,2048025
NIFTY-II.NFO,19/03/2025,09:46:24,23055,23054.25,225,23055,300,450,2048025
NIFTY-II.NFO,19/03/2025,09:46:26,23055,23054.45,300,23055,300,0,2048025
NIFTY-II.NFO,19/03/2025,09:46:27,23056.5,23056.45,300,23056.5,300,600,2048025
NIFTY-II.NFO,19/03/2025,09:46:29,23056.5,23056.4,75,23056.5,300,0,2048025
NIFTY-II.NFO,19/03/2025,09:46:31,23056.5,23055,150,23056.5,300,0,2048025
NIFTY-II.NFO,19/03/2025,09:46:32,23055,23055,75,23056.5,300,75,2048025
NIFTY-II.NFO,19/03/2025,09:46:34,23055,23055,75,23056.5,300,0,2048025
NIFTY-II.NFO,19/03/2025,09:46:36,23055,23055.05,75,23056.5,300,0,2048025
NIFTY-II.NFO,19/03/2025,09:46:37,23056.5,23055.05,75,23056,150,75,2048025
NIFTY-II.NFO,19/03/2025,09:46:39,23056,23055,150,23056,75,150,2048025
NIFTY-II.NFO,19/03/2025,09:46:41,23056,23055,75,23056.5,225,75,2048025
NIFTY-II.NFO,19/03/2025,09:46:42,23056.5,23055,75,23055.5,600,150,2048025
NIFTY-II.NFO,19/03/2025,09:46:44,23056.5,23055,75,23055.5,600,0,2048025
NIFTY-II.NFO,19/03/2025,09:46:46,23055.5,23054.1,75,23055.5,525,75,2048025
NIFTY-II.NFO,19/03/2025,09:46:47,23055.5,23054.1,75,23055.5,525,0,2048025
NIFTY-II.NFO,19/03/2025,09:46:51,23055.5,23055.05,225,23055.5,525,0,2048025
NIFTY-II.NFO,19/03/2025,09:46:52,23055.5,23055.1,225,23055.5,525,0,2048025
NIFTY-II.NFO,19/03/2025,09:46:54,23055.5,23055.55,75,23056.5,75,525,2048025
NIFTY-II.NFO,19/03/2025,09:46:56,23059,23057.5,75,23059,450,300,2048025
NIFTY-II.NFO,19/03/2025,09:46:58,23059,23058.7,75,23059,450,0,2048025
NIFTY-II.NFO,19/03/2025,09:46:59,23059,23058.95,75,23060,75,450,2048025
NIFTY-II.NFO,19/03/2025,09:47:01,23060,23059.95,300,23062,75,75,2048025
NIFTY-II.NFO,19/03/2025,09:47:03,23060,23059.95,300,23062,75,0,2048025
NIFTY-II.NFO,19/03/2025,09:47:04,23060,23060.85,75,23062,75,0,2048025
NIFTY-II.NFO,19/03/2025,09:47:06,23063.45,23063.7,75,23065,675,225,2048025
NIFTY-II.NFO,19/03/2025,09:47:08,23066,23066.45,75,23069,75,1350,2048025
NIFTY-II.NFO,19/03/2025,09:47:09,23070,23069.45,75,23071,600,1350,2048025
NIFTY-II.NFO,19/03/2025,09:47:11,23075,23072,75,23075,450,1050,2048025
NIFTY-II.NFO,19/03/2025,09:47:13,23071.95,23071.9,300,23075,300,225,2048025
NIFTY-II.NFO,19/03/2025,09:47:14,23071.9,23071.9,300,23075,300,75,2048025
NIFTY-II.NFO,19/03/2025,09:47:16,23071.9,23071.3,75,23074,75,0,2048025
NIFTY-II.NFO,19/03/2025,09:47:18,23071.9,23071.5,75,23074,75,0,2048025
NIFTY-II.NFO,19/03/2025,09:47:19,23072.3,23071.45,75,23074,75,300,2048025
NIFTY-II.NFO,19/03/2025,09:47:21,23074,23072.1,75,23075,525,75,2048025
NIFTY-II.NFO,19/03/2025,09:47:23,23072.05,23071.3,75,23075,525,300,2048025
NIFTY-II.NFO,19/03/2025,09:47:24,23072.05,23071.3,75,23074.95,75,0,2048025
NIFTY-II.NFO,19/03/2025,09:47:26,23072.05,23071,600,23075,525,0,2048025
NIFTY-II.NFO,19/03/2025,09:47:28,23075,23071.05,75,23075.2,75,600,2048025
NIFTY-II.NFO,19/03/2025,09:47:29,23075,23071,600,23075,75,0,2048025
NIFTY-II.NFO,19/03/2025,09:47:31,23075,23072.05,75,23074.25,300,75,2048025
NIFTY-II.NFO,19/03/2025,09:47:33,23074.25,23072.05,75,23073.75,375,75,2048025
NIFTY-II.NFO,19/03/2025,09:47:34,23073.75,23072.05,75,23073.1,300,75,2048025
NIFTY-II.NFO,19/03/2025,09:47:36,23073.75,23072.05,75,23073.65,300,0,2048025
NIFTY-II.NFO,19/03/2025,09:47:38,23075.15,23072.05,75,23075.15,300,225,2048025
NIFTY-II.NFO,19/03/2025,09:47:39,23070,23073,75,23073.95,300,975,2048025
NIFTY-II.NFO,19/03/2025,09:47:41,23070,23073,75,23075.15,225,0,2048025
NIFTY-II.NFO,19/03/2025,09:47:44,23075.15,23073,75,23075.15,150,75,2048025
NIFTY-II.NFO,19/03/2025,09:47:46,23075.15,23073,75,23075.2,75,0,2048025
NIFTY-II.NFO,19/03/2025,09:47:48,23075.2,23073,75,23075.9,150,75,2048025
NIFTY-II.NFO,19/03/2025,09:47:49,23073,23075.2,75,23075.85,150,75,2048025
NIFTY-II.NFO,19/03/2025,09:47:51,23075.55,23075.2,75,23075.8,75,75,2048025
NIFTY-II.NFO,19/03/2025,09:47:53,23075.55,23075.2,225,23075.6,75,0,2048025
NIFTY-II.NFO,19/03/2025,09:47:56,23075.2,23073,75,23075.55,75,225,2048025
NIFTY-II.NFO,19/03/2025,09:47:58,23075.15,23073,75,23074.65,150,75,2048025
NIFTY-II.NFO,19/03/2025,09:47:59,23075.15,23073,75,23074.15,75,0,2048025
NIFTY-II.NFO,19/03/2025,09:48:01,23074.55,23073,75,23074.65,825,75,2048025
NIFTY-II.NFO,19/03/2025,09:48:03,23074.55,23073,75,23075.3,75,0,2048025
NIFTY-II.NFO,19/03/2025,09:48:04,23074.55,23073,75,23075.1,150,0,2048025
NIFTY-II.NFO,19/03/2025,09:48:06,23073,23072.05,750,23073.75,75,150,2048025
NIFTY-II.NFO,19/03/2025,09:48:08,23072.05,23070,525,23071.55,75,750,2048025
NIFTY-II.NFO,19/03/2025,09:48:09,23072.45,23070,525,23073.05,300,75,2048025
NIFTY-II.NFO,19/03/2025,09:48:11,23072.45,23070,525,23073.5,300,0,2048025
NIFTY-II.NFO,19/03/2025,09:48:13,23073.7,23072.15,75,23072.85,225,75,2048025
NIFTY-II.NFO,19/03/2025,09:48:14,23066.05,23066.05,375,23072.9,150,1575,2048025
NIFTY-II.NFO,19/03/2025,09:48:16,23072.85,23066,300,23071.9,150,75,2048025
NIFTY-II.NFO,19/03/2025,09:48:18,23072.85,23066.05,300,23072.15,75,0,2048025
NIFTY-II.NFO,19/03/2025,09:48:19,23072.85,23066.05,300,23071.95,225,0,2048025
NIFTY-II.NFO,19/03/2025,09:48:21,23072.85,23066,300,23071.6,150,0,2048025
NIFTY-II.NFO,19/03/2025,09:48:23,23072.85,23066.15,375,23072,150,0,2048025
NIFTY-II.NFO,19/03/2025,09:48:24,23072.85,23066.15,300,23072,150,0,2048025
NIFTY-II.NFO,19/03/2025,09:48:26,23072.85,23066.05,300,23070,75,0,2048025
NIFTY-II.NFO,19/03/2025,09:48:28,23072.85,23066.45,375,23070,75,0,2048025
NIFTY-II.NFO,19/03/2025,09:48:29,23066.55,23067.4,375,23070,75,75,2052450
NIFTY-II.NFO,19/03/2025,09:48:31,23067.7,23069.05,600,23070,150,75,2052450
NIFTY-II.NFO,19/03/2025,09:48:33,23067.7,23068,225,23070,150,0,2052450
NIFTY-II.NFO,19/03/2025,09:48:34,23067.7,23066.7,600,23070,150,0,2052450
NIFTY-II.NFO,19/03/2025,09:48:36,23067.7,23068.7,675,23070,150,0,2052450
NIFTY-II.NFO,19/03/2025,09:48:38,23071,23070.8,675,23071,375,375,2052450
NIFTY-II.NFO,19/03/2025,09:48:39,23071.1,23071.9,75,23072,75,450,2052450
NIFTY-II.NFO,19/03/2025,09:48:41,23071.1,23071.95,525,23072,75,0,2052450
NIFTY-II.NFO,19/03/2025,09:48:43,23072.85,23072.8,375,23075,150,225,2052450
NIFTY-II.NFO,19/03/2025,09:48:44,23072.05,23071.95,300,23075,150,75,2052450
NIFTY-II.NFO,19/03/2025,09:48:46,23072.4,23072.4,225,23075,150,75,2052450
NIFTY-II.NFO,19/03/2025,09:48:48,23072.4,23072.5,225,23075,150,0,2052450
NIFTY-II.NFO,19/03/2025,09:48:49,23075,23072.75,300,23075,75,75,2052450
NIFTY-II.NFO,19/03/2025,09:48:51,23075,23076,300,23079,375,75,2052450
NIFTY-II.NFO,19/03/2025,09:48:53,23075,23076,300,23079,375,0,2052450
NIFTY-II.NFO,19/03/2025,09:48:54,23076,23076,300,23079,375,75,2052450
NIFTY-II.NFO,19/03/2025,09:48:56,23078,23075.05,300,23078,375,150,2052450
NIFTY-II.NFO,19/03/2025,09:48:58,23078,23075.05,300,23078,375,0,2052450
NIFTY-II.NFO,19/03/2025,09:48:59,23078,23076.65,300,23078,150,375,2052450
NIFTY-II.NFO,19/03/2025,09:49:01,23076,23076,375,23077,600,75,2052450
NIFTY-II.NFO,19/03/2025,09:49:03,23076,23076,375,23077,600,0,2052450
NIFTY-II.NFO,19/03/2025,09:49:04,23076,23076,225,23077,600,150,2052450
NIFTY-II.NFO,19/03/2025,09:49:06,23076,23076,225,23077,600,0,2052450
NIFTY-II.NFO,19/03/2025,09:49:08,23076,23076.05,75,23077,600,0,2052450
NIFTY-II.NFO,19/03/2025,09:49:09,23077,23076.05,75,23077,525,75,2052450
NIFTY-II.NFO,19/03/2025,09:49:11,23076,23076.05,75,23077,525,150,2052450
NIFTY-II.NFO,19/03/2025,09:49:13,23076,23076,150,23077,525,75,2052450
NIFTY-II.NFO,19/03/2025,09:49:14,23077,23076,150,23077,450,75,2052450
NIFTY-II.NFO,19/03/2025,09:49:18,23076,23076,75,23077,450,150,2052450
NIFTY-II.NFO,19/03/2025,09:49:19,23076,23075.05,75,23076.05,600,75,2052450
NIFTY-II.NFO,19/03/2025,09:49:21,23076,23075.05,75,23076.05,600,0,2052450
NIFTY-II.NFO,19/03/2025,09:49:23,23076,23075.05,75,23076,600,150,2052450
NIFTY-II.NFO,19/03/2025,09:49:24,23076,23075.05,75,23076.05,525,0,2052450
NIFTY-II.NFO,19/03/2025,09:49:26,23075,23075,675,23077,525,525,2052450
NIFTY-II.NFO,19/03/2025,09:49:27,23075,23075,675,23077,525,0,2052450
NIFTY-II.NFO,19/03/2025,09:49:29,23075,23075,600,23077,450,75,2052450
NIFTY-II.NFO,19/03/2025,09:49:31,23075,23075.05,150,23076.95,600,75,2052450
NIFTY-II.NFO,19/03/2025,09:49:32,23075,23075.05,150,23076.95,600,0,2052450
NIFTY-II.NFO,19/03/2025,09:49:34,23075.05,23075,225,23076.4,600,150,2052450
NIFTY-II.NFO,19/03/2025,09:49:35,23075,23072.45,300,23075.6,675,225,2052450
NIFTY-II.NFO,19/03/2025,09:49:37,23075,23072.45,300,23076.75,675,0,2052450
NIFTY-II.NFO,19/03/2025,09:49:39,23072.45,23072.4,75,23076.75,675,525,2052450
NIFTY-II.NFO,19/03/2025,09:49:40,23072.45,23073.05,75,23075,75,0,2052450
NIFTY-II.NFO,19/03/2025,09:49:42,23073.05,23072.4,75,23075,75,75,2052450
NIFTY-II.NFO,19/03/2025,09:49:43,23073.05,23072.4,75,23075,75,0,2052450
NIFTY-II.NFO,19/03/2025,09:49:45,23075,23072.4,75,23076,675,75,2052450
NIFTY-II.NFO,19/03/2025,09:49:47,23075,23072.45,75,23075,450,75,2052450
NIFTY-II.NFO,19/03/2025,09:49:48,23075,23072.4,75,23075,450,0,2052450
NIFTY-II.NFO,19/03/2025,09:49:50,23072.45,23072.4,75,23075,375,150,2052450
NIFTY-II.NFO,19/03/2025,09:49:52,23072.45,23072.4,75,23074.9,600,0,2052450
NIFTY-II.NFO,19/03/2025,09:49:55,23072.4,23072,600,23074.9,600,75,2052450
NIFTY-II.NFO,19/03/2025,09:49:57,23072,23072,525,23074.9,525,150,2052450
NIFTY-II.NFO,19/03/2025,09:49:58,23072,23072,525,23074.9,525,0,2052450
NIFTY-II.NFO,19/03/2025,09:50:00,23074.9,23072,525,23074.9,375,150,2052450
NIFTY-II.NFO,19/03/2025,09:50:01,23074.9,23072,525,23074.9,375,0,2052450
NIFTY-II.NFO,19/03/2025,09:50:03,23072,23072,375,23074.45,675,150,2052450
NIFTY-II.NFO,19/03/2025,09:50:04,23072,23072,375,23073.9,600,0,2052450
NIFTY-II.NFO,19/03/2025,09:50:06,23072,23072,375,23074.5,75,0,2052450
NIFTY-II.NFO,19/03/2025,09:50:08,23072,23072,375,23074.15,600,0,2052450
NIFTY-II.NFO,19/03/2025,09:50:09,23073.3,23070.05,75,23073.3,225,1050,2052450
NIFTY-II.NFO,19/03/2025,09:50:11,23073.3,23070.05,75,23072,75,0,2052450
NIFTY-II.NFO,19/03/2025,09:50:13,23070.05,23070,900,23072,75,75,2052450
NIFTY-II.NFO,19/03/2025,09:50:14,23070,23070,300,23070.85,75,600,2052450
NIFTY-II.NFO,19/03/2025,09:50:16,23070,23070,300,23070.85,75,0,2052450
NIFTY-II.NFO,19/03/2025,09:50:18,23069.1,23067.55,75,23069.05,225,450,2052450
NIFTY-II.NFO,19/03/2025,09:50:19,23069.1,23067.55,75,23070.2,225,0,2052450
NIFTY-II.NFO,19/03/2025,09:50:21,23069.1,23067.55,75,23069.1,75,0,2052450
NIFTY-II.NFO,19/03/2025,09:50:23,23067.55,23065.1,300,23069.1,75,75,2052450
NIFTY-II.NFO,19/03/2025,09:50:24,23069.1,23065.05,75,23067.4,225,75,2052450
NIFTY-II.NFO,19/03/2025,09:50:26,23065,23065,1050,23066.9,225,225,2052450
NIFTY-II.NFO,19/03/2025,09:50:28,23065,23065,300,23065.8,225,750,2052450
NIFTY-II.NFO,19/03/2025,09:50:29,23065,23062.6,300,23066.3,150,300,2052450
NIFTY-II.NFO,19/03/2025,09:50:31,23065,23065.05,75,23066.5,600,0,2052450
NIFTY-II.NFO,19/03/2025,09:50:33,23065,23065.05,75,23066.25,300,0,2052450
NIFTY-II.NFO,19/03/2025,09:50:34,23065.05,23062.6,300,23065.15,75,225,2052450
NIFTY-II.NFO,19/03/2025,09:50:36,23062.6,23062.55,75,23064.15,75,225,2052450
NIFTY-II.NFO,19/03/2025,09:50:38,23062.6,23062.55,75,23063.3,150,0,2052450
NIFTY-II.NFO,19/03/2025,09:50:39,23062.6,23062.55,75,23063.8,150,0,2052450
NIFTY-II.NFO,19/03/2025,09:50:41,23060.05,23060.05,75,23062.85,75,150,2052450
NIFTY-II.NFO,19/03/2025,09:50:43,23060.05,23060.05,75,23064.35,150,0,2052450
NIFTY-II.NFO,19/03/2025,09:50:44,23060.05,23062.2,675,23064,75,0,2052450
NIFTY-II.NFO,19/03/2025,09:50:46,23060.05,23060.5,600,23064,75,0,2052450
NIFTY-II.NFO,19/03/2025,09:50:48,23060.05,23061.1,600,23064,75,0,2052450
NIFTY-II.NFO,19/03/2025,09:50:51,23065,23061.1,675,23065,300,150,2052450
NIFTY-II.NFO,19/03/2025,09:50:53,23065,23061.1,675,23065,300,0,2052450
NIFTY-II.NFO,19/03/2025,09:50:54,23065,23061.1,600,23065,300,0,2052450
NIFTY-II.NFO,19/03/2025,09:51:01,23065,23061.1,675,23066.5,600,300,2052450
NIFTY-II.NFO,19/03/2025,09:51:02,23065,23063.2,600,23066.5,600,0,2052450
NIFTY-II.NFO,19/03/2025,09:51:04,23065,23063.45,675,23066.5,600,0,2052450
NIFTY-II.NFO,19/03/2025,09:51:06,23064.2,23063.45,600,23064.2,225,150,2052450
NIFTY-II.NFO,19/03/2025,09:51:07,23064.2,23063.4,300,23064.2,225,0,2052450
NIFTY-II.NFO,19/03/2025,09:51:09,23062.4,23061.75,600,23064.2,225,525,2052450
NIFTY-II.NFO,19/03/2025,09:51:11,23063.05,23063.35,600,23064.2,225,75,2052450
NIFTY-II.NFO,19/03/2025,09:51:12,23066.5,23065.8,675,23066.5,525,300,2052450
NIFTY-II.NFO,19/03/2025,09:51:14,23066.5,23067.75,225,23069,600,525,2052450
NIFTY-II.NFO,19/03/2025,09:51:16,23069,23068.5,75,23070.85,75,675,2052450
NIFTY-II.NFO,19/03/2025,09:51:18,23069,23067.85,75,23070.85,75,0,2052450
NIFTY-II.NFO,19/03/2025,09:51:19,23069,23068.5,75,23069,75,0,2052450
NIFTY-II.NFO,19/03/2025,09:51:21,23069,23069.4,150,23070.85,75,75,2052450
NIFTY-II.NFO,19/03/2025,09:51:23,23069,23070,150,23070.85,75,0,2052450
NIFTY-II.NFO,19/03/2025,09:51:24,23070.85,23069.5,75,23071,600,75,2052975
NIFTY-II.NFO,19/03/2025,09:51:26,23068.65,23067.75,75,23071,600,75,2052975
NIFTY-II.NFO,19/03/2025,09:51:28,23068.65,23068.15,75,23070,75,0,2052975
NIFTY-II.NFO,19/03/2025,09:51:29,23068.65,23068.65,150,23070,75,0,2052975
NIFTY-II.NFO,19/03/2025,09:51:31,23068.65,23067.5,75,23070,75,0,2052975
NIFTY-II.NFO,19/03/2025,09:51:33,23067.45,23065,225,23070,75,75,2052975
NIFTY-II.NFO,19/03/2025,09:51:34,23065,23061.95,150,23069.1,75,75,2052975
NIFTY-II.NFO,19/03/2025,09:51:36,23065,23061.4,225,23067.8,600,0,2052975
NIFTY-II.NFO,19/03/2025,09:51:38,23064.05,23064.05,75,23069.95,675,75,2052975
NIFTY-II.NFO,19/03/2025,09:51:39,23064.05,23067.25,300,23070,75,0,2052975
NIFTY-II.NFO,19/03/2025,09:51:43,23069.95,23066.1,300,23069.95,600,75,2052975
NIFTY-II.NFO,19/03/2025,09:51:44,23069.95,23066.05,75,23070,75,0,2052975
NIFTY-II.NFO,19/03/2025,09:51:47,23069.95,23065.15,150,23069.95,600,0,2052975
NIFTY-II.NFO,19/03/2025,09:51:49,23069.95,23065.05,75,23069.95,600,0,2052975
NIFTY-II.NFO,19/03/2025,09:51:51,23069.95,23066.05,75,23069.95,600,75,2052975
NIFTY-II.NFO,19/03/2025,09:51:52,23069.95,23064.85,75,23069.95,600,0,2052975
NIFTY-II.NFO,19/03/2025,09:51:54,23069.95,23066.05,75,23070,75,0,2052975
NIFTY-II.NFO,19/03/2025,09:51:56,23069.95,23067.55,75,23070,75,0,2052975
NIFTY-II.NFO,19/03/2025,09:51:57,23069.95,23067.6,150,23070,75,0,2052975
NIFTY-II.NFO,19/03/2025,09:51:59,23069.95,23069.85,150,23070,75,0,2052975
NIFTY-II.NFO,19/03/2025,09:52:01,23069.95,23068.05,75,23070,75,0,2052975
NIFTY-II.NFO,19/03/2025,09:52:02,23069.95,23068.55,75,23070,75,0,2052975
NIFTY-II.NFO,19/03/2025,09:52:04,23068.85,23068.55,225,23070,75,300,2052975
NIFTY-II.NFO,19/03/2025,09:52:05,23070,23069,150,23071,600,75,2052975
NIFTY-II.NFO,19/03/2025,09:52:07,23072,23072,150,23074,75,750,2052975
NIFTY-II.NFO,19/03/2025,09:52:09,23074,23071.95,75,23074.45,75,75,2052975
NIFTY-II.NFO,19/03/2025,09:52:10,23074,23071.9,75,23074.45,75,0,2052975
