Ticker,Date,Time,LTP,BuyPrice,BuyQty,SellPrice,SellQty,LTQ,OpenInterest
NIFTY-III.NFO,26/06/2024,09:15:01,23949.95,23920.15,100,23943.75,250,200,707825
NIFTY-III.NFO,26/06/2024,09:15:01,23940,23920.15,100,23943.75,250,0,707825
NIFTY-III.NFO,26/06/2024,09:15:01,23956.6,23920.15,100,23943.75,250,0,707825
NIFTY-III.NFO,26/06/2024,09:15:01,23940,23920.15,100,23943.75,250,0,707825
NIFTY-III.NFO,26/06/2024,09:15:02,23940,23921.05,100,23942.85,25,0,707825
NIFTY-III.NFO,26/06/2024,09:15:03,23942.85,23921.15,100,23943.85,25,75,707825
NIFTY-III.NFO,26/06/2024,09:15:04,23925.05,23925.05,100,23943.95,25,25,707825
NIFTY-III.NFO,26/06/2024,09:15:04,23925.05,23925.05,100,23943.95,25,0,707825
NIFTY-III.NFO,26/06/2024,09:15:06,23925.05,23925.25,100,23943.3,25,0,707825
NIFTY-III.NFO,26/06/2024,09:15:07,23925.05,23925.65,100,23944,25,0,707825
NIFTY-III.NFO,26/06/2024,09:15:08,23925.05,23926.6,100,23944,25,0,707825
NIFTY-III.NFO,26/06/2024,09:15:09,23926.35,23935.15,100,23944,50,25,707825
NIFTY-III.NFO,26/06/2024,09:15:11,23926.35,23935.35,100,23944,50,0,707825
NIFTY-III.NFO,26/06/2024,09:15:12,23935.6,23935.65,100,23944.95,100,475,707825
NIFTY-III.NFO,26/06/2024,09:15:13,23935.6,23936.2,100,23944.95,100,0,707825
NIFTY-III.NFO,26/06/2024,09:15:14,23910.85,23925,25,23944.95,100,7650,707825
NIFTY-III.NFO,26/06/2024,09:15:14,23910.8,23925,25,23944.95,100,0,707825
NIFTY-III.NFO,26/06/2024,09:15:16,23942.8,23935.65,100,23936.2,25,100,707825
NIFTY-III.NFO,26/06/2024,09:15:17,23936.2,23935.65,100,23942.8,100,25,707825
NIFTY-III.NFO,26/06/2024,09:15:19,23942.8,23935.65,100,23942.8,25,125,707825
NIFTY-III.NFO,26/06/2024,09:15:20,23942.8,23935.65,100,23940,25,0,707825
NIFTY-III.NFO,26/06/2024,09:15:21,23933.6,23930.05,100,23932.3,250,125,707825
NIFTY-III.NFO,26/06/2024,09:15:23,23930.65,23930.15,100,23931.7,250,150,707825
NIFTY-III.NFO,26/06/2024,09:15:24,23929.65,23927.05,75,23930.05,250,250,707825
NIFTY-III.NFO,26/06/2024,09:15:25,23928.4,23927,25,23927.65,250,150,707825
NIFTY-III.NFO,26/06/2024,09:15:26,23925.8,23920.65,75,23927.1,250,250,707825
NIFTY-III.NFO,26/06/2024,09:15:28,23926.55,23921.25,100,23926.4,25,175,707825
NIFTY-III.NFO,26/06/2024,09:15:29,23921.25,23921.2,25,23926.4,50,25,707825
NIFTY-III.NFO,26/06/2024,09:15:30,23926.4,23921.2,25,23926.4,25,25,707825
NIFTY-III.NFO,26/06/2024,09:15:32,23920,23918.8,100,23920,75,425,707825
NIFTY-III.NFO,26/06/2024,09:15:33,23920,23918.55,100,23920,25,50,707825
NIFTY-III.NFO,26/06/2024,09:15:34,23918.55,23918.5,25,23920,25,25,707825
NIFTY-III.NFO,26/06/2024,09:15:36,23914.4,23922,25,23923.9,125,50,707825
NIFTY-III.NFO,26/06/2024,09:15:37,23917.25,23913.7,125,23922.35,100,625,707825
NIFTY-III.NFO,26/06/2024,09:15:38,23915.85,23912.65,325,23922.35,100,375,707825
NIFTY-III.NFO,26/06/2024,09:15:40,23921,23915,25,23921.35,100,25,707825
NIFTY-III.NFO,26/06/2024,09:15:41,23921,23915,100,23922.35,100,0,707825
NIFTY-III.NFO,26/06/2024,09:15:42,23915,23916.2,75,23923.85,100,25,707825
NIFTY-III.NFO,26/06/2024,09:15:44,23915,23916.2,75,23923.85,100,0,707825
NIFTY-III.NFO,26/06/2024,09:15:46,23915,23914.65,325,23922.55,100,0,707825
NIFTY-III.NFO,26/06/2024,09:15:48,23922.55,23914.3,25,23922.55,100,225,708950
NIFTY-III.NFO,26/06/2024,09:15:49,23922.55,23915.6,100,23922.25,100,0,708950
NIFTY-III.NFO,26/06/2024,09:15:50,23915.6,23914.7,325,23921.9,100,25,708950
NIFTY-III.NFO,26/06/2024,09:15:52,23915.6,23914.7,325,23921.95,75,0,708950
NIFTY-III.NFO,26/06/2024,09:15:53,23915.65,23915.65,300,23921,100,25,708950
NIFTY-III.NFO,26/06/2024,09:15:55,23922.2,23916.55,25,23922.4,250,100,708950
NIFTY-III.NFO,26/06/2024,09:15:56,23916.65,23916.7,50,23923.35,250,200,708950
NIFTY-III.NFO,26/06/2024,09:15:57,23924,23918.25,125,23924,225,25,708950
NIFTY-III.NFO,26/06/2024,09:15:59,23920,23918.75,50,23924.1,250,25,708950
NIFTY-III.NFO,26/06/2024,09:16:00,23920,23920.55,125,23925,25,0,708950
NIFTY-III.NFO,26/06/2024,09:16:01,23925,23923.6,75,23928.9,250,50,708950
NIFTY-III.NFO,26/06/2024,09:16:03,23928.85,23920.6,50,23928.85,175,50,708950
NIFTY-III.NFO,26/06/2024,09:16:04,23918.25,23918.25,50,23926.35,100,150,708950
NIFTY-III.NFO,26/06/2024,09:16:06,23918.25,23920,25,23926.35,100,0,708950
NIFTY-III.NFO,26/06/2024,09:16:07,23920,23915.65,75,23925,100,25,708950
NIFTY-III.NFO,26/06/2024,09:16:09,23915.6,23917.05,75,23926.5,100,5000,708950
NIFTY-III.NFO,26/06/2024,09:16:10,23915.6,23918.85,75,23927.55,100,0,708950
NIFTY-III.NFO,26/06/2024,09:16:11,23915.6,23920.1,75,23927.1,325,0,708950
NIFTY-III.NFO,26/06/2024,09:16:13,23915.6,23921.25,325,23928.6,100,0,708950
NIFTY-III.NFO,26/06/2024,09:16:14,23921.3,23921.55,75,23928.55,100,50,708950
NIFTY-III.NFO,26/06/2024,09:16:16,23921.3,23920.9,325,23926.2,250,0,708950
NIFTY-III.NFO,26/06/2024,09:16:17,23927.55,23921.35,50,23927.55,75,50,708950
NIFTY-III.NFO,26/06/2024,09:16:18,23928.3,23923.95,125,23928.45,250,50,708950
NIFTY-III.NFO,26/06/2024,09:16:20,23928.45,23925.05,75,23928.55,250,25,708950
NIFTY-III.NFO,26/06/2024,09:16:21,23924.45,23923.15,200,23928.5,175,100,708950
NIFTY-III.NFO,26/06/2024,09:16:23,23924.45,23922.55,200,23928.5,175,0,708950
NIFTY-III.NFO,26/06/2024,09:16:24,23924.45,23921.3,200,23928.5,175,0,708950
NIFTY-III.NFO,26/06/2024,09:16:25,23924.45,23920.7,200,23927.2,100,0,708950
NIFTY-III.NFO,26/06/2024,09:16:27,23924.45,23923,300,23925.5,175,0,708950
NIFTY-III.NFO,26/06/2024,09:16:28,23924.45,23923,300,23926.55,175,0,708950
NIFTY-III.NFO,26/06/2024,09:16:30,23924.45,23923,375,23930.15,100,0,708950
NIFTY-III.NFO,26/06/2024,09:16:31,23924.45,23923.5,125,23928.6,425,0,708950
NIFTY-III.NFO,26/06/2024,09:16:32,23927.75,23927.6,125,23928.35,100,250,708950
NIFTY-III.NFO,26/06/2024,09:16:34,23927.75,23925.75,125,23926.85,100,0,708950
NIFTY-III.NFO,26/06/2024,09:16:35,23926,23926.3,125,23928.6,125,125,708950
NIFTY-III.NFO,26/06/2024,09:16:36,23927.15,23927.65,125,23929.95,100,300,708950
NIFTY-III.NFO,26/06/2024,09:16:38,23927.85,23929.35,125,23930,50,125,708950
NIFTY-III.NFO,26/06/2024,09:16:39,23927.85,23929.35,125,23930,50,0,708950
NIFTY-III.NFO,26/06/2024,09:16:41,23930,23932.05,125,23932.65,250,50,708950
NIFTY-III.NFO,26/06/2024,09:16:42,23930,23932.05,125,23934.1,100,0,708950
NIFTY-III.NFO,26/06/2024,09:16:43,23934.15,23933.25,125,23933.6,125,125,708950
NIFTY-III.NFO,26/06/2024,09:16:45,23934.5,23934.55,125,23934.95,100,150,708950
NIFTY-III.NFO,26/06/2024,09:16:46,23934.5,23932.5,125,23934.95,100,0,708950
NIFTY-III.NFO,26/06/2024,09:16:48,23934.5,23933.2,125,23935,75,0,708950
NIFTY-III.NFO,26/06/2024,09:16:49,23934.5,23929.45,125,23934.95,175,0,708950
NIFTY-III.NFO,26/06/2024,09:16:50,23934.95,23930.8,75,23935,50,75,708950
NIFTY-III.NFO,26/06/2024,09:16:52,23935,23934.5,300,23935,50,25,708950
NIFTY-III.NFO,26/06/2024,09:16:53,23935,23934.5,300,23935,50,0,708950
NIFTY-III.NFO,26/06/2024,09:16:56,23935,23934.5,300,23938.3,175,50,708950
NIFTY-III.NFO,26/06/2024,09:16:57,23935,23934.5,300,23938.3,175,0,708950
NIFTY-III.NFO,26/06/2024,09:16:58,23938.2,23934.5,250,23938.4,150,50,708950
NIFTY-III.NFO,26/06/2024,09:17:00,23938.2,23934.5,250,23939.15,75,0,708950
NIFTY-III.NFO,26/06/2024,09:17:01,23938.2,23935,100,23940.9,75,0,708950
NIFTY-III.NFO,26/06/2024,09:17:03,23941.5,23941.4,125,23941.45,100,650,708950
NIFTY-III.NFO,26/06/2024,09:17:04,23941.55,23943.3,125,23945,50,625,708950
NIFTY-III.NFO,26/06/2024,09:17:05,23943.35,23942.2,125,23943.9,50,150,708950
NIFTY-III.NFO,26/06/2024,09:17:07,23943.35,23938.45,125,23939.85,50,0,708950
NIFTY-III.NFO,26/06/2024,09:17:08,23943.35,23935,25,23940.65,125,0,708950
NIFTY-III.NFO,26/06/2024,09:17:10,23938.15,23935.15,125,23936.4,25,25,708950
NIFTY-III.NFO,26/06/2024,09:17:11,23936.35,23938.3,175,23941.65,200,25,708950
NIFTY-III.NFO,26/06/2024,09:17:12,23940,23938.3,175,23938.8,225,25,708950
NIFTY-III.NFO,26/06/2024,09:17:14,23937.25,23937.15,125,23941.8,450,250,708950
NIFTY-III.NFO,26/06/2024,09:17:15,23937.25,23940,25,23941.55,250,0,708950
NIFTY-III.NFO,26/06/2024,09:17:17,23939.4,23936,25,23939.4,75,50,708950
NIFTY-III.NFO,26/06/2024,09:17:18,23939.4,23936,25,23940,175,0,708950
NIFTY-III.NFO,26/06/2024,09:17:19,23939.4,23936,25,23937.25,25,0,708950
NIFTY-III.NFO,26/06/2024,09:17:21,23937.25,23936,25,23939.25,75,25,708950
NIFTY-III.NFO,26/06/2024,09:17:22,23937.25,23936.05,125,23939.25,75,0,708950
NIFTY-III.NFO,26/06/2024,09:17:23,23937.25,23936,25,23939.25,75,0,708950
NIFTY-III.NFO,26/06/2024,09:17:25,23937.25,23936,25,23938.85,75,0,708950
NIFTY-III.NFO,26/06/2024,09:17:26,23937.25,23938.3,125,23939.85,325,0,708950
NIFTY-III.NFO,26/06/2024,09:17:28,23937.25,23936.05,125,23938.65,75,0,708950
NIFTY-III.NFO,26/06/2024,09:17:29,23937.25,23937.25,250,23938.85,225,0,708950
NIFTY-III.NFO,26/06/2024,09:17:30,23938.7,23938.25,125,23938.85,25,275,708950
NIFTY-III.NFO,26/06/2024,09:17:32,23939.4,23939.4,125,23940,225,875,708950
NIFTY-III.NFO,26/06/2024,09:17:33,23940,23942.05,125,23943.25,125,300,708950
NIFTY-III.NFO,26/06/2024,09:17:35,23942.7,23942.6,125,23942.95,250,200,708950
NIFTY-III.NFO,26/06/2024,09:17:36,23941.8,23941.85,125,23943.15,250,1200,708950
NIFTY-III.NFO,26/06/2024,09:17:37,23941.8,23941.85,125,23944,500,0,708950
NIFTY-III.NFO,26/06/2024,09:17:39,23945.15,23945.45,500,23945.85,125,700,708950
NIFTY-III.NFO,26/06/2024,09:17:40,23945.15,23945.45,500,23946.4,25,0,708950
NIFTY-III.NFO,26/06/2024,09:17:43,23947.9,23947.9,500,23948.45,125,950,708950
NIFTY-III.NFO,26/06/2024,09:17:44,23947.9,23947.9,500,23948.1,25,0,708950
NIFTY-III.NFO,26/06/2024,09:17:46,23947.9,23947.9,500,23949,50,0,708950
NIFTY-III.NFO,26/06/2024,09:17:47,23950,23950.2,325,23950.6,25,300,708950
NIFTY-III.NFO,26/06/2024,09:17:48,23950,23950.2,325,23951.5,25,0,708950
NIFTY-III.NFO,26/06/2024,09:17:50,23946.6,23950.55,225,23951.5,25,150,708950
NIFTY-III.NFO,26/06/2024,09:17:51,23952.8,23950,25,23951.7,25,225,708950
NIFTY-III.NFO,26/06/2024,09:17:53,23952.8,23950,25,23951.65,125,0,708950
NIFTY-III.NFO,26/06/2024,09:17:54,23950,23945,25,23949.15,225,25,708950
NIFTY-III.NFO,26/06/2024,09:17:55,23949,23945,100,23949.5,50,50,708950
NIFTY-III.NFO,26/06/2024,09:17:57,23949.4,23945.05,175,23951.05,100,50,708950
NIFTY-III.NFO,26/06/2024,09:17:58,23949.4,23945.05,175,23951.8,325,0,708950
NIFTY-III.NFO,26/06/2024,09:17:59,23949.4,23945.05,175,23947.9,25,0,708950
NIFTY-III.NFO,26/06/2024,09:18:02,23950.75,23944.15,100,23950.55,325,200,708950
NIFTY-III.NFO,26/06/2024,09:18:04,23950.75,23943.85,100,23950.25,325,0,708950
NIFTY-III.NFO,26/06/2024,09:18:05,23950.25,23950,25,23950.65,250,50,708950
NIFTY-III.NFO,26/06/2024,09:18:06,23950,23943.6,100,23950.05,325,25,708950
NIFTY-III.NFO,26/06/2024,09:18:08,23943.6,23949.4,25,23951,25,25,708950
NIFTY-III.NFO,26/06/2024,09:18:09,23950,23943.1,75,23949.6,175,125,708950
NIFTY-III.NFO,26/06/2024,09:18:10,23944.15,23945,150,23948.75,75,25,708950
NIFTY-III.NFO,26/06/2024,09:18:12,23945,23945,125,23948.95,100,25,708950
NIFTY-III.NFO,26/06/2024,09:18:13,23945,23945,125,23947.95,100,0,708950
NIFTY-III.NFO,26/06/2024,09:18:15,23945,23945,125,23948.35,250,0,708950
NIFTY-III.NFO,26/06/2024,09:18:16,23945,23945,125,23948.7,100,0,708950
NIFTY-III.NFO,26/06/2024,09:18:18,23945,23945.05,100,23951,100,0,708950
NIFTY-III.NFO,26/06/2024,09:18:20,23945,23945.05,175,23951.05,50,0,708950
NIFTY-III.NFO,26/06/2024,09:18:21,23945.05,23945.05,100,23951,175,100,708950
NIFTY-III.NFO,26/06/2024,09:18:23,23951,23945.1,50,23951,100,25,708950
NIFTY-III.NFO,26/06/2024,09:18:25,23951,23945.1,50,23951.05,25,0,708950
NIFTY-III.NFO,26/06/2024,09:18:28,23951,23945.1,50,23951,50,0,708950
NIFTY-III.NFO,26/06/2024,09:18:30,23951,23945.1,50,23951,75,0,708950
NIFTY-III.NFO,26/06/2024,09:18:31,23951,23945.1,50,23951,100,0,708950
NIFTY-III.NFO,26/06/2024,09:18:33,23951,23945.1,50,23951,125,0,708950
NIFTY-III.NFO,26/06/2024,09:18:35,23951,23951,275,23951.05,25,125,708950
NIFTY-III.NFO,26/06/2024,09:18:36,23951,23951,275,23951.05,25,0,708950
NIFTY-III.NFO,26/06/2024,09:18:38,23951,23951,250,23951.05,25,25,708950
NIFTY-III.NFO,26/06/2024,09:18:39,23951,23950,125,23950.85,325,250,708950
NIFTY-III.NFO,26/06/2024,09:18:41,23945.05,23945.05,25,23949.65,125,150,708950
NIFTY-III.NFO,26/06/2024,09:18:43,23945,23945,400,23948.95,125,75,708950
NIFTY-III.NFO,26/06/2024,09:18:44,23945,23945,375,23949.55,325,0,708950
NIFTY-III.NFO,26/06/2024,09:18:46,23945,23945,375,23949.6,200,0,708950
NIFTY-III.NFO,26/06/2024,09:18:48,23945,23945,375,23949.5,75,0,708950
NIFTY-III.NFO,26/06/2024,09:18:49,23945,23945,325,23947.7,325,50,712150
NIFTY-III.NFO,26/06/2024,09:18:51,23945,23945,300,23949.75,300,50,712150
NIFTY-III.NFO,26/06/2024,09:18:53,23945,23945,300,23948.65,300,0,712150
NIFTY-III.NFO,26/06/2024,09:18:54,23945,23945,275,23948.45,225,25,712150
NIFTY-III.NFO,26/06/2024,09:18:56,23945,23945,300,23949.35,300,0,712150
NIFTY-III.NFO,26/06/2024,09:18:57,23942.3,23942.35,100,23949.05,100,750,712150
NIFTY-III.NFO,26/06/2024,09:18:59,23949.05,23940.05,175,23945,100,25,712150
NIFTY-III.NFO,26/06/2024,09:19:01,23949.05,23940.05,100,23945,100,0,712150
NIFTY-III.NFO,26/06/2024,09:19:02,23940.05,23940.05,75,23944.95,100,50,712150
NIFTY-III.NFO,26/06/2024,09:19:04,23940.05,23940.05,150,23945,75,0,712150
NIFTY-III.NFO,26/06/2024,09:19:06,23940.05,23940.05,75,23944.95,175,0,712150
NIFTY-III.NFO,26/06/2024,09:19:07,23940.05,23940.05,150,23945,75,0,712150
NIFTY-III.NFO,26/06/2024,09:19:09,23940.05,23940,350,23944.95,175,0,712150
NIFTY-III.NFO,26/06/2024,09:19:11,23940.05,23940.05,75,23944.9,100,0,712150
NIFTY-III.NFO,26/06/2024,09:19:12,23940.05,23940.05,25,23943.4,100,0,712150
NIFTY-III.NFO,26/06/2024,09:19:14,23940,23940,300,23940.05,75,150,712150
NIFTY-III.NFO,26/06/2024,09:19:15,23940,23940,550,23940.05,75,0,712150
NIFTY-III.NFO,26/06/2024,09:19:20,23940,23940,550,23940.05,150,0,712150
NIFTY-III.NFO,26/06/2024,09:19:22,23940,23934.5,250,23939.5,200,550,712150
NIFTY-III.NFO,26/06/2024,09:19:24,23940,23934.5,250,23938,200,0,712150
NIFTY-III.NFO,26/06/2024,09:19:25,23940,23934.6,100,23940.05,150,25,712150
NIFTY-III.NFO,26/06/2024,09:19:27,23940,23934.5,250,23938.45,200,0,712150
NIFTY-III.NFO,26/06/2024,09:19:29,23936.95,23934.5,250,23936.35,100,25,712150
NIFTY-III.NFO,26/06/2024,09:19:30,23936.95,23934.5,250,23938.05,100,0,712150
NIFTY-III.NFO,26/06/2024,09:19:32,23937.6,23934.5,250,23937.25,50,50,712150
NIFTY-III.NFO,26/06/2024,09:19:34,23934.5,23934.5,150,23936.8,125,100,712150
NIFTY-III.NFO,26/06/2024,09:19:35,23934.5,23934.5,150,23935.8,125,0,712150
NIFTY-III.NFO,26/06/2024,09:19:37,23934.5,23934.5,150,23937.5,125,0,712150
NIFTY-III.NFO,26/06/2024,09:19:39,23934.5,23934.5,100,23936.95,25,50,712150
NIFTY-III.NFO,26/06/2024,09:19:40,23934.5,23930.8,100,23936.95,100,100,712150
NIFTY-III.NFO,26/06/2024,09:19:42,23934.5,23930.8,100,23936.95,100,0,712150
NIFTY-III.NFO,26/06/2024,09:19:44,23934.5,23929.7,100,23936,75,0,712150
NIFTY-III.NFO,26/06/2024,09:19:45,23928.65,23930.05,100,23934,75,25,712150
NIFTY-III.NFO,26/06/2024,09:19:47,23934,23930.05,100,23934,50,25,712150
NIFTY-III.NFO,26/06/2024,09:19:49,23934,23930.05,175,23934,50,0,712150
NIFTY-III.NFO,26/06/2024,09:19:50,23934,23930.05,425,23934,50,0,712150
NIFTY-III.NFO,26/06/2024,09:19:52,23930.05,23930.1,350,23934,50,25,712150
NIFTY-III.NFO,26/06/2024,09:19:54,23930.1,23930.05,50,23934,250,250,712150
NIFTY-III.NFO,26/06/2024,09:19:55,23930.1,23930.05,50,23934,250,0,712150
NIFTY-III.NFO,26/06/2024,09:19:59,23930.05,23930,25,23934,325,50,712150
NIFTY-III.NFO,26/06/2024,09:20:00,23930.05,23930,25,23933.4,100,0,712150
NIFTY-III.NFO,26/06/2024,09:20:02,23930.05,23930,25,23930.5,325,0,712150
NIFTY-III.NFO,26/06/2024,09:20:04,23930,23928,25,23930.45,250,25,712150
NIFTY-III.NFO,26/06/2024,09:20:05,23930,23928,25,23928.85,250,0,712150
NIFTY-III.NFO,26/06/2024,09:20:07,23928,23925.05,50,23927.6,300,25,712150
NIFTY-III.NFO,26/06/2024,09:20:09,23928.25,23925.05,50,23928.1,250,25,712150
NIFTY-III.NFO,26/06/2024,09:20:10,23925.05,23925.05,100,23930,50,25,712150
NIFTY-III.NFO,26/06/2024,09:20:12,23925.05,23925.05,100,23929.95,75,0,712150
NIFTY-III.NFO,26/06/2024,09:20:15,23922.95,23922.95,50,23929.95,75,125,712150
NIFTY-III.NFO,26/06/2024,09:20:17,23922.8,23922.8,50,23930,125,75,712150
NIFTY-III.NFO,26/06/2024,09:20:18,23922.8,23923.95,325,23930,50,0,712150
NIFTY-III.NFO,26/06/2024,09:20:20,23922.8,23923.95,75,23930,50,0,712150
NIFTY-III.NFO,26/06/2024,09:20:22,23923.45,23923.45,75,23930,125,175,712150
NIFTY-III.NFO,26/06/2024,09:20:23,23922.8,23922.65,75,23930,100,150,712150
NIFTY-III.NFO,26/06/2024,09:20:25,23922.8,23921.8,325,23925,25,0,712150
NIFTY-III.NFO,26/06/2024,09:20:27,23922.7,23922.8,50,23923.45,75,50,712150
NIFTY-III.NFO,26/06/2024,09:20:28,23922.8,23922,100,23923.45,75,50,712150
NIFTY-III.NFO,26/06/2024,09:20:30,23922.8,23922,100,23923.45,75,0,712150
NIFTY-III.NFO,26/06/2024,09:20:33,23923.45,23922,100,23923.45,50,25,712150
NIFTY-III.NFO,26/06/2024,09:20:35,23923.45,23922,100,23923.45,50,0,712150
NIFTY-III.NFO,26/06/2024,09:20:37,23923.45,23922,100,23923.45,25,25,712150
NIFTY-III.NFO,26/06/2024,09:20:39,23923.45,23922,100,23923.45,25,0,712150
NIFTY-III.NFO,26/06/2024,09:20:40,23923.45,23925,100,23929,25,25,712150
NIFTY-III.NFO,26/06/2024,09:20:42,23925,23923.85,325,23929,25,25,712150
NIFTY-III.NFO,26/06/2024,09:20:44,23925,23923.35,75,23928.95,175,0,712150
NIFTY-III.NFO,26/06/2024,09:20:45,23928.95,23922.05,25,23928.8,175,50,712150
NIFTY-III.NFO,26/06/2024,09:20:47,23928.95,23925,150,23928.95,100,0,712150
NIFTY-III.NFO,26/06/2024,09:20:50,23930.05,23925.05,100,23932.35,175,175,712150
NIFTY-III.NFO,26/06/2024,09:20:52,23930.05,23925.05,100,23932.35,175,0,712150
NIFTY-III.NFO,26/06/2024,09:20:54,23930.05,23925,275,23930.85,100,0,712150
NIFTY-III.NFO,26/06/2024,09:20:55,23930.05,23925,200,23929.45,175,0,712150
NIFTY-III.NFO,26/06/2024,09:20:57,23925,23925,175,23928.9,175,25,712150
NIFTY-III.NFO,26/06/2024,09:20:59,23925,23925,175,23928.9,175,0,712150
NIFTY-III.NFO,26/06/2024,09:21:00,23925,23925,275,23928.55,100,0,712150
NIFTY-III.NFO,26/06/2024,09:21:04,23925,23925,350,23928.9,100,0,712150
NIFTY-III.NFO,26/06/2024,09:21:05,23925.05,23925,350,23932.9,175,100,712150
NIFTY-III.NFO,26/06/2024,09:21:07,23925.8,23925.45,75,23932.9,175,75,712150
NIFTY-III.NFO,26/06/2024,09:21:09,23925.8,23925.2,100,23930.2,250,0,712150
NIFTY-III.NFO,26/06/2024,09:21:10,23925.8,23925.55,325,23933.95,100,0,712150
NIFTY-III.NFO,26/06/2024,09:21:12,23925.8,23926.5,75,23933.95,100,0,712150
NIFTY-III.NFO,26/06/2024,09:21:14,23925.8,23930,100,23933.95,100,0,712150
NIFTY-III.NFO,26/06/2024,09:21:17,23934,23930,100,23934,150,50,712150
NIFTY-III.NFO,26/06/2024,09:21:19,23934,23930,100,23934,150,0,712150
NIFTY-III.NFO,26/06/2024,09:21:20,23934,23930,25,23933.95,100,25,712150
NIFTY-III.NFO,26/06/2024,09:21:22,23926.5,23926.5,50,23933.95,175,50,712150
NIFTY-III.NFO,26/06/2024,09:21:24,23926.5,23926.5,50,23933.8,175,0,712150
NIFTY-III.NFO,26/06/2024,09:21:25,23926.5,23925.8,175,23933.55,100,0,712150
NIFTY-III.NFO,26/06/2024,09:21:27,23926.5,23925.8,100,23932.1,100,0,712150
NIFTY-III.NFO,26/06/2024,09:21:29,23932.1,23925.85,25,23932.1,100,25,712150
NIFTY-III.NFO,26/06/2024,09:21:30,23931.4,23926.5,25,23929,250,50,712150
NIFTY-III.NFO,26/06/2024,09:21:32,23926.5,23925.8,100,23928.9,175,125,712150
NIFTY-III.NFO,26/06/2024,09:21:34,23928.9,23925.8,100,23927.95,150,50,712150
NIFTY-III.NFO,26/06/2024,09:21:35,23925.8,23926.5,25,23928.8,150,75,712150
NIFTY-III.NFO,26/06/2024,09:21:37,23926.5,23925.8,25,23927.8,150,25,712150
NIFTY-III.NFO,26/06/2024,09:21:39,23926.5,23925.8,25,23926.3,75,0,712150
NIFTY-III.NFO,26/06/2024,09:21:40,23925.8,23925.2,25,23926.3,150,25,712150
NIFTY-III.NFO,26/06/2024,09:21:42,23925,23921,25,23925.6,150,250,712150
NIFTY-III.NFO,26/06/2024,09:21:44,23925,23921,25,23925.6,150,0,712150
NIFTY-III.NFO,26/06/2024,09:21:45,23925,23921,25,23924.45,150,0,712150
NIFTY-III.NFO,26/06/2024,09:21:47,23923.4,23921,25,23924.4,75,25,712675
NIFTY-III.NFO,26/06/2024,09:21:49,23923.4,23921,25,23924.65,150,0,712675
NIFTY-III.NFO,26/06/2024,09:21:50,23921,23920.05,25,23921.95,75,25,712675
NIFTY-III.NFO,26/06/2024,09:21:52,23922.9,23920.05,25,23922.9,50,25,712675
NIFTY-III.NFO,26/06/2024,09:21:54,23920.05,23920.05,100,23924.45,50,25,712675
NIFTY-III.NFO,26/06/2024,09:21:55,23926.25,23921,200,23925.55,250,475,712675
NIFTY-III.NFO,26/06/2024,09:21:57,23926.25,23921,125,23924.7,250,0,712675
NIFTY-III.NFO,26/06/2024,09:21:59,23921,23921,100,23923,250,25,712675
NIFTY-III.NFO,26/06/2024,09:22:00,23921,23921,100,23921.9,250,0,712675
NIFTY-III.NFO,26/06/2024,09:22:02,23920,23920,175,23921.9,250,450,712675
NIFTY-III.NFO,26/06/2024,09:22:04,23920,23920,175,23923,250,0,712675
NIFTY-III.NFO,26/06/2024,09:22:05,23920,23920,150,23923,250,25,712675
NIFTY-III.NFO,26/06/2024,09:22:07,23920,23920,150,23923,250,0,712675
NIFTY-III.NFO,26/06/2024,09:22:09,23920,23920,125,23922.7,325,25,712675
NIFTY-III.NFO,26/06/2024,09:22:10,23915,23914.75,250,23915,425,2675,712675
NIFTY-III.NFO,26/06/2024,09:22:12,23915,23914.25,150,23915,425,0,712675
NIFTY-III.NFO,26/06/2024,09:22:14,23913.65,23913.3,25,23915,425,50,712675
NIFTY-III.NFO,26/06/2024,09:22:15,23915,23913.3,25,23915,125,300,712675
NIFTY-III.NFO,26/06/2024,09:22:17,23915,23913.3,25,23915,125,0,712675
NIFTY-III.NFO,26/06/2024,09:22:18,23915,23911.9,25,23915,125,0,712675
NIFTY-III.NFO,26/06/2024,09:22:20,23915,23912,25,23915,75,50,712675
NIFTY-III.NFO,26/06/2024,09:22:21,23915,23912,25,23915,75,0,712675
NIFTY-III.NFO,26/06/2024,09:22:25,23915,23912.05,25,23915,75,0,712675
NIFTY-III.NFO,26/06/2024,09:22:26,23915,23912,25,23915,50,25,712675
NIFTY-III.NFO,26/06/2024,09:22:28,23915,23912,25,23915,50,0,712675
NIFTY-III.NFO,26/06/2024,09:22:30,23915,23912.85,25,23915,50,0,712675
NIFTY-III.NFO,26/06/2024,09:22:31,23915,23911.85,300,23920.35,100,100,712675
NIFTY-III.NFO,26/06/2024,09:22:33,23915,23911.85,300,23915,25,0,712675
NIFTY-III.NFO,26/06/2024,09:22:34,23915,23911.85,300,23920.35,100,25,712675
NIFTY-III.NFO,26/06/2024,09:22:36,23915,23911.85,300,23920.35,100,0,712675
NIFTY-III.NFO,26/06/2024,09:22:38,23915,23911.85,300,23920.8,100,0,712675
NIFTY-III.NFO,26/06/2024,09:22:39,23915,23913.5,75,23921.35,75,0,712675
NIFTY-III.NFO,26/06/2024,09:22:41,23914.4,23914.4,50,23921.7,175,25,712675
NIFTY-III.NFO,26/06/2024,09:22:43,23914.4,23913.65,250,23921.3,75,0,712675
NIFTY-III.NFO,26/06/2024,09:22:44,23914.4,23913.2,75,23920.55,75,0,712675
NIFTY-III.NFO,26/06/2024,09:22:46,23914.4,23914.5,75,23921.75,75,0,712675
NIFTY-III.NFO,26/06/2024,09:22:48,23921.75,23914.5,75,23921.7,100,50,712675
NIFTY-III.NFO,26/06/2024,09:22:49,23921.75,23914.5,75,23920.65,100,0,712675
NIFTY-III.NFO,26/06/2024,09:22:51,23921.75,23914.75,250,23921.55,75,0,712675
NIFTY-III.NFO,26/06/2024,09:22:53,23921.75,23914.4,25,23921.05,100,0,712675
NIFTY-III.NFO,26/06/2024,09:22:54,23921.75,23914.45,25,23923.3,100,0,712675
NIFTY-III.NFO,26/06/2024,09:22:56,23920.6,23914.45,25,23920.6,100,25,712675
NIFTY-III.NFO,26/06/2024,09:22:58,23920.6,23914.45,25,23920.6,100,0,712675
NIFTY-III.NFO,26/06/2024,09:22:59,23920.6,23914.4,25,23920.6,100,0,712675
NIFTY-III.NFO,26/06/2024,09:23:01,23920.6,23915,100,23920.6,100,0,712675
NIFTY-III.NFO,26/06/2024,09:23:02,23920.6,23915,100,23915.9,175,0,712675
NIFTY-III.NFO,26/06/2024,09:23:04,23915,23915,100,23916,175,100,712675
NIFTY-III.NFO,26/06/2024,09:23:06,23915,23911.85,300,23914.85,175,100,712675
NIFTY-III.NFO,26/06/2024,09:23:07,23913.75,23911.85,300,23917.05,175,25,712675
NIFTY-III.NFO,26/06/2024,09:23:09,23918.05,23911.85,300,23918,100,50,712675
NIFTY-III.NFO,26/06/2024,09:23:11,23911.9,23911.9,75,23919.4,100,50,712675
NIFTY-III.NFO,26/06/2024,09:23:12,23911.9,23911.9,75,23919.95,175,0,712675
NIFTY-III.NFO,26/06/2024,09:23:16,23911.9,23912.15,75,23919.95,175,0,712675
NIFTY-III.NFO,26/06/2024,09:23:17,23912.1,23912.45,250,23919.95,175,100,712675
NIFTY-III.NFO,26/06/2024,09:23:19,23912.1,23913,125,23915,25,0,712675
NIFTY-III.NFO,26/06/2024,09:23:21,23915,23913.45,75,23920,25,25,712675
NIFTY-III.NFO,26/06/2024,09:23:22,23915,23913.45,75,23919.95,175,0,712675
NIFTY-III.NFO,26/06/2024,09:23:24,23913.45,23915.1,75,23921.15,100,25,712675
NIFTY-III.NFO,26/06/2024,09:23:26,23913.45,23915.1,75,23920.75,175,0,712675
NIFTY-III.NFO,26/06/2024,09:23:27,23915.1,23915,50,23920.15,175,25,712675
NIFTY-III.NFO,26/06/2024,09:23:29,23915.1,23915,50,23920.15,175,0,712675
NIFTY-III.NFO,26/06/2024,09:23:31,23915.1,23915,50,23919.95,100,0,712675
NIFTY-III.NFO,26/06/2024,09:23:34,23915.1,23915.1,25,23919.95,100,0,712675
NIFTY-III.NFO,26/06/2024,09:23:39,23915.1,23915,50,23919.95,100,25,712675
NIFTY-III.NFO,26/06/2024,09:23:41,23915.1,23915,50,23919.95,100,0,712675
NIFTY-III.NFO,26/06/2024,09:23:46,23919.95,23915,50,23919.95,100,25,712675
NIFTY-III.NFO,26/06/2024,09:23:47,23919.95,23915,50,23919.95,100,0,712675
NIFTY-III.NFO,26/06/2024,09:23:49,23915,23913.5,25,23919.95,175,50,712675
NIFTY-III.NFO,26/06/2024,09:23:51,23915,23913.5,25,23919.95,175,0,712675
NIFTY-III.NFO,26/06/2024,09:23:52,23913.5,23913.45,50,23913.5,225,75,712675
NIFTY-III.NFO,26/06/2024,09:23:54,23913.5,23913.45,50,23913.5,75,175,712675
NIFTY-III.NFO,26/06/2024,09:23:56,23913.5,23913.45,50,23913.5,75,0,712675
NIFTY-III.NFO,26/06/2024,09:23:57,23913.5,23913.45,50,23913.5,100,0,712675
NIFTY-III.NFO,26/06/2024,09:23:59,23913.45,23911.9,50,23913.5,50,50,712675
NIFTY-III.NFO,26/06/2024,09:24:01,23915.15,23911.9,50,23917.35,100,75,712675
NIFTY-III.NFO,26/06/2024,09:24:02,23915.15,23913.5,25,23919.7,100,0,712675
NIFTY-III.NFO,26/06/2024,09:24:04,23915.15,23913.5,25,23920,125,0,712675
NIFTY-III.NFO,26/06/2024,09:24:06,23915.15,23915.3,75,23920,50,0,712675
NIFTY-III.NFO,26/06/2024,09:24:07,23914.95,23915.3,50,23920,50,300,712675
NIFTY-III.NFO,26/06/2024,09:24:09,23915.4,23913.95,50,23920,125,25,712675
NIFTY-III.NFO,26/06/2024,09:24:11,23915.4,23914.2,75,23920,50,0,712675
NIFTY-III.NFO,26/06/2024,09:24:12,23920,23915.35,75,23920,25,50,712675
NIFTY-III.NFO,26/06/2024,09:24:14,23915.35,23914.35,75,23920,100,25,712675
NIFTY-III.NFO,26/06/2024,09:24:16,23915.35,23914.25,25,23919.95,100,0,712675
NIFTY-III.NFO,26/06/2024,09:24:17,23920.75,23914.3,100,23920.2,100,425,712675
NIFTY-III.NFO,26/06/2024,09:24:19,23920.75,23913.3,100,23920.2,100,0,712675
NIFTY-III.NFO,26/06/2024,09:24:21,23913.3,23912.55,50,23920.2,100,50,712675
NIFTY-III.NFO,26/06/2024,09:24:22,23913.3,23913.4,50,23920.2,100,0,712675
NIFTY-III.NFO,26/06/2024,09:24:24,23913.4,23913.35,100,23920.2,100,50,712675
NIFTY-III.NFO,26/06/2024,09:24:26,23913.4,23913.35,100,23920.2,100,0,712675
NIFTY-III.NFO,26/06/2024,09:24:29,23913.4,23913.35,25,23920.2,100,0,712675
NIFTY-III.NFO,26/06/2024,09:24:31,23913.4,23913.5,100,23920.2,100,0,712675
NIFTY-III.NFO,26/06/2024,09:24:34,23913.5,23912,50,23915.65,75,25,712675
NIFTY-III.NFO,26/06/2024,09:24:36,23917.3,23913.4,25,23917.3,100,50,712675
NIFTY-III.NFO,26/06/2024,09:24:37,23917.3,23913.4,75,23916.15,175,0,712675
NIFTY-III.NFO,26/06/2024,09:24:39,23917.3,23913.4,75,23915.5,175,0,712675
NIFTY-III.NFO,26/06/2024,09:24:41,23917.3,23913.4,75,23917.1,175,0,712675
NIFTY-III.NFO,26/06/2024,09:24:42,23917.3,23913.4,75,23916.15,175,0,712675
NIFTY-III.NFO,26/06/2024,09:24:44,23917.3,23913.4,75,23915,25,0,712675
NIFTY-III.NFO,26/06/2024,09:24:46,23915,23913.5,25,23917.25,175,25,713450
NIFTY-III.NFO,26/06/2024,09:24:47,23913.4,23913.4,50,23917.25,175,50,713450
NIFTY-III.NFO,26/06/2024,09:24:49,23913.4,23913.4,50,23914.75,175,0,713450
NIFTY-III.NFO,26/06/2024,09:24:51,23913.5,23913.4,50,23916.1,175,50,713450
NIFTY-III.NFO,26/06/2024,09:24:52,23916.1,23911.85,200,23916.05,100,200,713450
NIFTY-III.NFO,26/06/2024,09:24:54,23916.1,23912,25,23913.5,25,0,713450
NIFTY-III.NFO,26/06/2024,09:24:56,23913.5,23912,100,23918.25,100,25,713450
NIFTY-III.NFO,26/06/2024,09:24:57,23912,23911.85,200,23913.75,100,25,713450
NIFTY-III.NFO,26/06/2024,09:24:59,23911.85,23911.85,175,23914.5,175,25,713450
NIFTY-III.NFO,26/06/2024,09:25:01,23911.85,23911.85,175,23916.1,175,0,713450
NIFTY-III.NFO,26/06/2024,09:25:04,23911.85,23911.85,275,23917.4,100,0,713450
NIFTY-III.NFO,26/06/2024,09:25:06,23911.85,23911.9,75,23917.4,100,25,713450
NIFTY-III.NFO,26/06/2024,09:25:07,23917.4,23911.9,75,23917.4,50,50,713450
NIFTY-III.NFO,26/06/2024,09:25:09,23911.85,23911.9,175,23917.4,50,25,713450
NIFTY-III.NFO,26/06/2024,09:25:11,23911.85,23911.9,175,23917.55,50,0,713450
NIFTY-III.NFO,26/06/2024,09:25:12,23911.9,23911.85,150,23917.55,75,25,713450
NIFTY-III.NFO,26/06/2024,09:25:15,23911.9,23912,50,23916,75,0,713450
NIFTY-III.NFO,26/06/2024,09:25:17,23912,23912,25,23915.8,75,25,713450
NIFTY-III.NFO,26/06/2024,09:25:19,23912,23912,25,23916.85,75,0,713450
NIFTY-III.NFO,26/06/2024,09:25:20,23916.85,23912,25,23916.85,100,50,713450
NIFTY-III.NFO,26/06/2024,09:25:22,23916.85,23912.05,175,23918,100,0,713450
NIFTY-III.NFO,26/06/2024,09:25:24,23920,23915.45,175,23920,25,50,713450
NIFTY-III.NFO,26/06/2024,09:25:25,23920,23916.15,150,23920,25,0,713450
NIFTY-III.NFO,26/06/2024,09:25:27,23916.55,23916.9,75,23920,25,25,713450
NIFTY-III.NFO,26/06/2024,09:25:29,23916.55,23915.25,175,23920,100,0,713450
NIFTY-III.NFO,26/06/2024,09:25:30,23916.55,23915.05,175,23920,100,0,713450
NIFTY-III.NFO,26/06/2024,09:25:32,23916.55,23915.05,175,23920,225,0,713450
NIFTY-III.NFO,26/06/2024,09:25:34,23919.95,23915.05,175,23920,225,75,713450
NIFTY-III.NFO,26/06/2024,09:25:35,23919.95,23915.05,100,23919.95,100,0,713450
NIFTY-III.NFO,26/06/2024,09:25:37,23919.95,23915.05,175,23919.95,100,0,713450
NIFTY-III.NFO,26/06/2024,09:25:39,23919.95,23916.55,25,23919.95,25,0,713450
NIFTY-III.NFO,26/06/2024,09:25:40,23919.95,23916.6,100,23920,225,0,713450
NIFTY-III.NFO,26/06/2024,09:25:52,23920,23916.6,175,23920,200,25,713450
NIFTY-III.NFO,26/06/2024,09:25:54,23920,23919,25,23920,200,0,713450
NIFTY-III.NFO,26/06/2024,09:25:55,23920,23919,25,23920,200,25,713450
NIFTY-III.NFO,26/06/2024,09:25:57,23920,23919,25,23920,200,0,713450
NIFTY-III.NFO,26/06/2024,09:25:59,23919,23912.05,100,23917.75,25,25,713450
NIFTY-III.NFO,26/06/2024,09:26:00,23919,23912,75,23916.85,100,0,713450
NIFTY-III.NFO,26/06/2024,09:26:02,23919,23912.05,175,23917.45,100,0,713450
NIFTY-III.NFO,26/06/2024,09:26:04,23919,23914.25,175,23919.9,100,0,713450
NIFTY-III.NFO,26/06/2024,09:26:05,23919,23914.25,175,23919.7,100,0,713450
NIFTY-III.NFO,26/06/2024,09:26:07,23919,23912.55,100,23919.7,100,0,713450
NIFTY-III.NFO,26/06/2024,09:26:09,23912.35,23912.05,75,23919.65,100,200,713450
NIFTY-III.NFO,26/06/2024,09:26:10,23912.35,23912.05,75,23919.9,100,0,713450
NIFTY-III.NFO,26/06/2024,09:26:14,23919.9,23912.05,100,23919.9,100,25,713450
NIFTY-III.NFO,26/06/2024,09:26:15,23919.9,23912.05,100,23919.9,100,0,713450
NIFTY-III.NFO,26/06/2024,09:26:25,23919.9,23912.05,100,23919.9,300,0,713450
NIFTY-III.NFO,26/06/2024,09:26:30,23911.85,23911.85,50,23919.9,100,225,713450
NIFTY-III.NFO,26/06/2024,09:26:32,23911.85,23911.85,50,23919.9,100,0,713450
NIFTY-III.NFO,26/06/2024,09:26:33,23911.85,23911.85,50,23916.05,75,0,713450
NIFTY-III.NFO,26/06/2024,09:26:35,23916,23911.85,50,23916,100,25,713450
NIFTY-III.NFO,26/06/2024,09:26:37,23916,23911.85,50,23916.45,100,0,713450
NIFTY-III.NFO,26/06/2024,09:26:42,23916,23911.85,50,23913.95,175,0,713450
NIFTY-III.NFO,26/06/2024,09:26:43,23916,23911.85,50,23914.95,100,0,713450
NIFTY-III.NFO,26/06/2024,09:26:45,23916,23911.85,50,23915.85,100,0,713450
NIFTY-III.NFO,26/06/2024,09:26:47,23917.95,23911.85,50,23917.9,100,25,713450
NIFTY-III.NFO,26/06/2024,09:26:48,23917.95,23912.05,50,23917.95,175,0,713450
NIFTY-III.NFO,26/06/2024,09:26:50,23917.95,23912,50,23917.4,100,0,713450
NIFTY-III.NFO,26/06/2024,09:26:52,23917.95,23912,50,23917.4,350,0,713450
NIFTY-III.NFO,26/06/2024,09:26:53,23917.4,23912,50,23917.15,100,25,713450
NIFTY-III.NFO,26/06/2024,09:26:55,23917.4,23912.05,75,23918.05,100,0,713450
NIFTY-III.NFO,26/06/2024,09:26:57,23917.4,23912.05,75,23919.25,100,0,713450
NIFTY-III.NFO,26/06/2024,09:27:00,23917.4,23912.4,75,23919.85,175,0,713450
NIFTY-III.NFO,26/06/2024,09:27:02,23917.4,23912.75,75,23919.9,700,0,713450
NIFTY-III.NFO,26/06/2024,09:27:03,23917.4,23915.15,75,23919.9,625,0,713450
NIFTY-III.NFO,26/06/2024,09:27:05,23917.4,23914.1,75,23919.85,175,0,713450
NIFTY-III.NFO,26/06/2024,09:27:07,23917.4,23914.85,75,23919.85,100,0,713450
NIFTY-III.NFO,26/06/2024,09:27:08,23917.4,23915.3,75,23919.9,625,0,713450
NIFTY-III.NFO,26/06/2024,09:27:10,23917.4,23913.6,75,23919,25,0,713450
NIFTY-III.NFO,26/06/2024,09:27:12,23917.4,23915.65,75,23919,25,0,713450
NIFTY-III.NFO,26/06/2024,09:27:13,23916.15,23913.8,250,23919,25,125,713450
NIFTY-III.NFO,26/06/2024,09:27:15,23916.15,23915.1,75,23919,25,0,713450
NIFTY-III.NFO,26/06/2024,09:27:16,23915,23913.9,125,23919,25,100,713450
NIFTY-III.NFO,26/06/2024,09:27:18,23919.9,23915.6,250,23919.9,575,75,713450
NIFTY-III.NFO,26/06/2024,09:27:20,23919.9,23915.05,250,23919.9,325,250,713450
NIFTY-III.NFO,26/06/2024,09:27:22,23919.9,23915.25,250,23919.9,300,25,713450
NIFTY-III.NFO,26/06/2024,09:27:23,23920,23915.25,250,23920,100,500,713450
NIFTY-III.NFO,26/06/2024,09:27:25,23920,23915.7,250,23920.5,25,100,713450
NIFTY-III.NFO,26/06/2024,09:27:27,23920,23916.25,250,23920.5,25,0,713450
NIFTY-III.NFO,26/06/2024,09:27:28,23920,23915.85,250,23920.5,25,0,713450
NIFTY-III.NFO,26/06/2024,09:27:30,23920,23916.25,250,23920,50,25,713450
NIFTY-III.NFO,26/06/2024,09:27:32,23920,23916.95,250,23920,50,0,713450
NIFTY-III.NFO,26/06/2024,09:27:33,23922.45,23916.9,250,23924.4,175,100,713450
NIFTY-III.NFO,26/06/2024,09:27:35,23922.45,23916.15,250,23924.4,175,0,713450
NIFTY-III.NFO,26/06/2024,09:27:37,23922.45,23921.1,450,23924.45,25,0,713450
NIFTY-III.NFO,26/06/2024,09:27:38,23921.1,23921.1,425,23924.4,175,25,713450
NIFTY-III.NFO,26/06/2024,09:27:40,23921.1,23921.1,425,23924.4,175,0,713450
NIFTY-III.NFO,26/06/2024,09:27:43,23921.1,23921.1,400,23924.4,175,25,713450
NIFTY-III.NFO,26/06/2024,09:27:45,23924.4,23921.1,400,23924.35,100,25,713450
NIFTY-III.NFO,26/06/2024,09:27:47,23924.4,23921.1,400,23924.35,75,150,714325
NIFTY-III.NFO,26/06/2024,09:27:48,23924.4,23922,50,23924.35,75,0,714325
NIFTY-III.NFO,26/06/2024,09:27:52,23927.7,23924.35,25,23927.7,125,25,714325
NIFTY-III.NFO,26/06/2024,09:27:53,23927.7,23924.35,25,23927.95,125,0,714325
NIFTY-III.NFO,26/06/2024,09:27:55,23927.95,23924.4,100,23927.25,25,25,714325
NIFTY-III.NFO,26/06/2024,09:27:57,23927.95,23924.4,100,23927.95,25,0,714325
NIFTY-III.NFO,26/06/2024,09:27:58,23927.95,23924.4,75,23927.35,275,50,714325
NIFTY-III.NFO,26/06/2024,09:28:00,23927.95,23924.4,75,23927.35,75,0,714325
NIFTY-III.NFO,26/06/2024,09:28:03,23927.95,23924.4,75,23928,100,0,714325
NIFTY-III.NFO,26/06/2024,09:28:07,23927.95,23925,25,23927.25,275,0,714325
NIFTY-III.NFO,26/06/2024,09:28:08,23925,23924.4,75,23925.2,325,25,714325
NIFTY-III.NFO,26/06/2024,09:28:10,23924.35,23922,50,23923.95,150,100,714325
NIFTY-III.NFO,26/06/2024,09:28:12,23925.75,23925.75,100,23926.7,250,75,714325
NIFTY-III.NFO,26/06/2024,09:28:13,23926.7,23922,50,23925.65,325,100,714325
NIFTY-III.NFO,26/06/2024,09:28:15,23926.7,23922,50,23925.65,325,0,714325
NIFTY-III.NFO,26/06/2024,09:28:18,23925.65,23922,50,23926.3,325,25,714325
NIFTY-III.NFO,26/06/2024,09:28:20,23925.65,23926.7,50,23927.4,250,0,714325
NIFTY-III.NFO,26/06/2024,09:28:22,23925.65,23926.7,50,23928,25,0,714325
NIFTY-III.NFO,26/06/2024,09:28:23,23926.7,23926.7,25,23928,25,25,714325
NIFTY-III.NFO,26/06/2024,09:28:25,23926.7,23926.7,25,23928,25,0,714325
NIFTY-III.NFO,26/06/2024,09:28:27,23926.7,23922.05,100,23926.7,150,25,714325
NIFTY-III.NFO,26/06/2024,09:28:28,23922,23922,25,23925.85,325,25,714325
NIFTY-III.NFO,26/06/2024,09:28:30,23922,23922,25,23924.95,325,0,714325
NIFTY-III.NFO,26/06/2024,09:28:32,23922,23922,25,23923.8,325,0,714325
NIFTY-III.NFO,26/06/2024,09:28:37,23922,23922,25,23923,325,0,714325
NIFTY-III.NFO,26/06/2024,09:28:38,23922,23922,25,23922.2,250,0,714325
NIFTY-III.NFO,26/06/2024,09:28:40,23922,23922,50,23923.05,250,0,714325
NIFTY-III.NFO,26/06/2024,09:28:42,23921,23920,150,23923.1,250,625,714325
NIFTY-III.NFO,26/06/2024,09:28:43,23921,23920.1,75,23923.05,325,0,714325
NIFTY-III.NFO,26/06/2024,09:28:45,23920,23920,125,23923.05,325,25,714325
NIFTY-III.NFO,26/06/2024,09:28:47,23920,23920,125,23922,75,0,714325
NIFTY-III.NFO,26/06/2024,09:28:48,23920,23920,150,23921.2,250,0,714325
NIFTY-III.NFO,26/06/2024,09:28:50,23921.2,23920,150,23921.2,225,25,714325
NIFTY-III.NFO,26/06/2024,09:28:51,23921.2,23920,150,23922,75,0,714325
NIFTY-III.NFO,26/06/2024,09:29:00,23920,23920,125,23922,150,25,714325
NIFTY-III.NFO,26/06/2024,09:29:01,23920,23920,125,23920.95,325,0,714325
NIFTY-III.NFO,26/06/2024,09:29:03,23920,23916.85,25,23920.15,325,125,714325
NIFTY-III.NFO,26/06/2024,09:29:05,23920,23916.85,25,23919.25,325,0,714325
NIFTY-III.NFO,26/06/2024,09:29:06,23919.25,23916.85,25,23919.05,325,25,714325
NIFTY-III.NFO,26/06/2024,09:29:08,23919.25,23916.85,25,23918.05,250,0,714325
NIFTY-III.NFO,26/06/2024,09:29:10,23919.25,23916.85,25,23917.1,250,0,714325
NIFTY-III.NFO,26/06/2024,09:29:11,23919.25,23916.85,25,23918.15,250,0,714325
NIFTY-III.NFO,26/06/2024,09:29:13,23919.25,23916.85,25,23916.9,250,0,714325
NIFTY-III.NFO,26/06/2024,09:29:14,23919.25,23916.85,25,23918.5,250,0,714325
NIFTY-III.NFO,26/06/2024,09:29:21,23916.85,23915,25,23916,275,25,714325
NIFTY-III.NFO,26/06/2024,09:29:23,23916,23915,25,23916,250,25,714325
NIFTY-III.NFO,26/06/2024,09:29:24,23916,23915,25,23916,250,0,714325
NIFTY-III.NFO,26/06/2024,09:29:28,23915,23914,50,23915.25,325,25,714325
NIFTY-III.NFO,26/06/2024,09:29:29,23914.4,23914,50,23914.35,250,100,714325
NIFTY-III.NFO,26/06/2024,09:29:31,23914,23912.05,100,23916,250,50,714325
NIFTY-III.NFO,26/06/2024,09:29:33,23912.05,23912.05,100,23916,250,25,714325
NIFTY-III.NFO,26/06/2024,09:29:34,23912.05,23912,225,23915.95,100,0,714325
NIFTY-III.NFO,26/06/2024,09:29:36,23912,23912,200,23915.75,100,25,714325
NIFTY-III.NFO,26/06/2024,09:29:38,23912,23911.85,50,23912,150,200,714325
NIFTY-III.NFO,26/06/2024,09:29:39,23912,23911.85,50,23912,175,0,714325
NIFTY-III.NFO,26/06/2024,09:29:46,23911,23910,775,23911,50,150,714325
NIFTY-III.NFO,26/06/2024,09:29:48,23911,23910,775,23910.95,75,0,714325
NIFTY-III.NFO,26/06/2024,09:29:49,23910,23910,400,23910.85,25,375,714325
NIFTY-III.NFO,26/06/2024,09:29:49,23910,23910,400,23910.85,25,0,714325
NIFTY-III.NFO,26/06/2024,09:29:51,23911,23910,425,23911.4,125,225,714325
NIFTY-III.NFO,26/06/2024,09:29:53,23910,23910,375,23912,125,50,714325
NIFTY-III.NFO,26/06/2024,09:29:54,23910,23910,100,23912.05,25,25,714325
NIFTY-III.NFO,26/06/2024,09:29:56,23910,23910,100,23912,150,0,714325
NIFTY-III.NFO,26/06/2024,09:29:58,23908.35,23908,25,23911.95,125,200,714325
NIFTY-III.NFO,26/06/2024,09:29:58,23908.35,23908,25,23911.95,125,0,714325
NIFTY-III.NFO,26/06/2024,09:29:59,23908.35,23910,25,23911.65,250,0,714325
NIFTY-III.NFO,26/06/2024,09:30:01,23908.35,23910,25,23911,25,0,714325
NIFTY-III.NFO,26/06/2024,09:30:04,23908.35,23910.05,100,23911,25,0,714325
NIFTY-III.NFO,26/06/2024,09:30:06,23908.35,23910,25,23911,25,0,714325
NIFTY-III.NFO,26/06/2024,09:30:08,23913.1,23910,25,23912.7,200,250,714325
NIFTY-III.NFO,26/06/2024,09:30:09,23912.65,23910,25,23912.55,100,100,714325
NIFTY-III.NFO,26/06/2024,09:30:11,23910,23908.05,175,23913.15,175,25,714325
NIFTY-III.NFO,26/06/2024,09:30:13,23910,23908,25,23912.05,150,0,714325
NIFTY-III.NFO,26/06/2024,09:30:14,23910,23910,25,23910.25,75,0,714325
NIFTY-III.NFO,26/06/2024,09:30:16,23908,23905,300,23908.8,125,50,714325
NIFTY-III.NFO,26/06/2024,09:30:16,23908,23905,300,23908.8,125,0,714325
NIFTY-III.NFO,26/06/2024,09:30:18,23908,23905,300,23908.5,125,0,714325
NIFTY-III.NFO,26/06/2024,09:30:19,23908,23905.1,50,23908.95,175,0,714325
NIFTY-III.NFO,26/06/2024,09:30:21,23908,23905.1,50,23908,25,0,714325
NIFTY-III.NFO,26/06/2024,09:30:23,23908,23905.15,100,23908,25,0,714325
NIFTY-III.NFO,26/06/2024,09:30:24,23908,23905.1,50,23908,25,0,714325
NIFTY-III.NFO,26/06/2024,09:30:26,23908,23905.1,50,23908,75,0,714325
NIFTY-III.NFO,26/06/2024,09:30:28,23908,23905.1,50,23907.3,50,0,714325
NIFTY-III.NFO,26/06/2024,09:30:29,23908,23905.1,50,23905.8,50,0,714325
NIFTY-III.NFO,26/06/2024,09:30:31,23906.95,23905.1,50,23905.15,125,50,714325
NIFTY-III.NFO,26/06/2024,09:30:31,23906.4,23905.1,50,23905.15,125,0,714325
NIFTY-III.NFO,26/06/2024,09:30:33,23905,23904,250,23904.85,100,300,714325
NIFTY-III.NFO,26/06/2024,09:30:33,23905,23904,250,23904.85,100,0,714325
NIFTY-III.NFO,26/06/2024,09:30:34,23904,23904,150,23905.1,275,100,714325
NIFTY-III.NFO,26/06/2024,09:30:34,23904,23904,150,23905.1,275,0,714325
NIFTY-III.NFO,26/06/2024,09:30:36,23904,23904.15,100,23906.65,350,0,714325
NIFTY-III.NFO,26/06/2024,09:30:38,23904,23904.1,50,23905,250,0,714325
NIFTY-III.NFO,26/06/2024,09:30:39,23904.1,23904.1,25,23905,275,25,714325
NIFTY-III.NFO,26/06/2024,09:30:41,23904,23904,75,23905,275,100,714325
NIFTY-III.NFO,26/06/2024,09:30:43,23904,23901.05,100,23905,350,75,714325
NIFTY-III.NFO,26/06/2024,09:30:44,23904,23901.05,100,23904.6,325,0,714325
NIFTY-III.NFO,26/06/2024,09:30:46,23904.3,23901.05,100,23904.7,300,25,713850
NIFTY-III.NFO,26/06/2024,09:30:47,23904.3,23901.05,100,23904.4,300,0,713850
NIFTY-III.NFO,26/06/2024,09:30:49,23904.3,23901.05,100,23904.05,75,0,713850
NIFTY-III.NFO,26/06/2024,09:30:51,23901,23900.1,25,23903.4,150,400,713850
NIFTY-III.NFO,26/06/2024,09:30:51,23901,23900.1,25,23903.4,150,0,713850
NIFTY-III.NFO,26/06/2024,09:30:52,23901,23900.1,25,23901.5,75,0,713850
NIFTY-III.NFO,26/06/2024,09:30:54,23901.5,23900.1,25,23901.4,75,25,713850
NIFTY-III.NFO,26/06/2024,09:30:56,23901.5,23900.1,25,23901.3,100,0,713850
NIFTY-III.NFO,26/06/2024,09:30:57,23901.5,23900.1,25,23901.2,100,0,713850
NIFTY-III.NFO,26/06/2024,09:30:59,23900,23900,475,23901.2,175,475,713850
NIFTY-III.NFO,26/06/2024,09:30:59,23900,23900,475,23901.2,175,0,713850
NIFTY-III.NFO,26/06/2024,09:31:01,23900,23901,25,23901.25,25,100,713850
NIFTY-III.NFO,26/06/2024,09:31:02,23900,23900,25,23901.25,25,450,713850
NIFTY-III.NFO,26/06/2024,09:31:04,23900,23900,25,23901.95,175,50,713850
NIFTY-III.NFO,26/06/2024,09:31:06,23900,23897,25,23901.65,75,25,713850
NIFTY-III.NFO,26/06/2024,09:31:07,23900,23897,25,23900,150,50,713850
NIFTY-III.NFO,26/06/2024,09:31:09,23897,23896,25,23900,100,25,713850
NIFTY-III.NFO,26/06/2024,09:31:09,23897,23896,25,23900,100,0,713850
NIFTY-III.NFO,26/06/2024,09:31:11,23897,23896.05,100,23900,175,0,713850
NIFTY-III.NFO,26/06/2024,09:31:14,23897,23898.25,25,23900,175,0,713850
NIFTY-III.NFO,26/06/2024,09:31:16,23897,23898.25,25,23900,100,0,713850
NIFTY-III.NFO,26/06/2024,09:31:17,23898.25,23896.05,175,23900,75,50,713850
NIFTY-III.NFO,26/06/2024,09:31:19,23898.25,23896.05,175,23900,75,0,713850
NIFTY-III.NFO,26/06/2024,09:31:24,23896.05,23896.05,175,23900,75,200,713850
NIFTY-III.NFO,26/06/2024,09:31:24,23896.05,23896.05,175,23900,75,0,713850
NIFTY-III.NFO,26/06/2024,09:31:26,23896.05,23896.05,175,23900,75,0,713850
NIFTY-III.NFO,26/06/2024,09:31:27,23896.05,23896,25,23899.95,275,0,713850
NIFTY-III.NFO,26/06/2024,09:31:29,23896.05,23896,25,23899.2,200,0,713850
NIFTY-III.NFO,26/06/2024,09:31:31,23896,23895.45,25,23899.55,275,25,713850
NIFTY-III.NFO,26/06/2024,09:31:31,23896,23895.45,25,23899.55,275,0,713850
NIFTY-III.NFO,26/06/2024,09:31:32,23898.55,23896.05,25,23898.45,25,375,713850
NIFTY-III.NFO,26/06/2024,09:31:34,23898.55,23896.05,75,23899.95,100,0,713850
NIFTY-III.NFO,26/06/2024,09:31:36,23898.55,23896.05,100,23899.6,100,0,713850
NIFTY-III.NFO,26/06/2024,09:31:37,23898.55,23896.05,100,23899.95,100,0,713850
NIFTY-III.NFO,26/06/2024,09:31:39,23898.55,23896.1,75,23900,125,0,713850
NIFTY-III.NFO,26/06/2024,09:31:41,23898.55,23896.15,200,23900,125,0,713850
NIFTY-III.NFO,26/06/2024,09:31:42,23901.9,23896.15,200,23902.25,125,150,713850
NIFTY-III.NFO,26/06/2024,09:31:44,23901.9,23899.6,25,23901.75,250,0,713850
NIFTY-III.NFO,26/06/2024,09:31:46,23901.9,23899.6,25,23900.5,250,0,713850
NIFTY-III.NFO,26/06/2024,09:31:47,23901.9,23899.6,25,23901.7,250,0,713850
NIFTY-III.NFO,26/06/2024,09:31:49,23901.9,23899.6,25,23902.2,300,0,713850
NIFTY-III.NFO,26/06/2024,09:31:51,23899.6,23898.4,75,23904.05,250,125,713850
NIFTY-III.NFO,26/06/2024,09:31:52,23903.65,23900,25,23903.05,250,50,713850
NIFTY-III.NFO,26/06/2024,09:31:54,23903.65,23900,25,23902.6,250,0,713850
NIFTY-III.NFO,26/06/2024,09:31:56,23903.65,23900,25,23902.75,250,0,713850
NIFTY-III.NFO,26/06/2024,09:31:57,23902.05,23900,25,23902.05,225,50,713850
NIFTY-III.NFO,26/06/2024,09:31:59,23902.05,23902.05,25,23903.5,225,0,713850
NIFTY-III.NFO,26/06/2024,09:32:02,23903.5,23902.05,100,23905.85,200,25,713850
NIFTY-III.NFO,26/06/2024,09:32:04,23902.05,23901.25,150,23906.4,25,25,713850
NIFTY-III.NFO,26/06/2024,09:32:06,23902.05,23900,200,23904.3,200,0,713850
NIFTY-III.NFO,26/06/2024,09:32:07,23903.75,23900,125,23903.75,325,25,713850
NIFTY-III.NFO,26/06/2024,09:32:09,23903.8,23900,200,23904.85,200,75,713850
NIFTY-III.NFO,26/06/2024,09:32:11,23900,23900,225,23905.5,250,25,713850
NIFTY-III.NFO,26/06/2024,09:32:12,23905,23900,225,23904.9,300,25,713850
NIFTY-III.NFO,26/06/2024,09:32:14,23905,23900,150,23904.2,125,0,713850
NIFTY-III.NFO,26/06/2024,09:32:16,23905,23901.05,75,23906.25,300,0,713850
NIFTY-III.NFO,26/06/2024,09:32:17,23905,23901.3,150,23906.55,250,0,713850
NIFTY-III.NFO,26/06/2024,09:32:19,23905,23901.7,75,23905,25,0,713850
NIFTY-III.NFO,26/06/2024,09:32:20,23905,23901.55,275,23905,50,0,713850
NIFTY-III.NFO,26/06/2024,09:32:22,23905,23900.6,100,23905,50,0,713850
NIFTY-III.NFO,26/06/2024,09:32:24,23905,23900.65,275,23905,50,0,713850
NIFTY-III.NFO,26/06/2024,09:32:25,23905,23902.65,200,23905,50,0,713850
NIFTY-III.NFO,26/06/2024,09:32:27,23905,23902.4,200,23908.7,75,50,713850
NIFTY-III.NFO,26/06/2024,09:32:29,23909,23905,25,23909,50,25,713850
NIFTY-III.NFO,26/06/2024,09:32:30,23909,23905.05,200,23910.6,75,0,713850
NIFTY-III.NFO,26/06/2024,09:32:32,23909,23905,100,23909.45,125,0,713850
NIFTY-III.NFO,26/06/2024,09:32:34,23909,23905,100,23909.5,225,0,713850
NIFTY-III.NFO,26/06/2024,09:32:35,23909,23905,100,23909.2,250,0,713850
NIFTY-III.NFO,26/06/2024,09:32:37,23909,23905,50,23908.05,575,0,713850
NIFTY-III.NFO,26/06/2024,09:32:39,23909,23905,50,23907.75,225,0,713850
NIFTY-III.NFO,26/06/2024,09:32:40,23909,23905,50,23906.25,250,0,713850
NIFTY-III.NFO,26/06/2024,09:32:42,23909,23905,50,23907.65,250,0,713850
NIFTY-III.NFO,26/06/2024,09:32:44,23909,23905,50,23908.1,250,0,713850
NIFTY-III.NFO,26/06/2024,09:32:45,23909,23905,50,23908.75,250,0,713850
NIFTY-III.NFO,26/06/2024,09:32:47,23909,23907.75,50,23908.4,225,0,713850
NIFTY-III.NFO,26/06/2024,09:32:49,23909,23907.75,50,23908.8,250,25,713850
NIFTY-III.NFO,26/06/2024,09:32:50,23909,23907.75,50,23908.55,250,0,713850
NIFTY-III.NFO,26/06/2024,09:32:52,23910,23907.75,50,23909.85,250,50,713850
NIFTY-III.NFO,26/06/2024,09:32:53,23910,23907.75,50,23908.95,250,0,713850
NIFTY-III.NFO,26/06/2024,09:32:55,23910,23907.75,50,23909.25,250,0,713850
NIFTY-III.NFO,26/06/2024,09:32:57,23910,23907.75,50,23911.55,250,0,713850
NIFTY-III.NFO,26/06/2024,09:32:58,23910,23907.75,50,23910.6,250,0,713850
NIFTY-III.NFO,26/06/2024,09:33:00,23907.75,23907.75,25,23910,250,25,713850
NIFTY-III.NFO,26/06/2024,09:33:02,23907.75,23907.95,75,23910.9,250,0,713850
NIFTY-III.NFO,26/06/2024,09:33:03,23905,23903.55,200,23909.9,325,200,713850
NIFTY-III.NFO,26/06/2024,09:33:05,23905,23903.55,200,23909.9,75,0,713850
NIFTY-III.NFO,26/06/2024,09:33:07,23909.9,23902.4,200,23909.9,50,25,713850
NIFTY-III.NFO,26/06/2024,09:33:08,23909.9,23902.4,200,23909.9,50,0,713850
NIFTY-III.NFO,26/06/2024,09:33:10,23909.9,23904.55,275,23909.9,50,0,713850
NIFTY-III.NFO,26/06/2024,09:33:12,23910.05,23904.55,275,23910.85,75,75,713850
NIFTY-III.NFO,26/06/2024,09:33:13,23910.05,23904.65,200,23912.5,75,0,713850
NIFTY-III.NFO,26/06/2024,09:33:15,23910.05,23904.65,200,23912.2,75,0,713850
NIFTY-III.NFO,26/06/2024,09:33:16,23904.6,23904.65,200,23912.95,325,450,713850
NIFTY-III.NFO,26/06/2024,09:33:18,23904.6,23910,25,23912.85,200,0,713850
NIFTY-III.NFO,26/06/2024,09:33:20,23904.6,23910.05,50,23912.75,200,0,713850
NIFTY-III.NFO,26/06/2024,09:33:21,23904.6,23910.1,275,23913,25,0,713850
NIFTY-III.NFO,26/06/2024,09:33:23,23904.6,23910.6,200,23913,25,0,713850
NIFTY-III.NFO,26/06/2024,09:33:25,23904.6,23911.95,200,23913,25,0,713850
NIFTY-III.NFO,26/06/2024,09:33:26,23916,23916.05,75,23917.35,300,275,713850
NIFTY-III.NFO,26/06/2024,09:33:28,23916,23913.8,50,23917.35,300,0,713850
NIFTY-III.NFO,26/06/2024,09:33:30,23916,23914,150,23917.35,300,0,713850
NIFTY-III.NFO,26/06/2024,09:33:31,23916,23913.85,75,23917.35,300,0,713850
NIFTY-III.NFO,26/06/2024,09:33:33,23916,23913.95,75,23917.35,300,0,713850
NIFTY-III.NFO,26/06/2024,09:33:35,23916,23914.1,75,23917.35,300,0,713850
NIFTY-III.NFO,26/06/2024,09:33:36,23917.35,23916.7,75,23918.6,25,300,713850
NIFTY-III.NFO,26/06/2024,09:33:38,23922.65,23917.7,75,23922.65,50,75,713850
NIFTY-III.NFO,26/06/2024,09:33:40,23922.65,23921.25,75,23927.25,75,0,713850
NIFTY-III.NFO,26/06/2024,09:33:41,23922.65,23924.9,75,23930,75,0,713850
NIFTY-III.NFO,26/06/2024,09:33:43,23930,23925,175,23930,25,50,713850
NIFTY-III.NFO,26/06/2024,09:33:45,23930,23928.5,75,23930,25,0,713850
NIFTY-III.NFO,26/06/2024,09:33:46,23935.75,23928.55,75,23934.45,150,150,713850
NIFTY-III.NFO,26/06/2024,09:33:48,23936.1,23928.9,75,23937.05,75,50,714575
NIFTY-III.NFO,26/06/2024,09:33:50,23936.1,23930,25,23935.1,150,0,714575
NIFTY-III.NFO,26/06/2024,09:33:51,23936.1,23930,25,23933.85,150,0,714575
NIFTY-III.NFO,26/06/2024,09:33:53,23936.1,23930,25,23932.85,150,0,714575
NIFTY-III.NFO,26/06/2024,09:33:55,23934.25,23930,100,23935.25,275,25,714575
NIFTY-III.NFO,26/06/2024,09:33:56,23934.25,23930,25,23934.75,275,0,714575
NIFTY-III.NFO,26/06/2024,09:33:58,23933.6,23930,25,23933.95,200,25,714575
NIFTY-III.NFO,26/06/2024,09:34:00,23933.6,23925,175,23931.05,200,0,714575
NIFTY-III.NFO,26/06/2024,09:34:01,23933.05,23925.2,25,23933.05,200,25,714575
NIFTY-III.NFO,26/06/2024,09:34:03,23933.05,23925,100,23929.05,200,0,714575
NIFTY-III.NFO,26/06/2024,09:34:05,23933.05,23925,100,23926.85,275,0,714575
NIFTY-III.NFO,26/06/2024,09:34:06,23929.05,23922.2,100,23929,200,100,714575
NIFTY-III.NFO,26/06/2024,09:34:08,23921.15,23919.9,75,23925.45,200,25,714575
NIFTY-III.NFO,26/06/2024,09:34:10,23925.45,23918.95,150,23926.3,200,75,714575
NIFTY-III.NFO,26/06/2024,09:34:11,23925.35,23918.5,175,23925.35,200,25,714575
NIFTY-III.NFO,26/06/2024,09:34:13,23925.35,23917.55,175,23925.35,200,0,714575
NIFTY-III.NFO,26/06/2024,09:34:15,23925.35,23917.7,175,23925.35,200,0,714575
NIFTY-III.NFO,26/06/2024,09:34:16,23925.35,23917.55,200,23924.65,200,25,714575
NIFTY-III.NFO,26/06/2024,09:34:18,23925.35,23916.05,275,23923.35,275,0,714575
NIFTY-III.NFO,26/06/2024,09:34:20,23922.4,23916.15,75,23922.1,175,25,714575
NIFTY-III.NFO,26/06/2024,09:34:21,23922.4,23916,50,23921,175,0,714575
NIFTY-III.NFO,26/06/2024,09:34:23,23922.4,23916.1,75,23921.25,250,0,714575
NIFTY-III.NFO,26/06/2024,09:34:25,23919.95,23916,50,23919.9,125,75,714575
NIFTY-III.NFO,26/06/2024,09:34:26,23916,23916,25,23917.85,100,25,714575
NIFTY-III.NFO,26/06/2024,09:34:28,23916,23916,25,23918.35,175,0,714575
NIFTY-III.NFO,26/06/2024,09:34:30,23916,23909.35,200,23917.55,100,25,714575
NIFTY-III.NFO,26/06/2024,09:34:31,23916,23909.35,200,23917.4,100,0,714575
NIFTY-III.NFO,26/06/2024,09:34:33,23909.35,23909.85,275,23918,125,25,714575
NIFTY-III.NFO,26/06/2024,09:34:35,23909.35,23910.1,200,23918,125,0,714575
NIFTY-III.NFO,26/06/2024,09:34:36,23909.35,23912.9,200,23919.75,125,0,714575
NIFTY-III.NFO,26/06/2024,09:34:38,23909.35,23913.4,200,23920,25,0,714575
NIFTY-III.NFO,26/06/2024,09:34:40,23909.35,23913.4,200,23919.95,200,0,714575
NIFTY-III.NFO,26/06/2024,09:34:41,23909.35,23913.4,200,23919.9,125,0,714575
NIFTY-III.NFO,26/06/2024,09:34:43,23909.35,23913.4,200,23920,25,0,714575
NIFTY-III.NFO,26/06/2024,09:34:45,23920,23914.35,200,23922.4,125,25,714575
NIFTY-III.NFO,26/06/2024,09:34:46,23920,23915,200,23922.7,125,0,714575
NIFTY-III.NFO,26/06/2024,09:34:48,23920,23915.1,275,23922.85,125,0,714575
NIFTY-III.NFO,26/06/2024,09:34:50,23920,23914.6,200,23922.25,125,0,714575
NIFTY-III.NFO,26/06/2024,09:34:51,23920,23917,75,23922.45,200,0,714575
NIFTY-III.NFO,26/06/2024,09:34:53,23920,23915.55,200,23922.55,125,0,714575
NIFTY-III.NFO,26/06/2024,09:34:55,23920,23911.35,200,23919.9,125,0,714575
NIFTY-III.NFO,26/06/2024,09:34:56,23920,23912.9,75,23918.8,125,0,714575
NIFTY-III.NFO,26/06/2024,09:34:58,23920,23912.65,200,23919.75,125,0,714575
NIFTY-III.NFO,26/06/2024,09:35:00,23911.9,23911.9,200,23919.15,150,25,714575
NIFTY-III.NFO,26/06/2024,09:35:01,23911.9,23911.45,200,23918.85,150,0,714575
NIFTY-III.NFO,26/06/2024,09:35:03,23911.9,23913,200,23918.1,150,0,714575
NIFTY-III.NFO,26/06/2024,09:35:05,23911.9,23912.9,275,23918.05,150,0,714575
NIFTY-III.NFO,26/06/2024,09:35:06,23911.9,23913.7,200,23919.95,225,0,714575
NIFTY-III.NFO,26/06/2024,09:35:08,23911.9,23915.05,275,23919.95,150,0,714575
NIFTY-III.NFO,26/06/2024,09:35:10,23911.9,23915.15,200,23920,50,0,714575
NIFTY-III.NFO,26/06/2024,09:35:11,23911.9,23918.45,275,23920,50,0,714575
NIFTY-III.NFO,26/06/2024,09:35:13,23920,23918.4,200,23920,75,50,714575
NIFTY-III.NFO,26/06/2024,09:35:15,23920,23918.45,200,23920,75,0,714575
NIFTY-III.NFO,26/06/2024,09:35:17,23920,23916.75,275,23920,75,0,714575
NIFTY-III.NFO,26/06/2024,09:35:18,23920,23916.35,275,23920,75,0,714575
NIFTY-III.NFO,26/06/2024,09:35:20,23920,23916,200,23920,150,0,714575
NIFTY-III.NFO,26/06/2024,09:35:22,23920,23917.7,200,23920,150,0,714575
NIFTY-III.NFO,26/06/2024,09:35:23,23920,23916,200,23920,150,0,714575
NIFTY-III.NFO,26/06/2024,09:35:25,23920,23915.45,200,23920,125,25,714575
NIFTY-III.NFO,26/06/2024,09:35:27,23920,23913.95,200,23919.95,200,0,714575
NIFTY-III.NFO,26/06/2024,09:35:28,23919.95,23918.05,25,23919.95,250,25,714575
NIFTY-III.NFO,26/06/2024,09:35:30,23919.95,23918.1,25,23920,125,0,714575
NIFTY-III.NFO,26/06/2024,09:35:32,23919.95,23918.1,25,23919.95,175,0,714575
NIFTY-III.NFO,26/06/2024,09:35:33,23919.95,23918.1,25,23919.95,125,125,714575
NIFTY-III.NFO,26/06/2024,09:35:35,23919.95,23918.1,25,23919.95,125,0,714575
NIFTY-III.NFO,26/06/2024,09:35:38,23919.95,23918.1,25,23919.9,50,25,714575
NIFTY-III.NFO,26/06/2024,09:35:40,23918.1,23918.05,25,23919.95,25,25,714575
NIFTY-III.NFO,26/06/2024,09:35:42,23918.1,23918.05,25,23919.55,25,0,714575
NIFTY-III.NFO,26/06/2024,09:35:43,23920,23918.05,25,23920,125,50,714575
NIFTY-III.NFO,26/06/2024,09:35:45,23920,23918.05,25,23919.85,75,0,714575
NIFTY-III.NFO,26/06/2024,09:35:47,23920,23918.05,25,23919.7,75,0,714575
NIFTY-III.NFO,26/06/2024,09:35:48,23920,23918.05,25,23920,150,0,714575
NIFTY-III.NFO,26/06/2024,09:35:50,23920,23918.1,275,23920,150,0,714575
NIFTY-III.NFO,26/06/2024,09:35:52,23920,23918.05,25,23920,125,25,714575
NIFTY-III.NFO,26/06/2024,09:35:53,23920,23918.05,25,23920,125,0,714575
NIFTY-III.NFO,26/06/2024,09:35:55,23920,23918.05,25,23919.95,100,0,714575
NIFTY-III.NFO,26/06/2024,09:35:57,23915.5,23915.05,75,23920,125,75,714575
NIFTY-III.NFO,26/06/2024,09:35:58,23915.5,23915.05,275,23920,125,0,714575
NIFTY-III.NFO,26/06/2024,09:36:02,23915.5,23915.25,200,23920,125,0,714575
NIFTY-III.NFO,26/06/2024,09:36:03,23915.5,23915.05,200,23918.05,100,0,714575
NIFTY-III.NFO,26/06/2024,09:36:05,23915.5,23915,25,23918.05,100,0,714575
NIFTY-III.NFO,26/06/2024,09:36:07,23915.5,23915,50,23918.05,100,0,714575
NIFTY-III.NFO,26/06/2024,09:36:10,23915.5,23915.05,275,23918.05,100,0,714575
NIFTY-III.NFO,26/06/2024,09:36:13,23915.5,23915.65,200,23918.05,100,0,714575
NIFTY-III.NFO,26/06/2024,09:36:16,23915.5,23915.55,200,23918.05,100,0,714575
NIFTY-III.NFO,26/06/2024,09:36:18,23915.5,23915.55,275,23918.05,100,0,714575
NIFTY-III.NFO,26/06/2024,09:36:20,23918.05,23915.55,275,23918.05,25,75,714575
NIFTY-III.NFO,26/06/2024,09:36:21,23918.05,23916.35,200,23918.05,25,0,714575
NIFTY-III.NFO,26/06/2024,09:36:23,23915.55,23915.55,200,23918.05,25,100,714575
NIFTY-III.NFO,26/06/2024,09:36:25,23915.55,23915.55,275,23918.05,25,0,714575
NIFTY-III.NFO,26/06/2024,09:36:28,23915.55,23915.55,300,23918.05,25,0,714575
NIFTY-III.NFO,26/06/2024,09:36:30,23915.55,23916.75,200,23918.05,25,0,714575
NIFTY-III.NFO,26/06/2024,09:36:32,23915.55,23917,275,23918.05,25,0,714575
NIFTY-III.NFO,26/06/2024,09:36:33,23915.55,23916.55,200,23918.05,25,0,714575
NIFTY-III.NFO,26/06/2024,09:36:35,23915.55,23915.55,275,23918.05,25,0,714575
NIFTY-III.NFO,26/06/2024,09:36:38,23915.55,23916.15,275,23918.05,25,0,714575
NIFTY-III.NFO,26/06/2024,09:36:40,23915.55,23915.55,275,23918.05,25,0,714575
NIFTY-III.NFO,26/06/2024,09:36:42,23915,23915,25,23918.05,25,125,714575
NIFTY-III.NFO,26/06/2024,09:36:43,23915,23915.05,275,23918.05,25,0,714575
NIFTY-III.NFO,26/06/2024,09:36:45,23915,23915.05,200,23918.05,25,0,714575
NIFTY-III.NFO,26/06/2024,09:36:47,23915,23915.05,275,23918.05,25,0,714575
NIFTY-III.NFO,26/06/2024,09:36:48,23915,23915,25,23918,125,0,714575
NIFTY-III.NFO,26/06/2024,09:36:50,23915,23915,25,23917.7,200,0,714575
NIFTY-III.NFO,26/06/2024,09:36:52,23915,23918,25,23918.05,25,0,714575
NIFTY-III.NFO,26/06/2024,09:36:53,23920,23920,50,23922,275,75,714675
NIFTY-III.NFO,26/06/2024,09:36:55,23920,23920,50,23922,275,0,714675
NIFTY-III.NFO,26/06/2024,09:36:58,23920,23920,50,23921.95,125,0,714675
NIFTY-III.NFO,26/06/2024,09:37:00,23920,23920,50,23921.95,200,0,714675
NIFTY-III.NFO,26/06/2024,09:37:02,23920,23915,100,23919.95,200,50,714675
NIFTY-III.NFO,26/06/2024,09:37:03,23920,23915,25,23919.95,200,0,714675
NIFTY-III.NFO,26/06/2024,09:37:05,23919.1,23915,25,23919.1,75,50,714675
NIFTY-III.NFO,26/06/2024,09:37:07,23919.1,23915.05,275,23919.95,150,0,714675
NIFTY-III.NFO,26/06/2024,09:37:10,23919.1,23915.05,275,23919.95,75,0,714675
NIFTY-III.NFO,26/06/2024,09:37:12,23919.1,23915.05,275,23919.1,25,0,714675
NIFTY-III.NFO,26/06/2024,09:37:13,23919.1,23915,25,23919.05,75,0,714675
NIFTY-III.NFO,26/06/2024,09:37:15,23919.1,23915.05,200,23919.1,25,0,714675
NIFTY-III.NFO,26/06/2024,09:37:16,23919.1,23915,25,23919.05,150,0,714675
NIFTY-III.NFO,26/06/2024,09:37:18,23915,23914.55,200,23919.1,25,25,714675
NIFTY-III.NFO,26/06/2024,09:37:20,23915,23915.05,200,23919.1,25,0,714675
NIFTY-III.NFO,26/06/2024,09:37:21,23915,23915.05,275,23919.1,25,0,714675
NIFTY-III.NFO,26/06/2024,09:37:23,23919.1,23916,200,23920,50,25,714675
NIFTY-III.NFO,26/06/2024,09:37:25,23919.1,23915.05,275,23920,125,0,714675
NIFTY-III.NFO,26/06/2024,09:37:26,23919.1,23915.05,275,23920,50,0,714675
NIFTY-III.NFO,26/06/2024,09:37:28,23919.1,23915.8,200,23920,50,0,714675
NIFTY-III.NFO,26/06/2024,09:37:30,23919.1,23915.05,275,23919.95,150,0,714675
NIFTY-III.NFO,26/06/2024,09:37:31,23919.1,23915.05,275,23919.95,75,0,714675
NIFTY-III.NFO,26/06/2024,09:37:33,23919.1,23915.05,200,23915.8,25,0,714675
NIFTY-III.NFO,26/06/2024,09:37:38,23915.05,23915.05,275,23920,50,25,714675
NIFTY-III.NFO,26/06/2024,09:37:40,23915.05,23917.4,200,23920,50,0,714675
NIFTY-III.NFO,26/06/2024,09:37:41,23915.05,23915.65,275,23920,50,0,714675
NIFTY-III.NFO,26/06/2024,09:37:43,23915.05,23915.05,275,23919.95,175,0,714675
NIFTY-III.NFO,26/06/2024,09:37:45,23915.05,23915.05,275,23920,50,0,714675
NIFTY-III.NFO,26/06/2024,09:37:46,23915.05,23916.65,275,23920,50,0,714675
NIFTY-III.NFO,26/06/2024,09:37:48,23915.05,23916.5,275,23920,50,0,714675
NIFTY-III.NFO,26/06/2024,09:37:50,23915.05,23916.4,200,23920,50,0,714675
NIFTY-III.NFO,26/06/2024,09:37:51,23922,23921.6,275,23922,225,125,714675
NIFTY-III.NFO,26/06/2024,09:37:53,23922,23918.75,275,23922,225,0,714675
NIFTY-III.NFO,26/06/2024,09:37:55,23922,23918.95,275,23922,225,0,714675
NIFTY-III.NFO,26/06/2024,09:37:56,23922,23917.6,275,23922,225,0,714675
NIFTY-III.NFO,26/06/2024,09:37:58,23922,23917.3,275,23921.95,100,0,714675
NIFTY-III.NFO,26/06/2024,09:38:00,23922,23918,200,23922,200,25,714675
NIFTY-III.NFO,26/06/2024,09:38:01,23922,23919.1,75,23922,200,0,714675
NIFTY-III.NFO,26/06/2024,09:38:03,23922,23919.25,275,23922,175,25,714675
NIFTY-III.NFO,26/06/2024,09:38:05,23922,23920.05,200,23922,175,0,714675
NIFTY-III.NFO,26/06/2024,09:38:06,23922,23920.5,200,23922,125,25,714675
NIFTY-III.NFO,26/06/2024,09:38:08,23920.45,23919.4,200,23922,125,50,714675
NIFTY-III.NFO,26/06/2024,09:38:10,23920.45,23919.2,200,23922,125,0,714675
NIFTY-III.NFO,26/06/2024,09:38:11,23920.45,23920.4,200,23922,125,0,714675
NIFTY-III.NFO,26/06/2024,09:38:13,23920,23918.65,200,23922,100,75,714675
NIFTY-III.NFO,26/06/2024,09:38:14,23920,23920.15,200,23920.45,25,0,714675
NIFTY-III.NFO,26/06/2024,09:38:16,23920.45,23920.3,250,23922,100,25,714675
NIFTY-III.NFO,26/06/2024,09:38:18,23920.5,23920.05,200,23922,100,100,714675
NIFTY-III.NFO,26/06/2024,09:38:19,23920.5,23920.05,200,23922,100,0,714675
NIFTY-III.NFO,26/06/2024,09:38:21,23920.5,23920,25,23922,100,0,714675
NIFTY-III.NFO,26/06/2024,09:38:26,23922,23920.05,200,23924.95,275,100,714675
NIFTY-III.NFO,26/06/2024,09:38:28,23920.1,23920.75,175,23925,25,25,714675
NIFTY-III.NFO,26/06/2024,09:38:29,23924.95,23920.05,275,23924.95,200,25,714675
NIFTY-III.NFO,26/06/2024,09:38:31,23924.95,23917.35,200,23924.95,275,0,714675
NIFTY-III.NFO,26/06/2024,09:38:33,23917.35,23917.5,175,23923.95,200,25,714675
NIFTY-III.NFO,26/06/2024,09:38:34,23917.35,23918.35,175,23923.95,275,0,714675
NIFTY-III.NFO,26/06/2024,09:38:36,23917.35,23919.75,175,23924,100,0,714675
NIFTY-III.NFO,26/06/2024,09:38:38,23917.35,23919.8,250,23922,100,0,714675
NIFTY-III.NFO,26/06/2024,09:38:39,23917.35,23920.5,125,23922,300,0,714675
NIFTY-III.NFO,26/06/2024,09:38:41,23917.35,23919.75,175,23922,300,0,714675
NIFTY-III.NFO,26/06/2024,09:38:43,23917.35,23919.7,250,23922,300,0,714675
NIFTY-III.NFO,26/06/2024,09:38:46,23917.35,23919.05,250,23922,300,0,714675
NIFTY-III.NFO,26/06/2024,09:38:48,23917.35,23917.45,250,23921.95,275,0,714675
NIFTY-III.NFO,26/06/2024,09:38:49,23917.35,23917.35,25,23921.95,275,0,714675
NIFTY-III.NFO,26/06/2024,09:38:51,23917.35,23917.35,50,23921.95,275,0,714675
NIFTY-III.NFO,26/06/2024,09:38:52,23917.35,23919.05,250,23922,300,0,714675
NIFTY-III.NFO,26/06/2024,09:38:54,23920,23919.3,75,23922,200,100,714675
NIFTY-III.NFO,26/06/2024,09:38:56,23920,23920.65,250,23922,200,0,714675
NIFTY-III.NFO,26/06/2024,09:38:57,23920.65,23920,225,23922,200,25,714675
NIFTY-III.NFO,26/06/2024,09:38:59,23920.65,23919.4,225,23922,200,0,714675
NIFTY-III.NFO,26/06/2024,09:39:01,23920.65,23918.95,75,23920.15,25,0,714675
NIFTY-III.NFO,26/06/2024,09:39:02,23920.15,23920,50,23922,200,25,714675
NIFTY-III.NFO,26/06/2024,09:39:04,23920.15,23920.1,125,23922,200,0,714675
NIFTY-III.NFO,26/06/2024,09:39:06,23920.15,23921.1,50,23922,200,0,714675
NIFTY-III.NFO,26/06/2024,09:39:07,23922,23920,50,23922,175,25,714675
NIFTY-III.NFO,26/06/2024,09:39:09,23922,23920,50,23922,175,0,714675
NIFTY-III.NFO,26/06/2024,09:39:11,23922,23920.2,50,23922,175,0,714675
NIFTY-III.NFO,26/06/2024,09:39:12,23920,23920.3,75,23922,175,75,714675
NIFTY-III.NFO,26/06/2024,09:39:14,23920,23920,25,23922,175,0,714675
NIFTY-III.NFO,26/06/2024,09:39:16,23920,23920.25,75,23922,175,0,714675
NIFTY-III.NFO,26/06/2024,09:39:17,23920.7,23920.6,25,23922,175,25,714675
NIFTY-III.NFO,26/06/2024,09:39:19,23920.7,23920,25,23922,175,0,714675
NIFTY-III.NFO,26/06/2024,09:39:21,23919.55,23920.1,150,23922,150,75,714675
NIFTY-III.NFO,26/06/2024,09:39:22,23919.55,23920.1,75,23922,150,0,714675
NIFTY-III.NFO,26/06/2024,09:39:24,23919.55,23919.3,150,23922,150,0,714675
NIFTY-III.NFO,26/06/2024,09:39:26,23919.55,23918.75,75,23922,150,0,714675
NIFTY-III.NFO,26/06/2024,09:39:27,23919.55,23918.75,150,23922,150,0,714675
NIFTY-III.NFO,26/06/2024,09:39:29,23918.75,23918.75,125,23922,150,25,714675
NIFTY-III.NFO,26/06/2024,09:39:31,23918.75,23921.7,50,23922,150,0,714675
NIFTY-III.NFO,26/06/2024,09:39:32,23918.75,23918.65,50,23922,150,0,714675
NIFTY-III.NFO,26/06/2024,09:39:34,23917.35,23915.6,50,23921.95,275,25,714675
NIFTY-III.NFO,26/06/2024,09:39:36,23917.35,23915.05,50,23919.55,200,0,714675
NIFTY-III.NFO,26/06/2024,09:39:37,23917.35,23915.05,50,23919.9,200,0,714675
NIFTY-III.NFO,26/06/2024,09:39:39,23917.35,23915,150,23919.8,200,0,714675
NIFTY-III.NFO,26/06/2024,09:39:41,23917.35,23915,150,23919.3,275,0,714675
NIFTY-III.NFO,26/06/2024,09:39:42,23919.15,23915,150,23919.05,200,25,714675
NIFTY-III.NFO,26/06/2024,09:39:44,23919.05,23915,150,23918.25,200,25,714675
NIFTY-III.NFO,26/06/2024,09:39:46,23919.05,23915,150,23918.6,275,0,714675
NIFTY-III.NFO,26/06/2024,09:39:47,23919.05,23915,150,23918.25,200,0,714675
NIFTY-III.NFO,26/06/2024,09:39:49,23915,23915,125,23918.4,275,25,715275
NIFTY-III.NFO,26/06/2024,09:39:50,23915,23915,125,23917.3,275,0,715275
NIFTY-III.NFO,26/06/2024,09:39:52,23915,23917.2,25,23917.3,200,25,715275
NIFTY-III.NFO,26/06/2024,09:39:54,23915,23915,50,23917.15,275,75,715275
NIFTY-III.NFO,26/06/2024,09:39:55,23915,23915,50,23916.75,275,0,715275
NIFTY-III.NFO,26/06/2024,09:39:57,23915,23915,25,23916.95,200,25,715275
NIFTY-III.NFO,26/06/2024,09:39:59,23915,23915,25,23916.95,200,0,715275
NIFTY-III.NFO,26/06/2024,09:40:00,23915,23915,25,23917,100,0,715275
NIFTY-III.NFO,26/06/2024,09:40:05,23915.05,23915.05,175,23917,100,25,715275
NIFTY-III.NFO,26/06/2024,09:40:07,23915.5,23915,100,23917,100,300,715275
NIFTY-III.NFO,26/06/2024,09:40:09,23915.5,23915,25,23917,100,0,715275
NIFTY-III.NFO,26/06/2024,09:40:10,23915.5,23915,100,23917,100,0,715275
NIFTY-III.NFO,26/06/2024,09:40:13,23915.5,23916,25,23917,100,0,715275
NIFTY-III.NFO,26/06/2024,09:40:20,23915.5,23916.35,325,23917,100,0,715275
NIFTY-III.NFO,26/06/2024,09:40:22,23917,23916,100,23920,25,100,715275
NIFTY-III.NFO,26/06/2024,09:40:23,23917,23916,25,23919.95,200,0,715275
NIFTY-III.NFO,26/06/2024,09:40:25,23917,23916,25,23919.95,275,0,715275
NIFTY-III.NFO,26/06/2024,09:40:28,23919.95,23915.05,100,23919.95,275,25,715275
NIFTY-III.NFO,26/06/2024,09:40:30,23919.95,23915.15,25,23920,25,0,715275
NIFTY-III.NFO,26/06/2024,09:40:31,23919.95,23917.25,100,23920,25,0,715275
NIFTY-III.NFO,26/06/2024,09:40:33,23919.95,23916.9,100,23920,25,0,715275
NIFTY-III.NFO,26/06/2024,09:40:35,23919.95,23916.75,25,23920,25,0,715275
NIFTY-III.NFO,26/06/2024,09:40:36,23919.95,23915.7,25,23919,25,0,715275
NIFTY-III.NFO,26/06/2024,09:40:38,23919.95,23916.05,100,23919,25,0,715275
NIFTY-III.NFO,26/06/2024,09:40:41,23919.95,23915.75,50,23919,25,0,715275
NIFTY-III.NFO,26/06/2024,09:40:43,23919.95,23915.8,100,23919,25,0,715275
NIFTY-III.NFO,26/06/2024,09:40:45,23919,23915.9,100,23920,50,25,715275
NIFTY-III.NFO,26/06/2024,09:40:46,23919,23917.05,25,23920,50,0,715275
NIFTY-III.NFO,26/06/2024,09:40:48,23919,23917.05,100,23920,100,0,715275
NIFTY-III.NFO,26/06/2024,09:40:50,23920,23919.5,100,23922,150,100,715275
NIFTY-III.NFO,26/06/2024,09:40:51,23922,23918.5,25,23922,125,25,715275
NIFTY-III.NFO,26/06/2024,09:40:53,23922,23918.45,50,23920,25,0,715275
NIFTY-III.NFO,26/06/2024,09:40:55,23922,23917.6,50,23920,25,0,715275
NIFTY-III.NFO,26/06/2024,09:40:56,23922,23918.3,50,23920,25,0,715275
NIFTY-III.NFO,26/06/2024,09:40:58,23920,23917.45,100,23921.95,200,25,715275
NIFTY-III.NFO,26/06/2024,09:40:59,23920,23918.25,125,23922,125,0,715275
NIFTY-III.NFO,26/06/2024,09:41:01,23920,23918.2,100,23922,125,0,715275
NIFTY-III.NFO,26/06/2024,09:41:03,23920,23917.05,100,23922,125,0,715275
NIFTY-III.NFO,26/06/2024,09:41:04,23920,23917,25,23921.95,275,0,715275
NIFTY-III.NFO,26/06/2024,09:41:06,23920,23917,25,23919.95,200,0,715275
NIFTY-III.NFO,26/06/2024,09:41:08,23919.95,23915.05,125,23920,50,25,715275
NIFTY-III.NFO,26/06/2024,09:41:09,23919.95,23915.75,50,23920,50,0,715275
NIFTY-III.NFO,26/06/2024,09:41:11,23919.95,23917.05,50,23920,50,0,715275
NIFTY-III.NFO,26/06/2024,09:41:13,23919.95,23919.8,25,23920,50,0,715275
NIFTY-III.NFO,26/06/2024,09:41:14,23920,23917.5,25,23920,25,25,715275
NIFTY-III.NFO,26/06/2024,09:41:16,23920,23917.5,25,23920,25,0,715275
NIFTY-III.NFO,26/06/2024,09:41:19,23920,23919.95,25,23920,50,0,715275
NIFTY-III.NFO,26/06/2024,09:41:21,23920,23919.95,25,23921.95,200,50,715275
NIFTY-III.NFO,26/06/2024,09:41:22,23920,23919.95,25,23921.95,200,0,715275
NIFTY-III.NFO,26/06/2024,09:41:26,23920,23920,25,23921.95,200,0,715275
NIFTY-III.NFO,26/06/2024,09:41:31,23919.95,23916.1,125,23921.95,275,50,715275
NIFTY-III.NFO,26/06/2024,09:41:32,23919.95,23916.3,100,23921.95,275,0,715275
NIFTY-III.NFO,26/06/2024,09:41:34,23919.95,23916.55,50,23921.95,200,0,715275
NIFTY-III.NFO,26/06/2024,09:41:36,23919.95,23916.5,125,23921.95,275,0,715275
NIFTY-III.NFO,26/06/2024,09:41:37,23919.95,23916.7,50,23921.95,200,0,715275
NIFTY-III.NFO,26/06/2024,09:41:39,23919.95,23920,25,23921.95,200,0,715275
NIFTY-III.NFO,26/06/2024,09:41:41,23922,23920,25,23922,100,25,715275
NIFTY-III.NFO,26/06/2024,09:41:42,23922,23920,100,23922,25,100,715275
NIFTY-III.NFO,26/06/2024,09:41:44,23922,23920,100,23924.95,200,25,715275
NIFTY-III.NFO,26/06/2024,09:41:46,23922,23920,100,23924.95,200,0,715275
NIFTY-III.NFO,26/06/2024,09:41:49,23922,23920.05,125,23924.95,200,0,715275
NIFTY-III.NFO,26/06/2024,09:41:51,23922,23920,25,23924.95,275,0,715275
NIFTY-III.NFO,26/06/2024,09:41:52,23919.55,23918.4,50,23924.95,275,50,715275
NIFTY-III.NFO,26/06/2024,09:41:54,23919.55,23919.55,50,23925,75,0,715275
NIFTY-III.NFO,26/06/2024,09:41:56,23925,23927,25,23928.25,200,75,715275
NIFTY-III.NFO,26/06/2024,09:41:57,23925,23922.3,50,23928.25,275,0,715275
NIFTY-III.NFO,26/06/2024,09:41:59,23925,23923.1,75,23927.75,275,0,715275
NIFTY-III.NFO,26/06/2024,09:42:01,23925,23922.05,125,23927.75,200,0,715275
NIFTY-III.NFO,26/06/2024,09:42:02,23925,23922,50,23927.25,200,0,715275
NIFTY-III.NFO,26/06/2024,09:42:04,23925,23922,125,23927.75,200,0,715275
NIFTY-III.NFO,26/06/2024,09:42:06,23922,23922,25,23927.75,200,25,715275
NIFTY-III.NFO,26/06/2024,09:42:07,23922,23922,25,23926.35,275,0,715275
NIFTY-III.NFO,26/06/2024,09:42:09,23922,23920,100,23926.15,200,25,715275
NIFTY-III.NFO,26/06/2024,09:42:11,23920,23918.4,50,23926.15,200,25,715275
NIFTY-III.NFO,26/06/2024,09:42:12,23920,23918.4,50,23926.15,200,0,715275
NIFTY-III.NFO,26/06/2024,09:42:14,23920,23917.05,50,23925.55,200,0,715275
NIFTY-III.NFO,26/06/2024,09:42:16,23920,23916.7,125,23923,200,0,715275
NIFTY-III.NFO,26/06/2024,09:42:18,23920,23916.65,75,23922.05,200,0,715275
NIFTY-III.NFO,26/06/2024,09:42:19,23920,23916.65,75,23921.8,200,0,715275
NIFTY-III.NFO,26/06/2024,09:42:21,23920,23916.65,75,23921.2,200,0,715275
NIFTY-III.NFO,26/06/2024,09:42:23,23920,23916.7,75,23921.95,275,0,715275
NIFTY-III.NFO,26/06/2024,09:42:24,23920,23916,50,23921.9,200,0,715275
NIFTY-III.NFO,26/06/2024,09:42:26,23920,23915.05,125,23920.6,275,0,715275
NIFTY-III.NFO,26/06/2024,09:42:27,23919.85,23915.05,150,23920.25,200,25,715275
NIFTY-III.NFO,26/06/2024,09:42:29,23919.85,23920,700,23921,275,0,715275
NIFTY-III.NFO,26/06/2024,09:42:31,23920,23920,675,23921.6,275,25,715275
NIFTY-III.NFO,26/06/2024,09:42:32,23920,23920,650,23921.65,275,25,715275
NIFTY-III.NFO,26/06/2024,09:42:34,23920,23920,600,23922.85,275,50,715275
NIFTY-III.NFO,26/06/2024,09:42:36,23920,23915.65,150,23921.25,200,600,715275
NIFTY-III.NFO,26/06/2024,09:42:37,23920,23915,100,23920.8,200,0,715275
NIFTY-III.NFO,26/06/2024,09:42:39,23920,23915,25,23919.95,275,0,715275
NIFTY-III.NFO,26/06/2024,09:42:41,23920,23915,25,23918.8,200,0,715275
NIFTY-III.NFO,26/06/2024,09:42:42,23920,23915,25,23919.95,275,0,715275
NIFTY-III.NFO,26/06/2024,09:42:44,23920,23915,100,23919.95,275,0,715275
NIFTY-III.NFO,26/06/2024,09:42:46,23920,23915,25,23919.25,200,0,715275
NIFTY-III.NFO,26/06/2024,09:42:47,23920,23915.45,75,23919.95,275,0,715275
NIFTY-III.NFO,26/06/2024,09:42:49,23920,23915,25,23919.95,275,0,715275
NIFTY-III.NFO,26/06/2024,09:42:50,23919.95,23915.05,100,23919.95,200,25,716100
NIFTY-III.NFO,26/06/2024,09:42:52,23919.95,23915,100,23919.95,275,0,716100
NIFTY-III.NFO,26/06/2024,09:42:54,23919.95,23915.05,175,23919.95,200,0,716100
NIFTY-III.NFO,26/06/2024,09:42:55,23919.95,23915.05,175,23919.95,275,0,716100
NIFTY-III.NFO,26/06/2024,09:42:57,23919.95,23915,25,23919.95,275,0,716100
NIFTY-III.NFO,26/06/2024,09:43:00,23919.95,23915,25,23919.7,200,25,716100
NIFTY-III.NFO,26/06/2024,09:43:02,23915,23913.7,200,23920.05,200,25,716100
NIFTY-III.NFO,26/06/2024,09:43:04,23915,23914.6,125,23920.15,275,0,716100
NIFTY-III.NFO,26/06/2024,09:43:05,23915,23914.95,125,23920,25,0,716100
NIFTY-III.NFO,26/06/2024,09:43:07,23915,23914.6,125,23919.95,200,0,716100
NIFTY-III.NFO,26/06/2024,09:43:09,23915,23914.35,200,23919.95,275,0,716100
NIFTY-III.NFO,26/06/2024,09:43:10,23915,23912.6,275,23919.5,275,0,716100
NIFTY-III.NFO,26/06/2024,09:43:12,23915,23913.2,200,23919.5,275,0,716100
NIFTY-III.NFO,26/06/2024,09:43:14,23915,23911.45,200,23916.85,25,0,716100
NIFTY-III.NFO,26/06/2024,09:43:15,23912.25,23911.6,175,23918.2,200,25,716100
NIFTY-III.NFO,26/06/2024,09:43:17,23912.25,23912.75,250,23919,200,0,716100
NIFTY-III.NFO,26/06/2024,09:43:18,23912.25,23914.35,100,23919.95,275,0,716100
NIFTY-III.NFO,26/06/2024,09:43:20,23919.95,23914.05,125,23919.85,200,25,716100
NIFTY-III.NFO,26/06/2024,09:43:22,23915.05,23915.05,175,23921.05,275,25,716100
NIFTY-III.NFO,26/06/2024,09:43:23,23915.05,23915.05,175,23921.2,275,0,716100
NIFTY-III.NFO,26/06/2024,09:43:25,23915.05,23915.05,175,23920.2,275,0,716100
NIFTY-III.NFO,26/06/2024,09:43:28,23915.05,23915.05,175,23921.55,275,0,716100
NIFTY-III.NFO,26/06/2024,09:43:30,23915.05,23915.05,175,23921.15,200,0,716100
NIFTY-III.NFO,26/06/2024,09:43:31,23915.05,23916.1,100,23921.8,200,0,716100
NIFTY-III.NFO,26/06/2024,09:43:33,23915.05,23918.65,150,23921.85,25,0,716100
NIFTY-III.NFO,26/06/2024,09:43:35,23915.05,23918.1,75,23921.85,25,0,716100
NIFTY-III.NFO,26/06/2024,09:43:36,23915.05,23915,250,23921.1,200,0,716100
NIFTY-III.NFO,26/06/2024,09:43:38,23915.05,23915,250,23919.55,200,0,716100
NIFTY-III.NFO,26/06/2024,09:43:40,23915.05,23915,250,23918.95,275,0,716100
NIFTY-III.NFO,26/06/2024,09:43:41,23915.05,23915,250,23918.1,200,0,716100
NIFTY-III.NFO,26/06/2024,09:43:43,23915.05,23915,250,23919.65,275,0,716100
NIFTY-III.NFO,26/06/2024,09:43:45,23915.05,23915,250,23919.3,200,0,716100
NIFTY-III.NFO,26/06/2024,09:43:46,23915.05,23915,250,23919.7,200,0,716100
NIFTY-III.NFO,26/06/2024,09:43:48,23917.7,23915,250,23918,200,100,716100
NIFTY-III.NFO,26/06/2024,09:43:50,23917.7,23915.05,25,23918.4,200,0,716100
NIFTY-III.NFO,26/06/2024,09:43:51,23918,23915.05,25,23917.3,225,50,716100
NIFTY-III.NFO,26/06/2024,09:43:53,23915.05,23915,250,23916.3,150,25,716100
NIFTY-III.NFO,26/06/2024,09:43:55,23919.35,23913.05,75,23919.3,175,200,716100
NIFTY-III.NFO,26/06/2024,09:43:56,23919.35,23912.2,200,23919.85,75,0,716100
NIFTY-III.NFO,26/06/2024,09:43:58,23919.35,23911.1,275,23917.2,75,0,716100
NIFTY-III.NFO,26/06/2024,09:43:59,23917.85,23911.1,275,23917.3,75,25,716100
NIFTY-III.NFO,26/06/2024,09:44:01,23917.85,23911.1,275,23917.7,75,0,716100
NIFTY-III.NFO,26/06/2024,09:44:03,23917.85,23911.1,275,23918.05,75,0,716100
NIFTY-III.NFO,26/06/2024,09:44:04,23917.85,23912.05,200,23918.65,250,0,716100
NIFTY-III.NFO,26/06/2024,09:44:06,23917.85,23912.05,275,23917.75,75,0,716100
NIFTY-III.NFO,26/06/2024,09:44:08,23917.85,23912.05,275,23917.35,75,0,716100
NIFTY-III.NFO,26/06/2024,09:44:09,23917.85,23912,25,23916.75,75,0,716100
NIFTY-III.NFO,26/06/2024,09:44:11,23917.85,23912,25,23916.9,250,0,716100
NIFTY-III.NFO,26/06/2024,09:44:13,23917.85,23912,25,23916.75,75,0,716100
NIFTY-III.NFO,26/06/2024,09:44:14,23917.85,23912,25,23916.8,250,0,716100
NIFTY-III.NFO,26/06/2024,09:44:16,23917.85,23912,25,23915.7,250,0,716100
NIFTY-III.NFO,26/06/2024,09:44:18,23917.85,23912,25,23916.15,250,0,716100
NIFTY-III.NFO,26/06/2024,09:44:19,23917.85,23912,25,23916.85,250,0,716100
NIFTY-III.NFO,26/06/2024,09:44:21,23917.85,23912,25,23914.5,250,0,716100
NIFTY-III.NFO,26/06/2024,09:44:23,23917.85,23912,25,23915.8,75,0,716100
NIFTY-III.NFO,26/06/2024,09:44:24,23911.05,23910,150,23914.35,150,50,716100
NIFTY-III.NFO,26/06/2024,09:44:26,23910,23910,125,23913.4,175,25,716100
NIFTY-III.NFO,26/06/2024,09:44:28,23909,23909,200,23910.8,25,175,716100
NIFTY-III.NFO,26/06/2024,09:44:29,23909,23910,25,23910.8,25,0,716100
NIFTY-III.NFO,26/06/2024,09:44:31,23909,23910,25,23912.75,25,0,716100
NIFTY-III.NFO,26/06/2024,09:44:34,23909,23910,25,23913.9,250,0,716100
NIFTY-III.NFO,26/06/2024,09:44:36,23909,23910,25,23912.7,25,0,716100
NIFTY-III.NFO,26/06/2024,09:44:38,23909,23909,175,23911.5,100,50,716100
NIFTY-III.NFO,26/06/2024,09:44:39,23909,23909,125,23911.2,25,50,716100
NIFTY-III.NFO,26/06/2024,09:44:41,23909,23909,125,23912.4,25,0,716100
NIFTY-III.NFO,26/06/2024,09:44:43,23909,23909.05,275,23914,25,0,716100
NIFTY-III.NFO,26/06/2024,09:44:44,23909,23909.05,275,23913.85,25,0,716100
NIFTY-III.NFO,26/06/2024,09:44:46,23909,23909.05,200,23913.85,25,0,716100
NIFTY-III.NFO,26/06/2024,09:44:48,23909,23909.05,275,23913.85,25,0,716100
NIFTY-III.NFO,26/06/2024,09:44:49,23909,23909,125,23913.5,100,0,716100
NIFTY-III.NFO,26/06/2024,09:44:51,23909.05,23909,125,23912.75,175,100,716100
NIFTY-III.NFO,26/06/2024,09:44:53,23909.05,23909,150,23911.9,25,0,716100
NIFTY-III.NFO,26/06/2024,09:44:54,23909.05,23909.05,200,23913.35,25,0,716100
NIFTY-III.NFO,26/06/2024,09:44:56,23909.05,23909,150,23912.55,25,0,716100
NIFTY-III.NFO,26/06/2024,09:44:58,23909.05,23909,150,23912.35,100,0,716100
NIFTY-III.NFO,26/06/2024,09:44:59,23909.05,23909,150,23913.1,175,0,716100
NIFTY-III.NFO,26/06/2024,09:45:01,23909,23905.55,200,23910.45,25,150,716100
NIFTY-III.NFO,26/06/2024,09:45:03,23909.5,23905.55,200,23912.2,100,25,716100
NIFTY-III.NFO,26/06/2024,09:45:04,23911.05,23905.55,200,23911.05,75,25,716100
NIFTY-III.NFO,26/06/2024,09:45:06,23911.05,23905.55,200,23910.55,25,0,716100
NIFTY-III.NFO,26/06/2024,09:45:08,23905.55,23905.55,200,23908.75,25,25,716100
NIFTY-III.NFO,26/06/2024,09:45:09,23908.75,23905.55,275,23911.15,100,25,716100
NIFTY-III.NFO,26/06/2024,09:45:11,23908.75,23905.55,275,23911.9,175,0,716100
NIFTY-III.NFO,26/06/2024,09:45:13,23905.6,23905.6,200,23911.9,150,50,716100
NIFTY-III.NFO,26/06/2024,09:45:14,23905.6,23906.15,200,23913.3,250,25,716100
NIFTY-III.NFO,26/06/2024,09:45:16,23905.6,23906.2,200,23912.85,175,0,716100
NIFTY-III.NFO,26/06/2024,09:45:18,23905.6,23906.8,200,23914.3,250,0,716100
NIFTY-III.NFO,26/06/2024,09:45:19,23905.6,23906.95,200,23913.25,175,0,716100
NIFTY-III.NFO,26/06/2024,09:45:21,23907.25,23907.1,200,23913.55,200,25,716100
NIFTY-III.NFO,26/06/2024,09:45:23,23907.25,23908.65,200,23915.3,200,0,716100
NIFTY-III.NFO,26/06/2024,09:45:24,23907.25,23907.4,275,23914.85,200,0,716100
NIFTY-III.NFO,26/06/2024,09:45:26,23907.25,23907.3,200,23913.9,275,0,716100
NIFTY-III.NFO,26/06/2024,09:45:28,23907.25,23907.3,200,23914.5,200,0,716100
NIFTY-III.NFO,26/06/2024,09:45:29,23907.3,23907.3,200,23914.5,200,50,716100
NIFTY-III.NFO,26/06/2024,09:45:31,23907.3,23908.05,200,23915.85,200,0,716100
NIFTY-III.NFO,26/06/2024,09:45:33,23908.05,23910,25,23914.5,275,50,716100
NIFTY-III.NFO,26/06/2024,09:45:34,23907.3,23907.45,125,23913.65,200,50,716100
NIFTY-III.NFO,26/06/2024,09:45:36,23907.65,23907.65,75,23914.15,200,50,716100
NIFTY-III.NFO,26/06/2024,09:45:37,23907.65,23907.1,75,23913.8,275,0,716100
NIFTY-III.NFO,26/06/2024,09:45:39,23907.65,23905.55,150,23911.65,200,0,716100
NIFTY-III.NFO,26/06/2024,09:45:41,23907.65,23905.5,300,23908.8,275,0,716100
NIFTY-III.NFO,26/06/2024,09:45:42,23905.5,23905.5,275,23908.9,200,25,716100
NIFTY-III.NFO,26/06/2024,09:45:44,23905.5,23905.5,275,23906.5,200,0,716100
NIFTY-III.NFO,26/06/2024,09:45:46,23905.5,23905.5,275,23908.5,200,0,716100
NIFTY-III.NFO,26/06/2024,09:45:47,23905.5,23905.6,75,23910.95,200,0,716100
NIFTY-III.NFO,26/06/2024,09:45:49,23905.6,23905.5,275,23909.65,200,25,716100
NIFTY-III.NFO,26/06/2024,09:45:51,23905.6,23905.5,275,23908.1,200,0,716100
NIFTY-III.NFO,26/06/2024,09:45:52,23905.5,23903,50,23906.2,50,275,715775
NIFTY-III.NFO,26/06/2024,09:45:54,23903,23903,25,23906.45,50,25,715775
NIFTY-III.NFO,26/06/2024,09:45:55,23902,23905.5,100,23909.25,50,50,715775
NIFTY-III.NFO,26/06/2024,09:45:57,23905.5,23905.5,75,23908.6,50,25,715775
NIFTY-III.NFO,26/06/2024,09:45:59,23905.5,23905.5,75,23909.1,50,0,715775
NIFTY-III.NFO,26/06/2024,09:46:00,23905.5,23905.5,50,23908.25,50,25,715775
NIFTY-III.NFO,26/06/2024,09:46:02,23905.5,23905.5,25,23907.7,50,25,715775
NIFTY-III.NFO,26/06/2024,09:46:04,23905.5,23905.5,25,23907.65,125,0,715775
NIFTY-III.NFO,26/06/2024,09:46:05,23908.1,23901.05,275,23906.75,50,75,715775
NIFTY-III.NFO,26/06/2024,09:46:07,23908.1,23902,25,23907.25,50,0,715775
NIFTY-III.NFO,26/06/2024,09:46:09,23908.1,23902.05,275,23908.55,125,0,715775
NIFTY-III.NFO,26/06/2024,09:46:10,23908.1,23902.05,200,23908.4,50,0,715775
NIFTY-III.NFO,26/06/2024,09:46:12,23902.05,23902.05,275,23907.15,75,25,715775
NIFTY-III.NFO,26/06/2024,09:46:13,23902.05,23902,100,23906.85,150,0,715775
NIFTY-III.NFO,26/06/2024,09:46:15,23902.05,23902.05,275,23906.95,75,0,715775
NIFTY-III.NFO,26/06/2024,09:46:17,23905,23905.45,25,23908.45,75,25,715775
NIFTY-III.NFO,26/06/2024,09:46:18,23905,23902.05,275,23908.45,150,0,715775
NIFTY-III.NFO,26/06/2024,09:46:20,23905,23903,200,23908.5,25,0,715775
NIFTY-III.NFO,26/06/2024,09:46:22,23908.5,23903,200,23910.45,100,50,715775
NIFTY-III.NFO,26/06/2024,09:46:23,23908.5,23903,200,23905.5,25,0,715775
NIFTY-III.NFO,26/06/2024,09:46:25,23905.25,23903,200,23909.15,100,50,715775
NIFTY-III.NFO,26/06/2024,09:46:27,23905.25,23902.1,200,23908.95,100,0,715775
NIFTY-III.NFO,26/06/2024,09:46:28,23905.25,23902.05,200,23907,500,0,715775
NIFTY-III.NFO,26/06/2024,09:46:30,23905.25,23903.5,25,23906.95,100,0,715775
NIFTY-III.NFO,26/06/2024,09:46:31,23905.25,23903.5,25,23906.05,100,0,715775
NIFTY-III.NFO,26/06/2024,09:46:33,23905.25,23903.5,25,23906.3,175,0,715775
NIFTY-III.NFO,26/06/2024,09:46:35,23906.95,23903.5,25,23906.85,75,25,715775
NIFTY-III.NFO,26/06/2024,09:46:36,23906.95,23903.5,25,23906.8,75,0,715775
NIFTY-III.NFO,26/06/2024,09:46:38,23906.55,23903.5,25,23905.9,125,25,715775
NIFTY-III.NFO,26/06/2024,09:46:40,23906.55,23903.5,25,23906.95,50,0,715775
NIFTY-III.NFO,26/06/2024,09:46:41,23906.55,23903.5,25,23906.1,125,0,715775
NIFTY-III.NFO,26/06/2024,09:46:43,23901.25,23901.05,200,23906.05,50,100,715775
NIFTY-III.NFO,26/06/2024,09:46:45,23901.25,23901,375,23905.6,125,0,715775
NIFTY-III.NFO,26/06/2024,09:46:46,23901.25,23901,375,23904.9,50,0,715775
NIFTY-III.NFO,26/06/2024,09:46:48,23901,23901,50,23903.9,225,325,715775
NIFTY-III.NFO,26/06/2024,09:46:49,23901,23901,50,23903.65,50,0,715775
NIFTY-III.NFO,26/06/2024,09:46:51,23901,23901,50,23902.05,50,0,715775
NIFTY-III.NFO,26/06/2024,09:46:53,23901,23901,50,23902.75,50,0,715775
NIFTY-III.NFO,26/06/2024,09:46:54,23901,23902,100,23902.8,25,25,715775
NIFTY-III.NFO,26/06/2024,09:46:56,23901,23902,100,23902.4,25,0,715775
NIFTY-III.NFO,26/06/2024,09:46:58,23902,23902,50,23904.1,50,50,715775
NIFTY-III.NFO,26/06/2024,09:46:59,23902,23902,50,23904.9,25,0,715775
NIFTY-III.NFO,26/06/2024,09:47:01,23901,23900,525,23901,425,100,715775
NIFTY-III.NFO,26/06/2024,09:47:02,23901,23900,525,23901,425,0,715775
NIFTY-III.NFO,26/06/2024,09:47:04,23901,23900,525,23901,400,25,715775
NIFTY-III.NFO,26/06/2024,09:47:06,23901,23900.95,25,23901,400,0,715775
NIFTY-III.NFO,26/06/2024,09:47:07,23901,23902,200,23906.1,25,400,715775
NIFTY-III.NFO,26/06/2024,09:47:09,23901,23900.1,200,23906.9,125,0,715775
NIFTY-III.NFO,26/06/2024,09:47:11,23901,23900.1,200,23906.4,125,0,715775
NIFTY-III.NFO,26/06/2024,09:47:12,23901,23900.05,200,23901,250,0,715775
NIFTY-III.NFO,26/06/2024,09:47:14,23901,23900.1,200,23906,150,275,715775
NIFTY-III.NFO,26/06/2024,09:47:16,23905.15,23900.05,200,23904.85,125,25,715775
NIFTY-III.NFO,26/06/2024,09:47:17,23905.15,23900.05,275,23906,300,0,715775
NIFTY-III.NFO,26/06/2024,09:47:19,23905.15,23900.05,275,23905.8,50,0,715775
NIFTY-III.NFO,26/06/2024,09:47:21,23905.15,23900.05,275,23906.15,25,0,715775
NIFTY-III.NFO,26/06/2024,09:47:22,23905.15,23900.05,275,23905.5,25,0,715775
NIFTY-III.NFO,26/06/2024,09:47:24,23905.15,23900,575,23903.6,50,0,715775
NIFTY-III.NFO,26/06/2024,09:47:26,23902.65,23900,550,23901.85,25,50,715775
NIFTY-III.NFO,26/06/2024,09:47:28,23902.2,23900.6,25,23902.8,25,50,715775
NIFTY-III.NFO,26/06/2024,09:47:29,23900.6,23900.05,200,23903.75,25,25,715775
NIFTY-III.NFO,26/06/2024,09:47:31,23900.05,23900.05,275,23907.05,50,50,715775
NIFTY-III.NFO,26/06/2024,09:47:33,23900.05,23901.05,200,23905.75,50,0,715775
NIFTY-III.NFO,26/06/2024,09:47:34,23900.05,23901,100,23904.95,25,0,715775
NIFTY-III.NFO,26/06/2024,09:47:36,23900.05,23901.05,200,23905.2,50,0,715775
NIFTY-III.NFO,26/06/2024,09:47:38,23900.05,23901.05,200,23905.15,25,0,715775
NIFTY-III.NFO,26/06/2024,09:47:39,23900.05,23901.05,200,23904.95,25,0,715775
NIFTY-III.NFO,26/06/2024,09:47:41,23900.05,23901,100,23904.9,25,0,715775
NIFTY-III.NFO,26/06/2024,09:47:43,23900.05,23901.05,275,23905,25,0,715775
NIFTY-III.NFO,26/06/2024,09:47:44,23901.05,23901.1,200,23905,25,25,715775
NIFTY-III.NFO,26/06/2024,09:47:46,23901.05,23904.95,25,23905,25,0,715775
NIFTY-III.NFO,26/06/2024,09:47:48,23905,23903.5,200,23908.2,25,25,715775
NIFTY-III.NFO,26/06/2024,09:47:49,23905,23903.5,200,23908.2,25,0,715775
NIFTY-III.NFO,26/06/2024,09:47:51,23905,23903.5,200,23908.9,75,0,715775
NIFTY-III.NFO,26/06/2024,09:47:53,23905,23904.05,275,23909,25,0,715775
NIFTY-III.NFO,26/06/2024,09:47:54,23905,23903.85,275,23908.6,150,0,715775
NIFTY-III.NFO,26/06/2024,09:47:56,23905,23901.05,200,23906.15,75,0,715775
NIFTY-III.NFO,26/06/2024,09:47:58,23906.4,23901.05,275,23906.15,125,25,715775
NIFTY-III.NFO,26/06/2024,09:47:59,23906.4,23901.05,275,23904.95,25,0,715775
NIFTY-III.NFO,26/06/2024,09:48:01,23904.95,23901.05,275,23906.25,25,25,715775
NIFTY-III.NFO,26/06/2024,09:48:03,23904.95,23901.05,275,23907.5,125,0,715775
NIFTY-III.NFO,26/06/2024,09:48:06,23904.95,23901.05,275,23907.8,125,0,715775
NIFTY-III.NFO,26/06/2024,09:48:08,23901.05,23901.1,200,23907.7,75,25,715775
NIFTY-III.NFO,26/06/2024,09:48:09,23901.05,23901.2,275,23908.45,75,0,715775
NIFTY-III.NFO,26/06/2024,09:48:11,23901.05,23901.2,275,23908.95,75,0,715775
NIFTY-III.NFO,26/06/2024,09:48:13,23901.05,23902,200,23909.35,75,0,715775
NIFTY-III.NFO,26/06/2024,09:48:14,23901.05,23905.5,275,23910.45,250,0,715775
NIFTY-III.NFO,26/06/2024,09:48:16,23901.05,23905.05,200,23911.1,75,0,715775
NIFTY-III.NFO,26/06/2024,09:48:18,23901.05,23905.05,275,23911.95,150,0,715775
NIFTY-III.NFO,26/06/2024,09:48:19,23901.05,23905.65,275,23911.95,150,0,715775
NIFTY-III.NFO,26/06/2024,09:48:21,23905.9,23906,200,23912,125,25,715775
NIFTY-III.NFO,26/06/2024,09:48:23,23905.9,23908.7,200,23916,150,0,715775
NIFTY-III.NFO,26/06/2024,09:48:24,23905.9,23910.5,200,23916.05,175,0,715775
NIFTY-III.NFO,26/06/2024,09:48:26,23905.9,23912.15,275,23917.15,125,0,715775
NIFTY-III.NFO,26/06/2024,09:48:28,23905.9,23911.4,275,23916.55,175,0,715775
NIFTY-III.NFO,26/06/2024,09:48:29,23905.9,23911.2,75,23915.2,100,0,715775
NIFTY-III.NFO,26/06/2024,09:48:31,23905.9,23909.45,275,23914.85,100,0,715775
NIFTY-III.NFO,26/06/2024,09:48:33,23905.9,23910.35,200,23917.05,175,0,715775
NIFTY-III.NFO,26/06/2024,09:48:34,23905.9,23911.05,275,23916.55,100,0,715775
NIFTY-III.NFO,26/06/2024,09:48:36,23905.9,23910.9,75,23915.65,175,0,715775
NIFTY-III.NFO,26/06/2024,09:48:38,23905.9,23910.9,75,23914.85,175,0,715775
NIFTY-III.NFO,26/06/2024,09:48:39,23905.9,23912.05,150,23916.9,100,0,715775
NIFTY-III.NFO,26/06/2024,09:48:41,23905.9,23912.2,150,23917.05,100,0,715775
NIFTY-III.NFO,26/06/2024,09:48:42,23905.9,23912.4,150,23917.05,100,0,715775
NIFTY-III.NFO,26/06/2024,09:48:44,23905.9,23912,150,23916.85,100,0,715775
NIFTY-III.NFO,26/06/2024,09:48:46,23905.9,23911.2,150,23916.05,175,0,715775
NIFTY-III.NFO,26/06/2024,09:48:47,23905.9,23909.95,200,23915.9,175,0,715775
NIFTY-III.NFO,26/06/2024,09:48:49,23905.9,23910.4,200,23916.1,100,0,715775
NIFTY-III.NFO,26/06/2024,09:48:51,23905.9,23908.25,200,23914.35,100,0,715775
NIFTY-III.NFO,26/06/2024,09:48:52,23905.9,23910,275,23915.95,175,0,715775
NIFTY-III.NFO,26/06/2024,09:48:54,23905.9,23910.65,200,23916.2,175,0,715775
NIFTY-III.NFO,26/06/2024,09:48:56,23905.9,23910.55,200,23916.2,100,0,715775
NIFTY-III.NFO,26/06/2024,09:48:57,23905.9,23911,200,23917.1,175,0,715775
NIFTY-III.NFO,26/06/2024,09:48:59,23905.9,23910.2,200,23916.1,100,0,715775
NIFTY-III.NFO,26/06/2024,09:49:01,23905.9,23909.55,200,23915.75,100,0,715775
NIFTY-III.NFO,26/06/2024,09:49:02,23905.9,23910.75,200,23917,175,0,715775
NIFTY-III.NFO,26/06/2024,09:49:04,23905.9,23911.05,275,23917.25,175,0,715775
NIFTY-III.NFO,26/06/2024,09:49:06,23905.9,23911.1,200,23917.3,175,0,715775
NIFTY-III.NFO,26/06/2024,09:49:07,23905.9,23911.4,200,23916.85,175,0,715775
NIFTY-III.NFO,26/06/2024,09:49:09,23905.9,23913,75,23917.3,100,0,715775
NIFTY-III.NFO,26/06/2024,09:49:11,23905.9,23913,275,23917.3,100,0,715775
NIFTY-III.NFO,26/06/2024,09:49:12,23905.9,23913,275,23917.35,300,0,715775
NIFTY-III.NFO,26/06/2024,09:49:14,23905.9,23912.45,200,23917.3,75,0,715775
NIFTY-III.NFO,26/06/2024,09:49:16,23912.75,23912.8,200,23917.35,300,25,716100
NIFTY-III.NFO,26/06/2024,09:49:17,23912.75,23912.55,200,23917.35,300,0,716100
NIFTY-III.NFO,26/06/2024,09:49:19,23912.75,23913.55,275,23917.35,300,0,716100
NIFTY-III.NFO,26/06/2024,09:49:21,23912.75,23912.35,275,23917.3,200,0,716100
NIFTY-III.NFO,26/06/2024,09:49:22,23912.75,23912.1,275,23917.3,125,0,716100
NIFTY-III.NFO,26/06/2024,09:49:24,23912.75,23910.35,200,23916.8,200,0,716100
NIFTY-III.NFO,26/06/2024,09:49:26,23912.75,23909.45,200,23913.55,50,0,716100
NIFTY-III.NFO,26/06/2024,09:49:27,23913.55,23914.1,25,23917.3,125,50,716100
NIFTY-III.NFO,26/06/2024,09:49:29,23913.55,23909.85,200,23917.3,200,0,716100
NIFTY-III.NFO,26/06/2024,09:49:31,23913.55,23909.45,200,23916.25,300,0,716100
NIFTY-III.NFO,26/06/2024,09:49:32,23913.55,23909.25,200,23916.15,200,0,716100
NIFTY-III.NFO,26/06/2024,09:49:34,23913.55,23908.65,200,23915.55,125,0,716100
NIFTY-III.NFO,26/06/2024,09:49:36,23913.55,23908.65,200,23915.55,300,0,716100
NIFTY-III.NFO,26/06/2024,09:49:37,23908.65,23908.65,200,23915.55,150,25,716100
NIFTY-III.NFO,26/06/2024,09:49:39,23908.65,23908.95,200,23915.3,150,0,716100
NIFTY-III.NFO,26/06/2024,09:49:41,23915.2,23908.25,275,23915.2,50,250,716100
NIFTY-III.NFO,26/06/2024,09:49:42,23915.2,23908.6,200,23915.2,50,0,716100
NIFTY-III.NFO,26/06/2024,09:49:44,23915.2,23910.25,200,23916.75,250,0,716100
NIFTY-III.NFO,26/06/2024,09:49:46,23913.55,23913.9,25,23915.7,300,25,716100
NIFTY-III.NFO,26/06/2024,09:49:48,23913.55,23912.6,200,23915.7,300,0,716100
NIFTY-III.NFO,26/06/2024,09:49:49,23915.7,23915.45,25,23915.7,250,50,716100
NIFTY-III.NFO,26/06/2024,09:49:51,23915.7,23912.3,200,23915.7,25,225,716100
NIFTY-III.NFO,26/06/2024,09:49:53,23915.7,23912.75,200,23915.7,25,0,716100
NIFTY-III.NFO,26/06/2024,09:49:54,23915.7,23915.75,25,23917.95,75,25,716100
NIFTY-III.NFO,26/06/2024,09:49:58,23915.7,23910.75,200,23917.35,75,0,716100
NIFTY-III.NFO,26/06/2024,09:50:03,23915.7,23910.35,200,23916.65,75,0,716100
NIFTY-III.NFO,26/06/2024,09:50:04,23915.7,23909.6,200,23916.65,75,0,716100
NIFTY-III.NFO,26/06/2024,09:50:06,23915.7,23910.35,275,23916.95,75,0,716100
NIFTY-III.NFO,26/06/2024,09:50:08,23915.7,23910.6,200,23917.75,75,0,716100
NIFTY-III.NFO,26/06/2024,09:50:09,23915.7,23910.6,200,23917.35,75,0,716100
NIFTY-III.NFO,26/06/2024,09:50:13,23915.7,23910.95,200,23915.7,25,0,716100
NIFTY-III.NFO,26/06/2024,09:50:14,23915.7,23910.5,275,23915.7,25,0,716100
NIFTY-III.NFO,26/06/2024,09:50:16,23915.7,23911.8,200,23915.7,25,0,716100
NIFTY-III.NFO,26/06/2024,09:50:19,23915.7,23911.95,200,23915.7,25,0,716100
NIFTY-III.NFO,26/06/2024,09:50:21,23915.7,23911,275,23915.7,25,0,716100
NIFTY-III.NFO,26/06/2024,09:50:23,23909.45,23909.45,350,23915.65,50,50,716100
NIFTY-III.NFO,26/06/2024,09:50:24,23909.45,23909.75,200,23915.65,125,0,716100
NIFTY-III.NFO,26/06/2024,09:50:26,23909.45,23909.15,275,23915.65,125,0,716100
NIFTY-III.NFO,26/06/2024,09:50:28,23909.45,23911.65,275,23915.7,25,0,716100
NIFTY-III.NFO,26/06/2024,09:50:29,23909.45,23911.7,200,23915.7,25,0,716100
NIFTY-III.NFO,26/06/2024,09:50:31,23909.45,23910.6,200,23915.7,25,0,716100
NIFTY-III.NFO,26/06/2024,09:50:33,23909.45,23911.55,275,23915.7,25,0,716100
NIFTY-III.NFO,26/06/2024,09:50:34,23909.45,23910.25,200,23915.65,50,0,716100
NIFTY-III.NFO,26/06/2024,09:50:36,23909.45,23909.65,275,23915.65,125,0,716100
NIFTY-III.NFO,26/06/2024,09:50:37,23909.45,23908.95,200,23915.6,50,0,716100
NIFTY-III.NFO,26/06/2024,09:50:39,23909.45,23909.05,275,23915.6,50,0,716100
NIFTY-III.NFO,26/06/2024,09:50:41,23909.45,23909.2,275,23915.65,125,0,716100
NIFTY-III.NFO,26/06/2024,09:50:42,23909.45,23909.75,200,23915.65,125,0,716100
NIFTY-III.NFO,26/06/2024,09:50:46,23915.55,23909.05,275,23915.35,100,25,716100
NIFTY-III.NFO,26/06/2024,09:50:47,23915.55,23910.9,200,23915.65,25,0,716100
NIFTY-III.NFO,26/06/2024,09:50:49,23915.55,23910.9,200,23915.7,25,0,716100
NIFTY-III.NFO,26/06/2024,09:50:51,23915.55,23911.85,200,23915,25,0,716100
NIFTY-III.NFO,26/06/2024,09:50:52,23918,23918.55,25,23919,25,75,716100
NIFTY-III.NFO,26/06/2024,09:50:54,23924,23922.15,75,23924.4,25,150,716100
NIFTY-III.NFO,26/06/2024,09:50:56,23925,23925.2,25,23927.6,75,50,716100
NIFTY-III.NFO,26/06/2024,09:50:57,23925,23920.65,200,23926.15,25,0,716100
NIFTY-III.NFO,26/06/2024,09:50:59,23926.2,23919.75,200,23925.5,150,50,716100
NIFTY-III.NFO,26/06/2024,09:51:01,23926.2,23918.95,200,23924.8,75,0,716100
NIFTY-III.NFO,26/06/2024,09:51:02,23926.2,23918.45,200,23924.85,75,0,716100
NIFTY-III.NFO,26/06/2024,09:51:04,23926.2,23917.55,200,23924,75,0,716100
NIFTY-III.NFO,26/06/2024,09:51:06,23926.2,23918.2,200,23924.55,75,0,716100
NIFTY-III.NFO,26/06/2024,09:51:07,23926.2,23917.55,200,23924.5,250,0,716100
NIFTY-III.NFO,26/06/2024,09:51:09,23924.45,23918.45,200,23924.8,250,25,716100
NIFTY-III.NFO,26/06/2024,09:51:10,23924.45,23917.25,200,23923.8,75,0,716100
NIFTY-III.NFO,26/06/2024,09:51:12,23924.45,23916.15,200,23922.5,250,0,716100
NIFTY-III.NFO,26/06/2024,09:51:14,23924.45,23916.75,275,23923.75,75,0,716100
NIFTY-III.NFO,26/06/2024,09:51:15,23924.45,23912.7,200,23919.85,75,0,716100
NIFTY-III.NFO,26/06/2024,09:51:17,23924.45,23914.35,200,23920.95,150,0,716100
NIFTY-III.NFO,26/06/2024,09:51:19,23924.45,23914.4,200,23920.65,150,0,716100
NIFTY-III.NFO,26/06/2024,09:51:20,23924.45,23915.05,275,23920.55,75,0,716100
NIFTY-III.NFO,26/06/2024,09:51:22,23924.45,23916.55,200,23924.1,125,0,716100
NIFTY-III.NFO,26/06/2024,09:51:24,23924.45,23920.65,25,23924.1,200,0,716100
NIFTY-III.NFO,26/06/2024,09:51:25,23924.45,23920.65,25,23923.1,75,0,716100
NIFTY-III.NFO,26/06/2024,09:51:27,23924.45,23920.65,25,23923,250,0,716100
NIFTY-III.NFO,26/06/2024,09:51:29,23924.45,23920.65,25,23922.8,250,0,716100
NIFTY-III.NFO,26/06/2024,09:51:30,23924.45,23920.65,25,23923.15,250,0,716100
NIFTY-III.NFO,26/06/2024,09:51:32,23919.15,23916.65,200,23923.2,75,50,716100
NIFTY-III.NFO,26/06/2024,09:51:34,23923.2,23915.25,200,23921.9,175,25,716100
NIFTY-III.NFO,26/06/2024,09:51:35,23923.2,23915.05,275,23921.4,75,0,716100
NIFTY-III.NFO,26/06/2024,09:51:37,23923.2,23915.05,275,23920.95,75,0,716100
NIFTY-III.NFO,26/06/2024,09:51:39,23923.2,23915.05,275,23921.45,75,0,716100
NIFTY-III.NFO,26/06/2024,09:51:40,23923.2,23915.05,275,23921.25,75,0,716100
NIFTY-III.NFO,26/06/2024,09:51:42,23923.2,23915,25,23918.8,175,0,716100
NIFTY-III.NFO,26/06/2024,09:51:44,23923.2,23915.05,200,23920.3,250,0,716100
NIFTY-III.NFO,26/06/2024,09:51:45,23923.2,23915,25,23919.6,75,0,716100
NIFTY-III.NFO,26/06/2024,09:51:47,23923.2,23915,100,23920.25,250,0,716100
NIFTY-III.NFO,26/06/2024,09:51:49,23914.4,23914.5,200,23920.4,75,50,716100
NIFTY-III.NFO,26/06/2024,09:51:50,23914.4,23913.9,275,23919.45,250,0,716100
NIFTY-III.NFO,26/06/2024,09:51:52,23914.4,23913.85,75,23918.9,75,0,716100
NIFTY-III.NFO,26/06/2024,09:51:54,23914.4,23913.5,150,23918.3,75,0,716100
NIFTY-III.NFO,26/06/2024,09:51:55,23917.35,23910.05,275,23917.35,50,50,716575
NIFTY-III.NFO,26/06/2024,09:51:57,23917.35,23911.15,200,23916.55,75,0,716575
NIFTY-III.NFO,26/06/2024,09:51:59,23917.35,23911.15,275,23917.1,250,0,716575
NIFTY-III.NFO,26/06/2024,09:52:00,23917.35,23911.45,75,23916.35,250,0,716575
NIFTY-III.NFO,26/06/2024,09:52:02,23917.35,23911.55,200,23918.1,175,0,716575
NIFTY-III.NFO,26/06/2024,09:52:04,23917.35,23911.5,200,23916.95,75,0,716575
NIFTY-III.NFO,26/06/2024,09:52:05,23917.35,23911.5,200,23917,75,0,716575
NIFTY-III.NFO,26/06/2024,09:52:07,23917.15,23911.5,275,23917.1,250,100,716575
NIFTY-III.NFO,26/06/2024,09:52:09,23917.15,23911.5,275,23916.9,75,0,716575
NIFTY-III.NFO,26/06/2024,09:52:10,23917.15,23911.5,275,23917.3,75,0,716575
NIFTY-III.NFO,26/06/2024,09:52:12,23917.15,23911.45,75,23916.3,75,0,716575
NIFTY-III.NFO,26/06/2024,09:52:14,23917.15,23911.4,150,23916.6,250,0,716575
NIFTY-III.NFO,26/06/2024,09:52:15,23917.15,23911.3,150,23916.45,250,0,716575
NIFTY-III.NFO,26/06/2024,09:52:17,23917.15,23910.3,200,23916.1,250,0,716575
NIFTY-III.NFO,26/06/2024,09:52:19,23917.15,23910.3,200,23916.9,325,0,716575
NIFTY-III.NFO,26/06/2024,09:52:20,23917.15,23912.25,200,23918.5,175,0,716575
NIFTY-III.NFO,26/06/2024,09:52:22,23917.15,23911.4,275,23917.55,25,0,716575
NIFTY-III.NFO,26/06/2024,09:52:25,23917.15,23911.5,275,23917.45,100,0,716575
NIFTY-III.NFO,26/06/2024,09:52:27,23917.15,23911.5,275,23917.2,25,0,716575
NIFTY-III.NFO,26/06/2024,09:52:29,23917.15,23910.05,200,23915.85,250,0,716575
NIFTY-III.NFO,26/06/2024,09:52:30,23917.15,23910.05,275,23916.85,75,0,716575
NIFTY-III.NFO,26/06/2024,09:52:34,23917.15,23912,200,23919.7,75,0,716575
NIFTY-III.NFO,26/06/2024,09:52:35,23917.15,23912,200,23918.75,75,0,716575
NIFTY-III.NFO,26/06/2024,09:52:37,23917.15,23911.5,200,23918.2,250,0,716575
NIFTY-III.NFO,26/06/2024,09:52:39,23917.15,23912.25,200,23917.15,25,0,716575
NIFTY-III.NFO,26/06/2024,09:52:40,23917.15,23910.05,275,23916.75,75,0,716575
NIFTY-III.NFO,26/06/2024,09:52:42,23917.15,23910.3,200,23917.15,100,0,716575
NIFTY-III.NFO,26/06/2024,09:52:44,23917.15,23912.95,200,23917.15,25,0,716575
NIFTY-III.NFO,26/06/2024,09:52:45,23917.15,23914.1,200,23917.15,25,0,716575
NIFTY-III.NFO,26/06/2024,09:52:47,23917.15,23914.6,200,23920,125,25,716575
NIFTY-III.NFO,26/06/2024,09:52:49,23917.15,23917.2,200,23920,50,0,716575
NIFTY-III.NFO,26/06/2024,09:52:50,23917.15,23917.15,25,23920,50,0,716575
NIFTY-III.NFO,26/06/2024,09:52:52,23917.15,23917.2,200,23920,50,0,716575
NIFTY-III.NFO,26/06/2024,09:52:55,23917.15,23917.15,25,23920,50,0,716575
NIFTY-III.NFO,26/06/2024,09:52:57,23917.15,23917.2,200,23920,50,0,716575
NIFTY-III.NFO,26/06/2024,09:52:59,23917.15,23917.15,25,23920,50,0,716575
NIFTY-III.NFO,26/06/2024,09:53:00,23917.15,23917.2,275,23920,50,0,716575
NIFTY-III.NFO,26/06/2024,09:53:02,23917.15,23917.15,25,23920,50,0,716575
NIFTY-III.NFO,26/06/2024,09:53:04,23917.15,23917.2,200,23920,50,0,716575
NIFTY-III.NFO,26/06/2024,09:53:05,23917.15,23915.25,200,23920,50,25,716575
NIFTY-III.NFO,26/06/2024,09:53:07,23917.15,23914,275,23920,125,0,716575
NIFTY-III.NFO,26/06/2024,09:53:09,23917.15,23914.1,200,23920,125,0,716575
NIFTY-III.NFO,26/06/2024,09:53:10,23917.15,23912.1,200,23919,75,0,716575
NIFTY-III.NFO,26/06/2024,09:53:12,23917.15,23913.75,200,23920,100,0,716575
NIFTY-III.NFO,26/06/2024,09:53:14,23917.15,23913,200,23920,100,0,716575
NIFTY-III.NFO,26/06/2024,09:53:15,23917.15,23912.65,200,23919.45,75,0,716575
NIFTY-III.NFO,26/06/2024,09:53:17,23917.15,23912.8,200,23919.6,75,0,716575
NIFTY-III.NFO,26/06/2024,09:53:18,23917.15,23913,200,23919.8,75,0,716575
NIFTY-III.NFO,26/06/2024,09:53:20,23919.95,23913.4,275,23920,100,50,716575
NIFTY-III.NFO,26/06/2024,09:53:22,23919.95,23914.55,200,23920,25,0,716575
NIFTY-III.NFO,26/06/2024,09:53:23,23919.95,23914.55,200,23920,100,0,716575
NIFTY-III.NFO,26/06/2024,09:53:25,23919.95,23914.55,200,23920,25,0,716575
NIFTY-III.NFO,26/06/2024,09:53:27,23919.95,23914.55,200,23919.95,125,0,716575
NIFTY-III.NFO,26/06/2024,09:53:28,23919.95,23914.95,275,23919.95,50,0,716575
NIFTY-III.NFO,26/06/2024,09:53:30,23919.95,23915.4,200,23919.95,50,0,716575
NIFTY-III.NFO,26/06/2024,09:53:33,23919.95,23914.9,200,23919.95,50,0,716575
NIFTY-III.NFO,26/06/2024,09:53:37,23919.95,23915.25,200,23920,25,0,716575
NIFTY-III.NFO,26/06/2024,09:53:38,23919.95,23913.95,200,23920,100,0,716575
NIFTY-III.NFO,26/06/2024,09:53:42,23913.95,23914.1,200,23919.95,125,50,716575
NIFTY-III.NFO,26/06/2024,09:53:43,23913.95,23914.25,200,23919.95,125,0,716575
NIFTY-III.NFO,26/06/2024,09:53:45,23913.95,23915.6,200,23919.9,25,0,716575
NIFTY-III.NFO,26/06/2024,09:53:47,23919.9,23919.9,25,23920,25,25,716575
NIFTY-III.NFO,26/06/2024,09:53:48,23920,23914.6,200,23921.25,50,25,716575
NIFTY-III.NFO,26/06/2024,09:53:50,23920,23913.95,200,23921,50,0,716575
NIFTY-III.NFO,26/06/2024,09:53:51,23920,23913.1,275,23919.9,50,0,716575
NIFTY-III.NFO,26/06/2024,09:53:53,23920,23913.75,275,23920.45,50,0,716575
NIFTY-III.NFO,26/06/2024,09:53:55,23920,23915.3,200,23921.9,50,0,716575
NIFTY-III.NFO,26/06/2024,09:53:56,23920,23916.3,200,23923.6,50,0,716575
NIFTY-III.NFO,26/06/2024,09:53:58,23920,23916.3,200,23923.2,125,0,716575
