Ticker,Date,Time,LTP,BuyPrice,BuyQty,SellPrice,SellQty,LTQ,OpenInterest
NIFTY-I.NFO,31/07/2024,09:15:00,24933,24935.05,100,24950,450,250,0
NIFTY-I.NFO,31/07/2024,09:15:00,24933,24935.05,100,24950,450,0,0
NIFTY-I.NFO,31/07/2024,09:15:00,24950,24935.05,100,24950,450,0,0
NIFTY-I.NFO,31/07/2024,09:15:00,24933,24935.05,100,24950,450,0,0
NIFTY-I.NFO,31/07/2024,09:15:01,24946,24937.55,200,24946,100,550,14603500
NIFTY-I.NFO,31/07/2024,09:15:01,24945.45,24937.65,250,24940,25,225,14603500
NIFTY-I.NFO,31/07/2024,09:15:02,24948,24942.7,100,24948.05,25,1200,14603500
NIFTY-I.NFO,31/07/2024,09:15:03,24947.95,24942.9,125,24947.85,75,1000,14603500
NIFTY-I.NFO,31/07/2024,09:15:04,24947.9,24945.35,50,24952.55,150,800,14603500
NIFTY-I.NFO,31/07/2024,09:15:04,24951,24945.35,50,24952.55,150,0,14603500
NIFTY-I.NFO,31/07/2024,09:15:05,24948.95,24945.6,50,24949,225,225,14603500
NIFTY-I.NFO,31/07/2024,09:15:07,24941.8,24942.15,25,24952.55,100,6050,14603500
NIFTY-I.NFO,31/07/2024,09:15:07,24952.95,24942.15,25,24952.55,100,0,14603500
NIFTY-I.NFO,31/07/2024,09:15:07,24952.55,24950,50,24952.95,100,100,14603500
NIFTY-I.NFO,31/07/2024,09:15:08,24952.85,24948.95,125,24952.85,75,975,14603500
NIFTY-I.NFO,31/07/2024,09:15:09,24951.6,24951.6,75,24956,250,700,14603500
NIFTY-I.NFO,31/07/2024,09:15:09,24955.95,24951.6,75,24956,250,0,14603500
NIFTY-I.NFO,31/07/2024,09:15:10,24950.65,24950.65,100,24957.2,25,1425,14603500
NIFTY-I.NFO,31/07/2024,09:15:10,24959.75,24950.65,100,24957.2,25,0,14603500
NIFTY-I.NFO,31/07/2024,09:15:11,24952.9,24947.85,25,24951.6,175,1250,14603500
NIFTY-I.NFO,31/07/2024,09:15:12,24952.95,24947,50,24952.95,150,525,14603500
NIFTY-I.NFO,31/07/2024,09:15:13,24951.4,24946.45,50,24950,200,350,14603500
NIFTY-I.NFO,31/07/2024,09:15:14,24950.55,24945.85,25,24950.55,450,550,14603500
NIFTY-I.NFO,31/07/2024,09:15:15,24947.85,24944.55,50,24947.85,850,825,14603500
NIFTY-I.NFO,31/07/2024,09:15:16,24947.8,24946.6,25,24950,25,1075,14603500
NIFTY-I.NFO,31/07/2024,09:15:17,24950,24950,3425,24950.05,25,475,14603500
NIFTY-I.NFO,31/07/2024,09:15:18,24950,24950,2900,24952.5,25,1075,14603500
NIFTY-I.NFO,31/07/2024,09:15:19,24950.6,24950.7,50,24952.65,150,925,14603500
NIFTY-I.NFO,31/07/2024,09:15:20,24953.8,24950.7,50,24952.95,175,200,14603500
NIFTY-I.NFO,31/07/2024,09:15:21,24953.85,24950.7,150,24954.15,25,100,14603500
NIFTY-I.NFO,31/07/2024,09:15:22,24951.25,24951.4,125,24954.6,25,425,14603500
NIFTY-I.NFO,31/07/2024,09:15:23,24955,24955,2400,24955.9,25,775,14603500
NIFTY-I.NFO,31/07/2024,09:15:25,24955.05,24955.1,100,24959.75,25,2275,14603500
NIFTY-I.NFO,31/07/2024,09:15:25,24960,24955.1,100,24959.75,25,0,14603500
NIFTY-I.NFO,31/07/2024,09:15:26,24955,24955,1900,24958.35,150,525,14603500
NIFTY-I.NFO,31/07/2024,09:15:27,24955,24955,1800,24958.3,25,350,14603500
NIFTY-I.NFO,31/07/2024,09:15:28,24955.05,24955,1750,24956,50,225,14603500
NIFTY-I.NFO,31/07/2024,09:15:29,24958.9,24955,1550,24958.1,25,250,14603500
NIFTY-I.NFO,31/07/2024,09:15:30,24955,24955,1400,24956.45,100,1375,14603500
NIFTY-I.NFO,31/07/2024,09:15:31,24958.2,24955,1250,24957.45,25,200,14603500
NIFTY-I.NFO,31/07/2024,09:15:32,24955,24955,625,24956.55,25,650,14603500
NIFTY-I.NFO,31/07/2024,09:15:33,24955,24955,450,24956.9,25,175,14603500
NIFTY-I.NFO,31/07/2024,09:15:34,24957.85,24955,450,24957.55,25,275,14603500
NIFTY-I.NFO,31/07/2024,09:15:35,24959,24955,375,24957.25,25,1350,14603500
NIFTY-I.NFO,31/07/2024,09:15:36,24954.6,24954.6,200,24956,50,650,14603500
NIFTY-I.NFO,31/07/2024,09:15:37,24956,24956,325,24956.1,25,750,14603500
NIFTY-I.NFO,31/07/2024,09:15:38,24956,24956,175,24957.1,25,350,14603500
NIFTY-I.NFO,31/07/2024,09:15:40,24956.1,24956.1,650,24957.1,125,1025,14603500
NIFTY-I.NFO,31/07/2024,09:15:41,24956.1,24956.1,300,24957.1,100,400,14611450
NIFTY-I.NFO,31/07/2024,09:15:42,24957.1,24957.1,125,24957.35,25,1150,14611450
NIFTY-I.NFO,31/07/2024,09:15:43,24956.15,24956.1,200,24956.9,50,150,14611450
NIFTY-I.NFO,31/07/2024,09:15:44,24956.1,24956.1,225,24956.8,50,600,14611450
NIFTY-I.NFO,31/07/2024,09:15:45,24956.1,24955,275,24956.7,125,450,14611450
NIFTY-I.NFO,31/07/2024,09:15:46,24957.05,24955,275,24956.95,25,700,14611450
NIFTY-I.NFO,31/07/2024,09:15:47,24956.8,24956.85,25,24957.55,25,1175,14611450
NIFTY-I.NFO,31/07/2024,09:15:48,24957.05,24956.8,50,24957.05,25,325,14611450
NIFTY-I.NFO,31/07/2024,09:15:49,24954.6,24954.6,125,24957.05,25,200,14611450
NIFTY-I.NFO,31/07/2024,09:15:50,24959,24955,175,24956.8,100,2625,14611450
NIFTY-I.NFO,31/07/2024,09:15:51,24954.6,24954.6,75,24959,25,825,14611450
NIFTY-I.NFO,31/07/2024,09:15:52,24959,24954.9,200,24958,25,100,14611450
NIFTY-I.NFO,31/07/2024,09:15:53,24956,24956,75,24958,25,25,14611450
NIFTY-I.NFO,31/07/2024,09:15:54,24959.5,24959,375,24959.5,50,1075,14611450
NIFTY-I.NFO,31/07/2024,09:15:56,24954.05,24954.6,75,24956,225,1300,14611450
NIFTY-I.NFO,31/07/2024,09:15:57,24959.45,24958,625,24959.15,25,500,14611450
NIFTY-I.NFO,31/07/2024,09:15:58,24959.4,24958.1,25,24958.95,25,25,14611450
NIFTY-I.NFO,31/07/2024,09:15:59,24958.95,24958.05,25,24958.9,125,200,14611450
NIFTY-I.NFO,31/07/2024,09:16:00,24959.5,24959.15,275,24959.75,2500,875,14611450
NIFTY-I.NFO,31/07/2024,09:16:01,24959.15,24959.2,25,24959.75,2500,100,14611450
NIFTY-I.NFO,31/07/2024,09:16:02,24959.75,24959.2,25,24959.75,2475,50,14611450
NIFTY-I.NFO,31/07/2024,09:16:03,24959.3,24959.8,25,24959.85,25,2750,14611450
NIFTY-I.NFO,31/07/2024,09:16:04,24964.45,24960.35,125,24964.15,125,4700,14611450
NIFTY-I.NFO,31/07/2024,09:16:04,24964.45,24960.35,125,24964.15,125,0,14611450
NIFTY-I.NFO,31/07/2024,09:16:05,24961,24960.7,150,24964.85,100,1500,14611450
NIFTY-I.NFO,31/07/2024,09:16:06,24966.95,24966.6,200,24967,25,2000,14611450
NIFTY-I.NFO,31/07/2024,09:16:06,24966.95,24966.6,200,24967,25,0,14611450
NIFTY-I.NFO,31/07/2024,09:16:07,24969,24968,1600,24969,125,625,14611450
NIFTY-I.NFO,31/07/2024,09:16:07,24969,24968,1600,24969,125,0,14611450
NIFTY-I.NFO,31/07/2024,09:16:08,24969,24968,1025,24969.1,75,700,14611450
NIFTY-I.NFO,31/07/2024,09:16:09,24968,24968,900,24968.85,25,150,14611450
NIFTY-I.NFO,31/07/2024,09:16:10,24969.15,24968,825,24969.2,50,750,14611450
NIFTY-I.NFO,31/07/2024,09:16:10,24969.8,24968,825,24969.2,50,0,14611450
NIFTY-I.NFO,31/07/2024,09:16:11,24967.55,24962.6,25,24967.55,125,950,14611450
NIFTY-I.NFO,31/07/2024,09:16:13,24962.4,24962.05,25,24966.8,225,150,14611450
NIFTY-I.NFO,31/07/2024,09:16:14,24965.25,24962,8025,24965.35,125,175,14611450
NIFTY-I.NFO,31/07/2024,09:16:15,24962,24962,7750,24965.35,150,1025,14611450
NIFTY-I.NFO,31/07/2024,09:16:16,24962,24962,7575,24965.35,225,200,14611450
NIFTY-I.NFO,31/07/2024,09:16:17,24962.05,24962.05,100,24966.4,25,1100,14611450
NIFTY-I.NFO,31/07/2024,09:16:18,24962.05,24962.05,100,24965.7,25,275,14611450
NIFTY-I.NFO,31/07/2024,09:16:19,24964.95,24962,7275,24964.95,25,350,14611450
NIFTY-I.NFO,31/07/2024,09:16:20,24964.95,24962.05,75,24965,325,100,14611450
NIFTY-I.NFO,31/07/2024,09:16:21,24962.05,24962.05,475,24964.5,100,100,14611450
NIFTY-I.NFO,31/07/2024,09:16:22,24963,24963,25,24965,200,500,14611450
NIFTY-I.NFO,31/07/2024,09:16:23,24966.95,24963,25,24966.8,25,1900,14611450
NIFTY-I.NFO,31/07/2024,09:16:24,24962,24962,7150,24966.45,25,600,14611450
NIFTY-I.NFO,31/07/2024,09:16:25,24962.05,24962,6625,24963,250,850,14611450
NIFTY-I.NFO,31/07/2024,09:16:26,24963,24965,825,24965.9,25,975,14611450
NIFTY-I.NFO,31/07/2024,09:16:27,24965.05,24965,600,24965.9,200,250,14611450
NIFTY-I.NFO,31/07/2024,09:16:28,24965,24965,450,24965.9,150,250,14611450
NIFTY-I.NFO,31/07/2024,09:16:29,24965,24965,325,24965.9,400,125,14611450
NIFTY-I.NFO,31/07/2024,09:16:30,24967.05,24965,225,24967.15,25,1950,14611450
NIFTY-I.NFO,31/07/2024,09:16:31,24967.05,24965,175,24967,25,100,14611450
NIFTY-I.NFO,31/07/2024,09:16:33,24966.4,24963,50,24966.3,25,200,14611450
NIFTY-I.NFO,31/07/2024,09:16:34,24965.95,24965,100,24966,75,600,14611450
NIFTY-I.NFO,31/07/2024,09:16:35,24965,24965,25,24966.55,25,325,14611450
NIFTY-I.NFO,31/07/2024,09:16:36,24962.05,24962,6550,24965,925,175,14611450
NIFTY-I.NFO,31/07/2024,09:16:37,24965,24962,6525,24964,25,50,14611450
NIFTY-I.NFO,31/07/2024,09:16:38,24965.6,24962.05,150,24965,25,1175,14611450
NIFTY-I.NFO,31/07/2024,09:16:39,24962.05,24962.2,125,24965,50,100,14611450
NIFTY-I.NFO,31/07/2024,09:16:40,24965,24962.2,875,24965,225,450,14611450
NIFTY-I.NFO,31/07/2024,09:16:41,24962.2,24962.25,150,24965,225,175,14611450
NIFTY-I.NFO,31/07/2024,09:16:42,24962.25,24962.2,600,24965,250,25,14611450
NIFTY-I.NFO,31/07/2024,09:16:43,24965,24962.2,550,24965,1275,300,14611450
NIFTY-I.NFO,31/07/2024,09:16:44,24965,24962.2,350,24965,1225,275,14611450
NIFTY-I.NFO,31/07/2024,09:16:46,24962.25,24962.2,300,24963,250,175,14611450
NIFTY-I.NFO,31/07/2024,09:16:47,24962.2,24962,6325,24962.15,50,450,14611450
NIFTY-I.NFO,31/07/2024,09:16:48,24962,24962,5675,24962.15,50,650,14611450
NIFTY-I.NFO,31/07/2024,09:16:49,24962,24962,5275,24962.15,150,500,14611450
NIFTY-I.NFO,31/07/2024,09:16:50,24962.2,24962.2,125,24964,25,1350,14611450
NIFTY-I.NFO,31/07/2024,09:16:51,24962.2,24962.2,50,24964.95,25,200,14611450
NIFTY-I.NFO,31/07/2024,09:16:52,24962.2,24962.2,25,24964.95,25,75,14611450
NIFTY-I.NFO,31/07/2024,09:16:53,24962,24962,4350,24964.95,25,350,14611450
NIFTY-I.NFO,31/07/2024,09:16:54,24964.95,24962,4325,24964.95,25,250,14611450
NIFTY-I.NFO,31/07/2024,09:16:55,24964.95,24963,100,24964.95,25,0,14611450
NIFTY-I.NFO,31/07/2024,09:16:56,24963,24963,50,24964,1800,50,14611450
NIFTY-I.NFO,31/07/2024,09:16:57,24964,24962.2,75,24964,875,1075,14611450
NIFTY-I.NFO,31/07/2024,09:16:58,24963,24962.2,175,24964,875,25,14611450
NIFTY-I.NFO,31/07/2024,09:16:59,24964,24962.2,175,24963,25,100,14611450
NIFTY-I.NFO,31/07/2024,09:17:00,24962,24962,4275,24962.2,25,100,14611450
NIFTY-I.NFO,31/07/2024,09:17:02,24962.2,24962.2,25,24963,225,275,14611450
NIFTY-I.NFO,31/07/2024,09:17:03,24961,24960,425,24961.35,50,4400,14611450
NIFTY-I.NFO,31/07/2024,09:17:04,24960,24960,100,24961,50,225,14611450
NIFTY-I.NFO,31/07/2024,09:17:05,24959.25,24957,250,24959.3,50,500,14611450
NIFTY-I.NFO,31/07/2024,09:17:06,24956.7,24956.75,300,24960,400,750,14611450
NIFTY-I.NFO,31/07/2024,09:17:07,24956.55,24955.35,125,24958.9,50,175,14611450
NIFTY-I.NFO,31/07/2024,09:17:08,24953.85,24954.95,100,24959.55,50,1800,14611450
NIFTY-I.NFO,31/07/2024,09:17:09,24960,24959.55,75,24960,25,1725,14611450
NIFTY-I.NFO,31/07/2024,09:17:10,24955.25,24955.9,125,24959.25,25,125,14611450
NIFTY-I.NFO,31/07/2024,09:17:11,24955.3,24957.6,600,24959.85,25,375,14611450
NIFTY-I.NFO,31/07/2024,09:17:12,24959,24957.6,550,24959,200,125,14611450
NIFTY-I.NFO,31/07/2024,09:17:13,24957.6,24957.6,500,24959,100,175,14611450
NIFTY-I.NFO,31/07/2024,09:17:15,24957.6,24957.6,450,24959,50,100,14611450
NIFTY-I.NFO,31/07/2024,09:17:16,24957.6,24957.6,425,24959,50,25,14611450
NIFTY-I.NFO,31/07/2024,09:17:17,24955.3,24955.1,1100,24957.6,4625,625,14611450
NIFTY-I.NFO,31/07/2024,09:17:18,24955.1,24955.1,975,24957.6,4575,75,14611450
NIFTY-I.NFO,31/07/2024,09:17:19,24955.1,24955.1,1075,24957.6,4575,0,14611450
NIFTY-I.NFO,31/07/2024,09:17:20,24957.6,24955.1,1050,24957.6,4450,150,14611450
NIFTY-I.NFO,31/07/2024,09:17:21,24955.1,24955.1,800,24955.5,500,250,14611450
NIFTY-I.NFO,31/07/2024,09:17:22,24954,24954.95,250,24957.6,75,4875,14611450
NIFTY-I.NFO,31/07/2024,09:17:23,24954.7,24954.7,125,24957.6,50,150,14611450
NIFTY-I.NFO,31/07/2024,09:17:24,24959,24955.1,150,24956.95,25,300,14611450
NIFTY-I.NFO,31/07/2024,09:17:25,24955.1,24955.05,250,24956.95,150,200,14611450
NIFTY-I.NFO,31/07/2024,09:17:26,24954.6,24954.55,150,24955,275,200,14611450
NIFTY-I.NFO,31/07/2024,09:17:28,24954.55,24954.55,75,24955,375,325,14611450
NIFTY-I.NFO,31/07/2024,09:17:29,24954.55,24954.55,50,24954.9,200,150,14611450
NIFTY-I.NFO,31/07/2024,09:17:30,24954.55,24954,25,24954.9,125,275,14611450
NIFTY-I.NFO,31/07/2024,09:17:31,24954.8,24952.25,250,24954.8,150,400,14611450
NIFTY-I.NFO,31/07/2024,09:17:32,24952.85,24952.85,175,24954,50,175,14611450
NIFTY-I.NFO,31/07/2024,09:17:33,24954,24952.85,125,24954,175,75,14611450
NIFTY-I.NFO,31/07/2024,09:17:34,24954,24951,300,24954,50,400,14611450
NIFTY-I.NFO,31/07/2024,09:17:35,24954,24951,275,24954.55,500,100,14611450
NIFTY-I.NFO,31/07/2024,09:17:36,24954.55,24950.35,250,24954,25,600,14611450
NIFTY-I.NFO,31/07/2024,09:17:37,24954.9,24950.4,250,24954,150,225,14611450
NIFTY-I.NFO,31/07/2024,09:17:38,24954.8,24954.15,50,24957,25,425,14611450
NIFTY-I.NFO,31/07/2024,09:17:39,24954.7,24954.65,250,24957,25,2125,14611450
NIFTY-I.NFO,31/07/2024,09:17:41,24955.1,24954.7,375,24957,25,250,14611450
NIFTY-I.NFO,31/07/2024,09:17:42,24954.65,24954.35,125,24954.65,575,450,14611450
NIFTY-I.NFO,31/07/2024,09:17:43,24953.35,24952.25,25,24954.65,1575,50,14611450
NIFTY-I.NFO,31/07/2024,09:17:44,24954.65,24952.25,25,24954.65,1050,525,14611450
NIFTY-I.NFO,31/07/2024,09:17:45,24954.65,24952.75,125,24954.65,1025,125,14611450
NIFTY-I.NFO,31/07/2024,09:17:46,24954.65,24952.75,125,24954.6,50,0,14611450
NIFTY-I.NFO,31/07/2024,09:17:47,24954.6,24952.75,25,24954.6,200,25,14611450
NIFTY-I.NFO,31/07/2024,09:17:48,24952.35,24952.35,50,24954,400,350,14611450
NIFTY-I.NFO,31/07/2024,09:17:49,24953.95,24952.35,300,24953.95,100,4150,14611450
NIFTY-I.NFO,31/07/2024,09:17:50,24954,24953.45,250,24954.65,25,775,14611450
NIFTY-I.NFO,31/07/2024,09:17:51,24954.65,24952.75,225,24954,775,1025,14611450
NIFTY-I.NFO,31/07/2024,09:17:52,24953.95,24951.95,225,24954,800,1050,14611450
NIFTY-I.NFO,31/07/2024,09:17:53,24953.45,24952.2,225,24953.5,25,50,14611450
NIFTY-I.NFO,31/07/2024,09:17:55,24953.5,24952.6,225,24954,775,1550,14611450
NIFTY-I.NFO,31/07/2024,09:17:56,24952.5,24952.5,225,24954,1175,125,14611450
NIFTY-I.NFO,31/07/2024,09:17:57,24954,24952.75,25,24954,1150,525,14611450
NIFTY-I.NFO,31/07/2024,09:17:58,24953.05,24953.05,450,24953.95,150,1250,14611450
NIFTY-I.NFO,31/07/2024,09:17:59,24953.5,24953.5,25,24953.95,275,750,14611450
NIFTY-I.NFO,31/07/2024,09:18:00,24955,24954.45,125,24955,525,2450,14611450
NIFTY-I.NFO,31/07/2024,09:18:01,24955,24954.6,300,24956,50,1450,14611450
NIFTY-I.NFO,31/07/2024,09:18:02,24956.75,24956.75,150,24959,175,350,14611450
NIFTY-I.NFO,31/07/2024,09:18:03,24952,24952.55,25,24956.75,25,225,14611450
NIFTY-I.NFO,31/07/2024,09:18:04,24955.65,24951.65,50,24955.5,25,300,14611450
NIFTY-I.NFO,31/07/2024,09:18:05,24951.75,24951.85,125,24955.9,100,100,14611450
NIFTY-I.NFO,31/07/2024,09:18:06,24954,24951.35,50,24954,950,300,14611450
NIFTY-I.NFO,31/07/2024,09:18:07,24954,24951.85,25,24954,850,150,14611450
NIFTY-I.NFO,31/07/2024,09:18:09,24954,24952.35,150,24954,500,475,14611450
NIFTY-I.NFO,31/07/2024,09:18:10,24951.75,24951.6,100,24954,550,150,14611450
NIFTY-I.NFO,31/07/2024,09:18:11,24953.85,24952.3,225,24954,550,475,14611450
NIFTY-I.NFO,31/07/2024,09:18:12,24954,24951.55,25,24954,525,125,14611450
NIFTY-I.NFO,31/07/2024,09:18:13,24951.5,24951.5,25,24953.95,200,75,14611450
NIFTY-I.NFO,31/07/2024,09:18:14,24951.2,24951.15,25,24953.85,200,200,14611450
NIFTY-I.NFO,31/07/2024,09:18:15,24952.4,24951,125,24952.4,25,150,14611450
NIFTY-I.NFO,31/07/2024,09:18:16,24952.4,24951,25,24951.5,25,0,14611450
NIFTY-I.NFO,31/07/2024,09:18:18,24951.5,24951,25,24951.5,175,25,14611450
NIFTY-I.NFO,31/07/2024,09:18:20,24951,24950.65,125,24951.3,175,25,14611450
NIFTY-I.NFO,31/07/2024,09:18:21,24951,24948.75,25,24951,25,775,14611450
NIFTY-I.NFO,31/07/2024,09:18:23,24951,24949.4,25,24951,175,200,14611450
NIFTY-I.NFO,31/07/2024,09:18:25,24949.4,24949.4,125,24949.95,50,275,14611450
NIFTY-I.NFO,31/07/2024,09:18:26,24952.4,24950.05,125,24951,50,1050,14611450
NIFTY-I.NFO,31/07/2024,09:18:28,24950.05,24950.05,125,24954,600,1250,14611450
NIFTY-I.NFO,31/07/2024,09:18:30,24953.95,24951,125,24953.95,25,450,14611450
NIFTY-I.NFO,31/07/2024,09:18:31,24951.55,24951.55,25,24954.2,100,1075,14611450
NIFTY-I.NFO,31/07/2024,09:18:33,24950.6,24950.95,125,24954.25,25,75,14611450
NIFTY-I.NFO,31/07/2024,09:18:34,24951,24950.8,150,24953,25,725,14611450
NIFTY-I.NFO,31/07/2024,09:18:36,24955,24951.65,125,24953,100,800,14611450
NIFTY-I.NFO,31/07/2024,09:18:38,24953,24950.95,75,24953,25,100,14611450
NIFTY-I.NFO,31/07/2024,09:18:39,24953.65,24950.95,75,24953.7,300,100,14611450
NIFTY-I.NFO,31/07/2024,09:18:41,24953.65,24951,25,24953.65,75,0,14611450
NIFTY-I.NFO,31/07/2024,09:18:43,24953.7,24951,50,24953.7,175,475,14624700
NIFTY-I.NFO,31/07/2024,09:18:44,24946.75,24946.45,125,24949.7,50,1700,14624700
NIFTY-I.NFO,31/07/2024,09:18:46,24949.7,24948.55,225,24951,25,50,14624700
NIFTY-I.NFO,31/07/2024,09:18:48,24949.3,24949.05,225,24951,25,50,14624700
NIFTY-I.NFO,31/07/2024,09:18:49,24949.1,24951,25,24952.4,525,150,14624700
NIFTY-I.NFO,31/07/2024,09:18:51,24948.9,24949.45,25,24952.4,525,725,14624700
NIFTY-I.NFO,31/07/2024,09:18:53,24949,24949.05,275,24950,75,150,14624700
NIFTY-I.NFO,31/07/2024,09:18:54,24949.7,24949.2,50,24950,25,200,14624700
NIFTY-I.NFO,31/07/2024,09:18:56,24951,24949.25,275,24949.7,25,150,14624700
NIFTY-I.NFO,31/07/2024,09:18:58,24948.6,24948.3,125,24949.25,600,425,14624700
NIFTY-I.NFO,31/07/2024,09:18:59,24948.1,24947.45,25,24948.3,25,100,14624700
NIFTY-I.NFO,31/07/2024,09:19:01,24947.35,24946,75,24948.3,50,75,14624700
NIFTY-I.NFO,31/07/2024,09:19:03,24945.7,24945.9,25,24947.45,25,75,14624700
NIFTY-I.NFO,31/07/2024,09:19:04,24945.25,24945.65,25,24947.45,50,1275,14624700
NIFTY-I.NFO,31/07/2024,09:19:06,24947.45,24946.15,600,24947.45,25,500,14624700
NIFTY-I.NFO,31/07/2024,09:19:07,24947.35,24947.55,100,24948.95,125,750,14624700
NIFTY-I.NFO,31/07/2024,09:19:09,24948.85,24947.95,25,24948.95,125,325,14624700
NIFTY-I.NFO,31/07/2024,09:19:11,24948.85,24948.85,450,24949,50,325,14624700
NIFTY-I.NFO,31/07/2024,09:19:12,24948.9,24948.85,450,24949,175,50,14624700
NIFTY-I.NFO,31/07/2024,09:19:14,24948.85,24948.85,400,24949.2,100,275,14624700
NIFTY-I.NFO,31/07/2024,09:19:15,24952,24949.8,25,24952,25,1825,14624700
NIFTY-I.NFO,31/07/2024,09:19:17,24952.35,24950.35,25,24952.4,525,75,14624700
NIFTY-I.NFO,31/07/2024,09:19:19,24951.3,24951.3,325,24952.4,475,150,14624700
NIFTY-I.NFO,31/07/2024,09:19:20,24953.05,24953.05,175,24954,50,1300,14624700
NIFTY-I.NFO,31/07/2024,09:19:22,24955,24954,1200,24955,1125,475,14624700
NIFTY-I.NFO,31/07/2024,09:19:24,24954,24954,775,24955,1250,450,14624700
NIFTY-I.NFO,31/07/2024,09:19:25,24954.95,24954,200,24955,1250,800,14624700
NIFTY-I.NFO,31/07/2024,09:19:27,24955,24954,175,24955,1150,150,14624700
NIFTY-I.NFO,31/07/2024,09:19:29,24954.85,24952.4,675,24954.85,25,200,14624700
NIFTY-I.NFO,31/07/2024,09:19:30,24954,24952.4,200,24954.95,100,600,14624700
NIFTY-I.NFO,31/07/2024,09:19:32,24955,24952.4,150,24955,750,550,14624700
NIFTY-I.NFO,31/07/2024,09:19:34,24955.1,24955,25,24955.1,25,875,14624700
NIFTY-I.NFO,31/07/2024,09:19:35,24952.4,24952.4,100,24954.8,125,75,14624700
NIFTY-I.NFO,31/07/2024,09:19:37,24954.8,24952,50,24954.8,100,125,14624700
NIFTY-I.NFO,31/07/2024,09:19:39,24954.8,24952,50,24954.8,75,25,14624700
NIFTY-I.NFO,31/07/2024,09:19:40,24955,24952,50,24952.4,25,100,14624700
NIFTY-I.NFO,31/07/2024,09:19:42,24952.4,24951.25,250,24954.9,25,75,14624700
NIFTY-I.NFO,31/07/2024,09:19:43,24951.25,24951.05,250,24954.8,225,100,14624700
NIFTY-I.NFO,31/07/2024,09:19:45,24954.35,24951.05,250,24954.25,25,25,14624700
NIFTY-I.NFO,31/07/2024,09:19:47,24954,24951,25,24954,25,150,14624700
NIFTY-I.NFO,31/07/2024,09:19:48,24953.95,24950,275,24951.05,1000,200,14624700
NIFTY-I.NFO,31/07/2024,09:19:50,24951,24950,275,24951,50,50,14624700
NIFTY-I.NFO,31/07/2024,09:19:52,24951,24950,300,24951,150,0,14624700
NIFTY-I.NFO,31/07/2024,09:19:53,24950,24950,250,24951,175,75,14624700
NIFTY-I.NFO,31/07/2024,09:19:55,24950,24950,200,24951,175,100,14624700
NIFTY-I.NFO,31/07/2024,09:19:56,24950,24948.5,100,24951,200,200,14624700
NIFTY-I.NFO,31/07/2024,09:19:58,24950,24949.8,25,24951,200,0,14624700
NIFTY-I.NFO,31/07/2024,09:20:00,24942.65,24945.05,125,24948.55,50,12425,14624700
NIFTY-I.NFO,31/07/2024,09:20:01,24945.85,24942.95,25,24945.55,25,175,14624700
NIFTY-I.NFO,31/07/2024,09:20:03,24945.55,24943.55,225,24945.55,75,175,14624700
NIFTY-I.NFO,31/07/2024,09:20:05,24947.05,24942.95,25,24946.75,25,475,14624700
NIFTY-I.NFO,31/07/2024,09:20:06,24943.15,24943.15,225,24945.35,50,125,14624700
NIFTY-I.NFO,31/07/2024,09:20:08,24943.3,24943.15,25,24945.35,250,175,14624700
NIFTY-I.NFO,31/07/2024,09:20:10,24945.35,24944.05,25,24947,100,1000,14624700
NIFTY-I.NFO,31/07/2024,09:20:11,24943.45,24944.8,50,24947,100,100,14624700
NIFTY-I.NFO,31/07/2024,09:20:13,24947.05,24946.25,25,24947,125,425,14624700
NIFTY-I.NFO,31/07/2024,09:20:14,24949.8,24947.55,175,24949.8,50,400,14624700
NIFTY-I.NFO,31/07/2024,09:20:16,24947.15,24947.65,25,24950.8,150,625,14624700
NIFTY-I.NFO,31/07/2024,09:20:18,24947,24947.8,25,24950,50,25,14624700
NIFTY-I.NFO,31/07/2024,09:20:19,24950.9,24948.7,50,24953.65,125,2100,14624700
NIFTY-I.NFO,31/07/2024,09:20:21,24952.4,24951.4,125,24953.95,50,125,14624700
NIFTY-I.NFO,31/07/2024,09:20:23,24949.65,24952.4,250,24953.95,150,250,14624700
NIFTY-I.NFO,31/07/2024,09:20:24,24953.4,24953.4,175,24953.95,150,75,14624700
NIFTY-I.NFO,31/07/2024,09:20:26,24950,24952.4,250,24953.95,150,975,14624700
NIFTY-I.NFO,31/07/2024,09:20:27,24951.4,24951.4,200,24953,200,2075,14624700
NIFTY-I.NFO,31/07/2024,09:20:29,24949.9,24949.9,150,24951.5,200,75,14624700
NIFTY-I.NFO,31/07/2024,09:20:31,24951.5,24950.9,150,24951.5,350,25,14624700
NIFTY-I.NFO,31/07/2024,09:20:32,24952.9,24951.85,25,24953.2,100,625,14624700
NIFTY-I.NFO,31/07/2024,09:20:34,24953.35,24953.35,100,24954.95,200,1550,14624700
NIFTY-I.NFO,31/07/2024,09:20:36,24954.9,24953.35,100,24954.95,200,75,14624700
NIFTY-I.NFO,31/07/2024,09:20:37,24953.35,24951.85,50,24953.35,125,200,14624700
NIFTY-I.NFO,31/07/2024,09:20:39,24953.35,24953.35,50,24954.75,150,150,14624700
NIFTY-I.NFO,31/07/2024,09:20:41,24954.95,24951.85,50,24954,125,375,14624700
NIFTY-I.NFO,31/07/2024,09:20:42,24950,24950,275,24953.85,125,100,14624700
NIFTY-I.NFO,31/07/2024,09:20:44,24953.85,24951.85,225,24953.85,275,525,14624700
NIFTY-I.NFO,31/07/2024,09:20:46,24953.85,24951.35,225,24952.35,50,0,14624700
NIFTY-I.NFO,31/07/2024,09:20:47,24952.35,24951.35,200,24952.35,400,200,14624700
NIFTY-I.NFO,31/07/2024,09:20:49,24952.35,24951.35,125,24952.35,525,125,14624700
NIFTY-I.NFO,31/07/2024,09:20:51,24951.35,24951.35,50,24952.3,150,175,14624700
NIFTY-I.NFO,31/07/2024,09:20:52,24952.3,24950.85,125,24952.3,300,950,14624700
NIFTY-I.NFO,31/07/2024,09:20:54,24950.85,24950.85,75,24952,300,100,14624700
NIFTY-I.NFO,31/07/2024,09:20:55,24952,24951.35,25,24952,525,75,14624700
NIFTY-I.NFO,31/07/2024,09:20:57,24951.95,24950.35,225,24951.95,225,1125,14624700
NIFTY-I.NFO,31/07/2024,09:20:59,24951.95,24950,275,24951.95,225,0,14624700
NIFTY-I.NFO,31/07/2024,09:21:00,24950,24950,250,24951.35,25,75,14624700
NIFTY-I.NFO,31/07/2024,09:21:02,24951.35,24950,100,24951.35,175,225,14624700
NIFTY-I.NFO,31/07/2024,09:21:03,24951.35,24950.35,250,24951.35,225,425,14624700
NIFTY-I.NFO,31/07/2024,09:21:05,24951.85,24950,175,24951.95,25,825,14624700
NIFTY-I.NFO,31/07/2024,09:21:07,24952.55,24950.85,225,24952.55,75,500,14624700
NIFTY-I.NFO,31/07/2024,09:21:08,24953.35,24952.85,250,24955,575,825,14624700
NIFTY-I.NFO,31/07/2024,09:21:10,24955.65,24955,225,24956.4,150,900,14624700
NIFTY-I.NFO,31/07/2024,09:21:12,24955.2,24951.35,250,24955.2,25,500,14624700
NIFTY-I.NFO,31/07/2024,09:21:13,24951.4,24950.4,25,24954.85,25,75,14624700
NIFTY-I.NFO,31/07/2024,09:21:15,24954.8,24951.35,225,24954.85,50,50,14624700
NIFTY-I.NFO,31/07/2024,09:21:17,24951.35,24951.35,200,24954.85,250,25,14624700
NIFTY-I.NFO,31/07/2024,09:21:19,24955.75,24952.4,25,24956.7,25,525,14624700
NIFTY-I.NFO,31/07/2024,09:21:20,24956.45,24954.8,25,24956.7,25,575,14624700
NIFTY-I.NFO,31/07/2024,09:21:22,24956.6,24955,75,24956.55,25,100,14624700
NIFTY-I.NFO,31/07/2024,09:21:24,24950.85,24952.3,25,24956.65,100,600,14624700
NIFTY-I.NFO,31/07/2024,09:21:25,24955,24955,250,24956.55,100,150,14624700
NIFTY-I.NFO,31/07/2024,09:21:27,24954.85,24951.35,25,24952,25,425,14624700
NIFTY-I.NFO,31/07/2024,09:21:29,24952,24951.95,25,24952,175,175,14624700
NIFTY-I.NFO,31/07/2024,09:21:30,24956.25,24952.1,25,24956.5,25,500,14624700
NIFTY-I.NFO,31/07/2024,09:21:32,24956.35,24951.4,25,24954.95,100,1025,14624700
NIFTY-I.NFO,31/07/2024,09:21:33,24952.35,24951.85,150,24956.6,25,875,14624700
NIFTY-I.NFO,31/07/2024,09:21:35,24952.35,24951.7,25,24956.05,25,0,14624700
NIFTY-I.NFO,31/07/2024,09:21:37,24952.35,24951.35,25,24954,50,75,14624700
NIFTY-I.NFO,31/07/2024,09:21:38,24956.65,24952.4,25,24956.8,100,125,14624700
NIFTY-I.NFO,31/07/2024,09:21:40,24956,24952.85,175,24956.8,75,100,14624700
NIFTY-I.NFO,31/07/2024,09:21:42,24956.35,24951,25,24955.05,50,50,14641300
NIFTY-I.NFO,31/07/2024,09:21:43,24956.35,24951.9,25,24956.5,50,100,14641300
NIFTY-I.NFO,31/07/2024,09:21:45,24952.3,24952.3,25,24956.6,25,75,14641300
NIFTY-I.NFO,31/07/2024,09:21:47,24954.9,24954.85,150,24956.4,125,400,14641300
NIFTY-I.NFO,31/07/2024,09:21:48,24957,24953.6,25,24957,425,700,14641300
NIFTY-I.NFO,31/07/2024,09:21:50,24957,24954.75,250,24957,400,50,14641300
NIFTY-I.NFO,31/07/2024,09:21:52,24957,24956.6,25,24957,400,75,14641300
NIFTY-I.NFO,31/07/2024,09:21:53,24955.75,24956.25,75,24957,350,225,14641300
NIFTY-I.NFO,31/07/2024,09:21:55,24958,24956.75,250,24958.2,50,825,14641300
NIFTY-I.NFO,31/07/2024,09:21:57,24958.2,24958.25,200,24958.55,150,50,14641300
NIFTY-I.NFO,31/07/2024,09:21:58,24958.55,24958.25,150,24958.55,75,150,14641300
NIFTY-I.NFO,31/07/2024,09:22:00,24958.55,24958,75,24958.95,25,175,14641300
NIFTY-I.NFO,31/07/2024,09:22:02,24957,24953.8,50,24957.2,100,125,14641300
NIFTY-I.NFO,31/07/2024,09:22:03,24956.95,24953.75,125,24956.95,50,50,14641300
NIFTY-I.NFO,31/07/2024,09:22:05,24956.95,24953.25,125,24957,25,50,14641300
NIFTY-I.NFO,31/07/2024,09:22:06,24955,24953.75,125,24955,475,50,14641300
NIFTY-I.NFO,31/07/2024,09:22:08,24955,24953.75,100,24955,200,500,14641300
NIFTY-I.NFO,31/07/2024,09:22:10,24954.25,24954.75,50,24955,150,100,14641300
NIFTY-I.NFO,31/07/2024,09:22:11,24955.25,24955.25,250,24957,500,300,14641300
NIFTY-I.NFO,31/07/2024,09:22:13,24955,24954.25,250,24955,200,25,14641300
NIFTY-I.NFO,31/07/2024,09:22:15,24955,24953.25,200,24955,175,75,14641300
NIFTY-I.NFO,31/07/2024,09:22:16,24953.75,24952.9,25,24955,275,25,14641300
NIFTY-I.NFO,31/07/2024,09:22:18,24952.9,24952.25,200,24955,350,50,14641300
NIFTY-I.NFO,31/07/2024,09:22:20,24955,24952.75,200,24953.75,50,25,14641300
NIFTY-I.NFO,31/07/2024,09:22:21,24953.75,24952.75,200,24952.9,25,25,14641300
NIFTY-I.NFO,31/07/2024,09:22:23,24952.9,24952.75,25,24953.75,75,175,14641300
NIFTY-I.NFO,31/07/2024,09:22:24,24952.9,24952.8,50,24953.75,75,100,14641300
NIFTY-I.NFO,31/07/2024,09:22:26,24952.75,24952.9,25,24953.75,350,175,14641300
NIFTY-I.NFO,31/07/2024,09:22:28,24952.05,24952.05,650,24952.9,25,225,14641300
NIFTY-I.NFO,31/07/2024,09:22:29,24952.05,24952.05,650,24952.9,50,150,14641300
NIFTY-I.NFO,31/07/2024,09:22:31,24952.05,24952.25,125,24952.9,250,0,14641300
NIFTY-I.NFO,31/07/2024,09:22:33,24951,24949.75,225,24952,50,1725,14641300
NIFTY-I.NFO,31/07/2024,09:22:34,24952.9,24949.25,225,24952,200,250,14641300
NIFTY-I.NFO,31/07/2024,09:22:36,24949.25,24949.25,200,24952,175,50,14641300
NIFTY-I.NFO,31/07/2024,09:22:38,24949.25,24949.75,75,24950.75,150,125,14641300
NIFTY-I.NFO,31/07/2024,09:22:39,24950.25,24950.25,25,24950.75,275,100,14641300
NIFTY-I.NFO,31/07/2024,09:22:41,24952,24951.25,100,24954.6,25,675,14641300
NIFTY-I.NFO,31/07/2024,09:22:42,24951,24950.8,225,24953.85,175,625,14641300
NIFTY-I.NFO,31/07/2024,09:22:44,24953.85,24952.25,225,24953.25,25,50,14641300
NIFTY-I.NFO,31/07/2024,09:22:46,24950.75,24950.75,100,24953.25,175,425,14641300
NIFTY-I.NFO,31/07/2024,09:22:47,24950.75,24951.25,75,24952.75,25,25,14641300
NIFTY-I.NFO,31/07/2024,09:22:49,24952.75,24950.75,50,24952.75,150,75,14641300
NIFTY-I.NFO,31/07/2024,09:22:50,24952.75,24951.25,50,24952.75,125,25,14641300
NIFTY-I.NFO,31/07/2024,09:22:52,24950.75,24952,850,24952.55,150,150,14641300
NIFTY-I.NFO,31/07/2024,09:22:54,24952.55,24952,850,24952.55,400,150,14641300
NIFTY-I.NFO,31/07/2024,09:22:55,24952.4,24952,825,24952.55,400,25,14641300
NIFTY-I.NFO,31/07/2024,09:22:57,24952.55,24952,825,24952.55,500,400,14641300
NIFTY-I.NFO,31/07/2024,09:22:58,24952,24952,725,24952.55,475,350,14641300
NIFTY-I.NFO,31/07/2024,09:23:00,24952,24952,675,24952.55,475,50,14641300
NIFTY-I.NFO,31/07/2024,09:23:02,24952,24952,425,24953.3,150,950,14641300
NIFTY-I.NFO,31/07/2024,09:23:03,24952.55,24952,375,24952.55,125,100,14641300
NIFTY-I.NFO,31/07/2024,09:23:05,24952.55,24952,375,24952.55,300,0,14641300
NIFTY-I.NFO,31/07/2024,09:23:06,24952.55,24952,375,24952.55,275,50,14641300
NIFTY-I.NFO,31/07/2024,09:23:08,24952.55,24952,375,24952.55,225,50,14641300
NIFTY-I.NFO,31/07/2024,09:23:10,24952,24952,175,24952.55,225,200,14641300
NIFTY-I.NFO,31/07/2024,09:23:11,24952,24952.05,50,24952.55,225,0,14641300
NIFTY-I.NFO,31/07/2024,09:23:13,24953.3,24952.15,150,24954.8,275,375,14641300
NIFTY-I.NFO,31/07/2024,09:23:14,24955,24953.2,25,24955,575,500,14641300
NIFTY-I.NFO,31/07/2024,09:23:16,24953.3,24953.25,75,24955,550,50,14641300
NIFTY-I.NFO,31/07/2024,09:23:17,24953.25,24953.25,50,24955,550,50,14641300
NIFTY-I.NFO,31/07/2024,09:23:19,24955,24953.3,125,24955,525,25,14641300
NIFTY-I.NFO,31/07/2024,09:23:21,24955,24954,100,24955,525,0,14641300
NIFTY-I.NFO,31/07/2024,09:23:22,24953.25,24952.55,75,24953.8,50,225,14641300
NIFTY-I.NFO,31/07/2024,09:23:24,24953.8,24952.55,50,24954.05,25,50,14641300
NIFTY-I.NFO,31/07/2024,09:23:25,24953.8,24952.55,50,24954,250,0,14641300
NIFTY-I.NFO,31/07/2024,09:23:27,24952.55,24952,100,24954,250,75,14641300
NIFTY-I.NFO,31/07/2024,09:23:29,24952,24952,50,24954,250,75,14641300
NIFTY-I.NFO,31/07/2024,09:23:30,24953.95,24952,25,24954,425,75,14641300
NIFTY-I.NFO,31/07/2024,09:23:32,24952,24951,50,24953.65,100,50,14641300
NIFTY-I.NFO,31/07/2024,09:23:34,24953.05,24952,100,24953.2,25,50,14641300
NIFTY-I.NFO,31/07/2024,09:23:35,24950.75,24950.75,25,24953.15,200,600,14641300
NIFTY-I.NFO,31/07/2024,09:23:37,24950,24950,625,24952,50,375,14641300
NIFTY-I.NFO,31/07/2024,09:23:39,24950,24950,125,24952,100,600,14641300
NIFTY-I.NFO,31/07/2024,09:23:40,24949.3,24948.75,25,24952,225,175,14641300
NIFTY-I.NFO,31/07/2024,09:23:42,24949.3,24949.1,75,24951.95,125,0,14641300
NIFTY-I.NFO,31/07/2024,09:23:43,24949.3,24949.1,100,24950.8,150,0,14641300
NIFTY-I.NFO,31/07/2024,09:23:45,24950.8,24949.35,75,24950.8,350,50,14641300
NIFTY-I.NFO,31/07/2024,09:23:47,24949.3,24949.35,100,24950.8,350,100,14641300
NIFTY-I.NFO,31/07/2024,09:23:48,24950.8,24949.45,100,24950.8,250,100,14641300
NIFTY-I.NFO,31/07/2024,09:23:50,24949.45,24949.75,75,24950,1000,50,14641300
NIFTY-I.NFO,31/07/2024,09:23:51,24949.9,24949.75,25,24949.9,175,125,14641300
NIFTY-I.NFO,31/07/2024,09:23:53,24947.4,24947.5,175,24949.85,125,750,14641300
NIFTY-I.NFO,31/07/2024,09:23:55,24948.15,24948.2,200,24949.75,300,25,14641300
NIFTY-I.NFO,31/07/2024,09:23:56,24949.45,24949.15,425,24949.7,75,525,14641300
NIFTY-I.NFO,31/07/2024,09:23:58,24949.65,24949.15,100,24949.65,150,300,14641300
NIFTY-I.NFO,31/07/2024,09:23:59,24949,24946.5,75,24949.65,125,800,14641300
NIFTY-I.NFO,31/07/2024,09:24:01,24947.15,24947.2,25,24947.95,50,50,14641300
NIFTY-I.NFO,31/07/2024,09:24:02,24946.75,24945.7,200,24947.95,225,225,14641300
NIFTY-I.NFO,31/07/2024,09:24:04,24945.95,24945.7,75,24947.95,225,200,14641300
NIFTY-I.NFO,31/07/2024,09:24:06,24945,24945.05,275,24946.7,25,250,14641300
NIFTY-I.NFO,31/07/2024,09:24:07,24945.15,24945.15,475,24945.95,100,225,14641300
NIFTY-I.NFO,31/07/2024,09:24:09,24945.95,24945.7,200,24948.95,75,850,14641300
NIFTY-I.NFO,31/07/2024,09:24:11,24949.55,24945.7,50,24948.7,50,100,14641300
NIFTY-I.NFO,31/07/2024,09:24:12,24944.15,24944.15,150,24946.95,25,1725,14641300
NIFTY-I.NFO,31/07/2024,09:24:14,24945,24945,175,24945.15,100,150,14641300
NIFTY-I.NFO,31/07/2024,09:24:15,24948,24945.15,25,24948.8,25,275,14641300
NIFTY-I.NFO,31/07/2024,09:24:17,24946.9,24945,275,24945.5,50,75,14641300
NIFTY-I.NFO,31/07/2024,09:24:19,24945,24945.15,250,24948.5,25,100,14641300
NIFTY-I.NFO,31/07/2024,09:24:20,24945,24945.15,125,24948.7,50,100,14641300
NIFTY-I.NFO,31/07/2024,09:24:22,24948.15,24944,100,24948.05,25,575,14641300
NIFTY-I.NFO,31/07/2024,09:24:24,24945,24944.65,350,24947.65,25,25,14641300
NIFTY-I.NFO,31/07/2024,09:24:25,24945,24945.15,125,24948,300,25,14641300
NIFTY-I.NFO,31/07/2024,09:24:27,24948,24945.2,25,24948,525,100,14641300
NIFTY-I.NFO,31/07/2024,09:24:29,24948.8,24947.2,25,24949,50,1400,14641300
NIFTY-I.NFO,31/07/2024,09:24:30,24945.2,24946.8,75,24948.15,25,500,14641300
NIFTY-I.NFO,31/07/2024,09:24:32,24945.2,24948.05,325,24948.15,200,0,14641300
NIFTY-I.NFO,31/07/2024,09:24:34,24948.15,24945.7,75,24948.15,75,1000,14641300
NIFTY-I.NFO,31/07/2024,09:24:35,24945.25,24945.25,50,24948.15,75,100,14641300
NIFTY-I.NFO,31/07/2024,09:24:37,24945.25,24945.25,25,24947.95,100,0,14641300
NIFTY-I.NFO,31/07/2024,09:24:39,24945.25,24945.2,25,24947.5,100,25,14641300
NIFTY-I.NFO,31/07/2024,09:24:40,24945.15,24945.15,75,24946.95,25,50,14641300
NIFTY-I.NFO,31/07/2024,09:24:42,24946.15,24945,825,24945.15,25,350,14651900
NIFTY-I.NFO,31/07/2024,09:24:44,24946.15,24945,850,24945.15,100,0,14651900
NIFTY-I.NFO,31/07/2024,09:24:45,24943.55,24942.05,100,24944,75,950,14651900
NIFTY-I.NFO,31/07/2024,09:24:47,24943.25,24942.05,25,24943.25,25,75,14651900
NIFTY-I.NFO,31/07/2024,09:24:49,24942.9,24942.05,25,24943.2,250,25,14651900
NIFTY-I.NFO,31/07/2024,09:24:50,24942,24942.1,75,24943.1,75,175,14651900
NIFTY-I.NFO,31/07/2024,09:24:52,24943.1,24942.6,125,24943.1,575,350,14651900
NIFTY-I.NFO,31/07/2024,09:24:54,24943.1,24943.1,75,24943.25,250,875,14651900
NIFTY-I.NFO,31/07/2024,09:24:55,24941.7,24942.8,100,24943.3,125,1600,14651900
NIFTY-I.NFO,31/07/2024,09:24:57,24943.3,24941,175,24943.3,200,575,14651900
NIFTY-I.NFO,31/07/2024,09:24:59,24943.1,24942.05,75,24943.3,200,50,14651900
NIFTY-I.NFO,31/07/2024,09:25:00,24942.45,24942.45,25,24943.3,300,100,14651900
NIFTY-I.NFO,31/07/2024,09:25:02,24943.25,24943.25,225,24943.35,75,400,14651900
NIFTY-I.NFO,31/07/2024,09:25:04,24942.45,24942.05,25,24943.35,50,375,14651900
NIFTY-I.NFO,31/07/2024,09:25:05,24942,24942.4,50,24942.45,50,150,14651900
NIFTY-I.NFO,31/07/2024,09:25:07,24941.7,24941.7,75,24942.8,25,425,14651900
NIFTY-I.NFO,31/07/2024,09:25:09,24943.3,24941.75,100,24943.3,125,125,14651900
NIFTY-I.NFO,31/07/2024,09:25:10,24941.7,24942,25,24943.1,75,175,14651900
NIFTY-I.NFO,31/07/2024,09:25:12,24943.3,24942.55,75,24943.3,125,125,14651900
NIFTY-I.NFO,31/07/2024,09:25:14,24943.65,24943.3,125,24943.65,50,325,14651900
NIFTY-I.NFO,31/07/2024,09:25:15,24944.5,24943.65,75,24944.8,100,200,14651900
NIFTY-I.NFO,31/07/2024,09:25:17,24945.25,24942.9,100,24944.75,50,2625,14651900
NIFTY-I.NFO,31/07/2024,09:25:19,24944.4,24943.65,25,24944.6,175,150,14651900
NIFTY-I.NFO,31/07/2024,09:25:20,24943.45,24940.4,200,24943.45,125,1025,14651900
NIFTY-I.NFO,31/07/2024,09:25:22,24942.75,24942.05,25,24942.25,125,75,14651900
NIFTY-I.NFO,31/07/2024,09:25:24,24942.05,24942,975,24942.15,200,125,14651900
NIFTY-I.NFO,31/07/2024,09:25:25,24943.05,24943.05,175,24945.35,125,725,14651900
NIFTY-I.NFO,31/07/2024,09:25:27,24942.05,24942.05,75,24944.4,125,550,14651900
NIFTY-I.NFO,31/07/2024,09:25:29,24942.45,24942.75,125,24944.75,25,75,14651900
NIFTY-I.NFO,31/07/2024,09:25:30,24944.7,24943.1,75,24944.8,25,25,14651900
NIFTY-I.NFO,31/07/2024,09:25:32,24943.8,24943.1,75,24944.25,125,200,14651900
NIFTY-I.NFO,31/07/2024,09:25:34,24943,24943,550,24943.55,100,400,14651900
NIFTY-I.NFO,31/07/2024,09:25:35,24943,24943,375,24943.55,100,250,14651900
NIFTY-I.NFO,31/07/2024,09:25:37,24943.05,24943,350,24943.55,100,100,14651900
NIFTY-I.NFO,31/07/2024,09:25:39,24943,24943.05,100,24943.55,100,100,14651900
NIFTY-I.NFO,31/07/2024,09:25:40,24943.2,24943.2,150,24945,100,300,14651900
NIFTY-I.NFO,31/07/2024,09:25:42,24943.85,24943.9,75,24945,200,75,14651900
NIFTY-I.NFO,31/07/2024,09:25:44,24944.8,24944,75,24944.8,225,50,14651900
NIFTY-I.NFO,31/07/2024,09:25:46,24947.2,24946.1,75,24947.3,50,1175,14651900
NIFTY-I.NFO,31/07/2024,09:25:47,24947.2,24946.95,50,24947.3,50,0,14651900
NIFTY-I.NFO,31/07/2024,09:25:49,24947.3,24947,25,24947.4,175,225,14651900
NIFTY-I.NFO,31/07/2024,09:25:50,24947,24946.1,25,24947.35,50,50,14651900
NIFTY-I.NFO,31/07/2024,09:25:52,24946.6,24946.2,25,24946.6,50,325,14651900
NIFTY-I.NFO,31/07/2024,09:25:54,24946.6,24944.4,250,24946.6,100,275,14651900
NIFTY-I.NFO,31/07/2024,09:25:55,24945.05,24945,25,24946.65,125,75,14651900
NIFTY-I.NFO,31/07/2024,09:25:57,24945.05,24945,25,24946.55,250,100,14651900
NIFTY-I.NFO,31/07/2024,09:25:59,24945.05,24945.25,75,24946.5,100,25,14651900
NIFTY-I.NFO,31/07/2024,09:26:00,24947.35,24945.8,100,24947.5,100,450,14651900
NIFTY-I.NFO,31/07/2024,09:26:02,24946.65,24946.65,75,24947.25,100,250,14651900
NIFTY-I.NFO,31/07/2024,09:26:04,24946.75,24946.75,75,24947.25,200,100,14651900
NIFTY-I.NFO,31/07/2024,09:26:05,24949.35,24947.8,100,24949.4,25,725,14651900
NIFTY-I.NFO,31/07/2024,09:26:07,24947.8,24947.8,75,24949.3,100,50,14651900
NIFTY-I.NFO,31/07/2024,09:26:08,24948.95,24948.5,75,24949.3,100,150,14651900
NIFTY-I.NFO,31/07/2024,09:26:10,24949.35,24949.05,75,24949.45,100,150,14651900
NIFTY-I.NFO,31/07/2024,09:26:12,24949,24947.4,75,24947.95,50,950,14651900
NIFTY-I.NFO,31/07/2024,09:26:13,24948.2,24948.3,75,24949.55,75,500,14651900
NIFTY-I.NFO,31/07/2024,09:26:15,24949.9,24949.8,50,24949.9,125,350,14651900
NIFTY-I.NFO,31/07/2024,09:26:17,24950.7,24950.55,50,24950.7,50,1100,14651900
NIFTY-I.NFO,31/07/2024,09:26:18,24950.3,24950.55,150,24950.85,25,575,14651900
NIFTY-I.NFO,31/07/2024,09:26:20,24951.6,24951.6,25,24952.1,25,950,14651900
NIFTY-I.NFO,31/07/2024,09:26:22,24952.55,24951.65,25,24953.15,200,1450,14651900
NIFTY-I.NFO,31/07/2024,09:26:23,24951.85,24951.65,75,24953.15,200,175,14651900
NIFTY-I.NFO,31/07/2024,09:26:25,24953.15,24952,75,24953.15,175,25,14651900
NIFTY-I.NFO,31/07/2024,09:26:27,24952,24950.7,100,24951.8,25,250,14651900
NIFTY-I.NFO,31/07/2024,09:26:28,24953,24952.7,75,24953,975,100,14651900
NIFTY-I.NFO,31/07/2024,09:26:30,24953.35,24953.15,75,24953.7,75,1150,14651900
NIFTY-I.NFO,31/07/2024,09:26:32,24954,24954.6,75,24954.8,25,250,14651900
NIFTY-I.NFO,31/07/2024,09:26:33,24955,24954.75,50,24955,775,100,14651900
NIFTY-I.NFO,31/07/2024,09:26:35,24955,24954.8,50,24955,775,100,14651900
NIFTY-I.NFO,31/07/2024,09:26:36,24955.25,24954.9,75,24955.8,400,1300,14651900
NIFTY-I.NFO,31/07/2024,09:26:38,24955.8,24953.9,25,24955.6,175,25,14651900
NIFTY-I.NFO,31/07/2024,09:26:40,24955.8,24955.05,75,24955.65,250,0,14651900
NIFTY-I.NFO,31/07/2024,09:26:41,24953.45,24953.5,25,24955,750,375,14651900
NIFTY-I.NFO,31/07/2024,09:26:43,24955,24954.5,25,24955,600,300,14651900
NIFTY-I.NFO,31/07/2024,09:26:44,24955,24955.05,25,24955.8,275,625,14651900
NIFTY-I.NFO,31/07/2024,09:26:46,24955.8,24955.75,25,24956,175,425,14651900
NIFTY-I.NFO,31/07/2024,09:26:48,24956,24955.9,75,24956,250,50,14651900
NIFTY-I.NFO,31/07/2024,09:26:49,24956,24955.95,25,24956,300,150,14651900
NIFTY-I.NFO,31/07/2024,09:26:51,24955.95,24955.3,75,24955.75,200,525,14651900
NIFTY-I.NFO,31/07/2024,09:26:53,24956.55,24955.3,75,24956.45,125,2525,14651900
NIFTY-I.NFO,31/07/2024,09:26:54,24956.35,24956.4,100,24956.45,250,300,14651900
NIFTY-I.NFO,31/07/2024,09:26:56,24952.55,24954.95,75,24956.4,300,550,14651900
NIFTY-I.NFO,31/07/2024,09:26:58,24957.2,24956.85,75,24957,25,425,14651900
NIFTY-I.NFO,31/07/2024,09:26:59,24956.95,24956.4,100,24956.8,225,400,14651900
NIFTY-I.NFO,31/07/2024,09:27:01,24955.05,24955.55,75,24956.85,150,200,14651900
NIFTY-I.NFO,31/07/2024,09:27:03,24956.05,24956.15,75,24956.4,25,250,14651900
NIFTY-I.NFO,31/07/2024,09:27:04,24957.35,24956.85,75,24957.4,125,3350,14651900
NIFTY-I.NFO,31/07/2024,09:27:06,24956.35,24955.5,75,24957,75,425,14651900
NIFTY-I.NFO,31/07/2024,09:27:07,24955.55,24953.95,75,24955.75,125,125,14651900
NIFTY-I.NFO,31/07/2024,09:27:09,24953.55,24953.2,75,24955.05,75,425,14651900
NIFTY-I.NFO,31/07/2024,09:27:11,24954.9,24953.2,100,24955,300,50,14651900
NIFTY-I.NFO,31/07/2024,09:27:12,24955,24953.15,75,24955,425,50,14651900
NIFTY-I.NFO,31/07/2024,09:27:14,24955,24954.1,75,24955,400,25,14651900
NIFTY-I.NFO,31/07/2024,09:27:15,24954.95,24954.25,100,24954.95,175,75,14651900
NIFTY-I.NFO,31/07/2024,09:27:17,24955.25,24955.65,75,24956.35,25,475,14651900
NIFTY-I.NFO,31/07/2024,09:27:19,24956.35,24955.9,25,24956.4,25,50,14651900
NIFTY-I.NFO,31/07/2024,09:27:20,24957.25,24956.1,25,24957.25,75,125,14651900
NIFTY-I.NFO,31/07/2024,09:27:22,24956.4,24956.4,25,24957.6,375,75,14651900
NIFTY-I.NFO,31/07/2024,09:27:24,24957.95,24956.8,25,24957.95,200,100,14651900
NIFTY-I.NFO,31/07/2024,09:27:25,24957,24957,75,24957.05,150,275,14651900
NIFTY-I.NFO,31/07/2024,09:27:27,24956.35,24955.85,75,24956.7,225,225,14651900
NIFTY-I.NFO,31/07/2024,09:27:29,24954.35,24954.3,125,24956.2,100,225,14651900
NIFTY-I.NFO,31/07/2024,09:27:30,24955.8,24954.05,275,24955.85,150,200,14651900
NIFTY-I.NFO,31/07/2024,09:27:32,24954,24953.15,175,24955,300,50,14651900
NIFTY-I.NFO,31/07/2024,09:27:34,24954.05,24954.15,75,24955,575,75,14651900
NIFTY-I.NFO,31/07/2024,09:27:35,24957.7,24956.05,25,24957,25,775,14651900
NIFTY-I.NFO,31/07/2024,09:27:37,24957.7,24957,75,24957.95,50,300,14651900
NIFTY-I.NFO,31/07/2024,09:27:38,24957.5,24957.5,75,24957.95,200,100,14651900
NIFTY-I.NFO,31/07/2024,09:27:40,24956.2,24955.05,75,24956.35,100,275,14651900
NIFTY-I.NFO,31/07/2024,09:27:42,24956.2,24955.1,25,24956.35,150,0,14651900
NIFTY-I.NFO,31/07/2024,09:27:43,24956.2,24955.75,75,24956.35,150,0,14651900
NIFTY-I.NFO,31/07/2024,09:27:45,24956.2,24956.2,50,24956.35,150,50,14675550
NIFTY-I.NFO,31/07/2024,09:27:47,24956.2,24956.15,75,24956.35,150,25,14675550
NIFTY-I.NFO,31/07/2024,09:27:48,24956.2,24956.05,25,24956.35,100,150,14675550
NIFTY-I.NFO,31/07/2024,09:27:50,24956.05,24956.05,50,24956.35,100,25,14675550
NIFTY-I.NFO,31/07/2024,09:27:51,24956.2,24956,100,24956.25,25,125,14675550
NIFTY-I.NFO,31/07/2024,09:27:53,24956.25,24956.05,50,24956.25,300,25,14675550
NIFTY-I.NFO,31/07/2024,09:27:55,24956.2,24956.1,25,24956.25,225,125,14675550
NIFTY-I.NFO,31/07/2024,09:27:56,24956.2,24956.15,75,24956.2,25,25,14675550
NIFTY-I.NFO,31/07/2024,09:27:58,24956.2,24956.15,100,24956.2,100,350,14675550
NIFTY-I.NFO,31/07/2024,09:28:00,24956.15,24956.15,50,24956.2,50,100,14675550
NIFTY-I.NFO,31/07/2024,09:28:01,24956.2,24956.05,25,24956.15,125,175,14675550
NIFTY-I.NFO,31/07/2024,09:28:03,24956.05,24956.05,25,24956.15,350,50,14675550
NIFTY-I.NFO,31/07/2024,09:28:04,24956,24955.1,25,24955.45,25,125,14675550
NIFTY-I.NFO,31/07/2024,09:28:06,24957,24956.25,25,24957,1175,825,14675550
NIFTY-I.NFO,31/07/2024,09:28:08,24957,24956.3,25,24957,1175,0,14675550
NIFTY-I.NFO,31/07/2024,09:28:09,24960,24958.45,100,24960,425,2575,14675550
NIFTY-I.NFO,31/07/2024,09:28:11,24960.6,24958.85,75,24960.6,275,1075,14675550
NIFTY-I.NFO,31/07/2024,09:28:13,24960.6,24958.9,25,24960.6,225,50,14675550
NIFTY-I.NFO,31/07/2024,09:28:14,24962,24960.6,75,24962,225,450,14675550
NIFTY-I.NFO,31/07/2024,09:28:16,24960.6,24960.05,25,24961.95,400,50,14675550
NIFTY-I.NFO,31/07/2024,09:28:17,24961.85,24960.05,75,24961.9,400,225,14675550
NIFTY-I.NFO,31/07/2024,09:28:19,24962.4,24961.7,75,24962.8,150,450,14675550
NIFTY-I.NFO,31/07/2024,09:28:21,24969.05,24968.5,175,24969.9,250,5675,14675550
NIFTY-I.NFO,31/07/2024,09:28:22,24970,24966.15,25,24969.55,25,5025,14675550
NIFTY-I.NFO,31/07/2024,09:28:22,24974,24966.15,25,24969.55,25,0,14675550
NIFTY-I.NFO,31/07/2024,09:28:24,24970.35,24966.35,25,24970,150,425,14675550
NIFTY-I.NFO,31/07/2024,09:28:26,24966.25,24967.2,25,24970,400,50,14675550
NIFTY-I.NFO,31/07/2024,09:28:27,24968.5,24966.2,50,24969.1,150,75,14675550
NIFTY-I.NFO,31/07/2024,09:28:29,24969.1,24967.4,25,24969.1,350,125,14675550
NIFTY-I.NFO,31/07/2024,09:28:31,24968,24967,50,24970,225,250,14675550
NIFTY-I.NFO,31/07/2024,09:28:32,24968.1,24963.85,25,24967.55,250,100,14675550
NIFTY-I.NFO,31/07/2024,09:28:34,24965.6,24964.2,75,24965.6,25,75,14675550
NIFTY-I.NFO,31/07/2024,09:28:36,24965.6,24965.05,50,24965.6,450,100,14675550
NIFTY-I.NFO,31/07/2024,09:28:37,24967.4,24962.9,25,24967.4,275,1100,14675550
NIFTY-I.NFO,31/07/2024,09:28:39,24965.6,24963.6,100,24965.05,200,75,14675550
NIFTY-I.NFO,31/07/2024,09:28:41,24967.4,24964.3,250,24966.35,250,750,14675550
NIFTY-I.NFO,31/07/2024,09:28:42,24967.15,24965.2,250,24967.55,175,125,14675550
NIFTY-I.NFO,31/07/2024,09:28:44,24965.95,24965.95,175,24968,50,150,14675550
NIFTY-I.NFO,31/07/2024,09:28:46,24968,24966.1,25,24968,100,200,14675550
NIFTY-I.NFO,31/07/2024,09:28:47,24968,24968,625,24968.9,150,175,14675550
NIFTY-I.NFO,31/07/2024,09:28:49,24968,24968,575,24968.9,250,50,14675550
NIFTY-I.NFO,31/07/2024,09:28:51,24968,24968,550,24968.9,225,175,14675550
NIFTY-I.NFO,31/07/2024,09:28:52,24968.75,24968,550,24968.7,25,275,14675550
NIFTY-I.NFO,31/07/2024,09:28:54,24968.7,24968,525,24968.7,225,75,14675550
NIFTY-I.NFO,31/07/2024,09:28:56,24970,24968.85,250,24971,25,3300,14675550
NIFTY-I.NFO,31/07/2024,09:28:57,24972,24971.55,250,24973.6,50,375,14675550
NIFTY-I.NFO,31/07/2024,09:28:59,24970.3,24968.85,75,24970.65,25,325,14675550
NIFTY-I.NFO,31/07/2024,09:29:01,24970.65,24968.8,100,24970.65,125,550,14675550
NIFTY-I.NFO,31/07/2024,09:29:02,24970.65,24968.95,75,24970.65,150,200,14675550
NIFTY-I.NFO,31/07/2024,09:29:04,24968.85,24969,100,24970.65,150,450,14675550
NIFTY-I.NFO,31/07/2024,09:29:06,24970.65,24970.05,175,24971.55,25,300,14675550
NIFTY-I.NFO,31/07/2024,09:29:07,24972.1,24972.1,50,24973.25,100,300,14675550
NIFTY-I.NFO,31/07/2024,09:29:09,24971.35,24971.5,250,24973,200,2000,14675550
NIFTY-I.NFO,31/07/2024,09:29:09,24974.8,24971.5,250,24973,200,0,14675550
NIFTY-I.NFO,31/07/2024,09:29:11,24972.65,24973.25,100,24974.85,125,250,14675550
NIFTY-I.NFO,31/07/2024,09:29:12,24973.3,24972.75,125,24975,2025,275,14675550
NIFTY-I.NFO,31/07/2024,09:29:12,24974.9,24972.75,125,24975,2025,0,14675550
NIFTY-I.NFO,31/07/2024,09:29:14,24975,24972.7,75,24974,25,400,14675550
NIFTY-I.NFO,31/07/2024,09:29:14,24975,24972.7,75,24974,25,0,14675550
NIFTY-I.NFO,31/07/2024,09:29:15,24972.75,24972.9,100,24975,1650,750,14675550
NIFTY-I.NFO,31/07/2024,09:29:17,24974.4,24974.45,75,24974.95,375,350,14675550
NIFTY-I.NFO,31/07/2024,09:29:19,24973.9,24974.45,75,24975,1600,475,14675550
NIFTY-I.NFO,31/07/2024,09:29:20,24975,24972.15,75,24974.95,100,375,14675550
NIFTY-I.NFO,31/07/2024,09:29:22,24972,24970.7,75,24972.95,150,350,14675550
NIFTY-I.NFO,31/07/2024,09:29:24,24971.5,24970.7,75,24972.85,200,125,14675550
NIFTY-I.NFO,31/07/2024,09:29:25,24972,24970.7,50,24972.75,25,200,14675550
NIFTY-I.NFO,31/07/2024,09:29:27,24970.7,24971.2,75,24972.75,100,50,14675550
NIFTY-I.NFO,31/07/2024,09:29:29,24974.4,24973.05,75,24975,2600,2150,14675550
NIFTY-I.NFO,31/07/2024,09:29:30,24975,24973.1,75,24974,25,100,14675550
NIFTY-I.NFO,31/07/2024,09:29:32,24975,24973.05,75,24974.4,25,175,14675550
NIFTY-I.NFO,31/07/2024,09:29:34,24973.1,24973.1,25,24975,1325,1425,14675550
NIFTY-I.NFO,31/07/2024,09:29:35,24973.1,24974.4,25,24975,1350,25,14675550
NIFTY-I.NFO,31/07/2024,09:29:37,24973.1,24974.4,25,24975,1350,0,14675550
NIFTY-I.NFO,31/07/2024,09:29:39,24975,24974.05,75,24975,1225,175,14675550
NIFTY-I.NFO,31/07/2024,09:29:40,24975,24974.05,25,24975,1000,300,14675550
NIFTY-I.NFO,31/07/2024,09:29:42,24974.05,24973.2,75,24975,1025,25,14675550
NIFTY-I.NFO,31/07/2024,09:29:44,24973.2,24973.2,50,24974.05,300,100,14675550
NIFTY-I.NFO,31/07/2024,09:29:45,24974.05,24973.2,50,24974.05,175,25,14675550
NIFTY-I.NFO,31/07/2024,09:29:47,24974,24973.2,75,24974,275,50,14675550
NIFTY-I.NFO,31/07/2024,09:29:49,24974,24972.5,100,24974,25,850,14675550
NIFTY-I.NFO,31/07/2024,09:29:50,24973.2,24972.35,75,24973.2,450,75,14675550
NIFTY-I.NFO,31/07/2024,09:29:52,24974.4,24974.4,150,24975,1125,500,14675550
NIFTY-I.NFO,31/07/2024,09:29:53,24974.4,24974.4,75,24975,925,200,14675550
NIFTY-I.NFO,31/07/2024,09:29:55,24975.75,24975.55,25,24976,400,1450,14675550
NIFTY-I.NFO,31/07/2024,09:29:55,24975.75,24975.55,25,24976,400,0,14675550
NIFTY-I.NFO,31/07/2024,09:29:57,24976,24975.75,1725,24976,400,200,14675550
NIFTY-I.NFO,31/07/2024,09:29:57,24976,24975.75,1725,24976,400,0,14675550
NIFTY-I.NFO,31/07/2024,09:29:58,24976,24975,50,24976,250,2575,14675550
NIFTY-I.NFO,31/07/2024,09:30:00,24977.65,24976.65,75,24977.6,200,1000,14675550
NIFTY-I.NFO,31/07/2024,09:30:00,24979,24976.65,75,24977.6,200,0,14675550
NIFTY-I.NFO,31/07/2024,09:30:02,24977.4,24974.15,25,24977.55,175,2425,14675550
NIFTY-I.NFO,31/07/2024,09:30:03,24977.7,24977.7,25,24978.95,225,275,14675550
NIFTY-I.NFO,31/07/2024,09:30:05,24977.7,24977.65,75,24977.7,100,125,14675550
NIFTY-I.NFO,31/07/2024,09:30:05,24979.05,24977.65,75,24977.7,100,0,14675550
NIFTY-I.NFO,31/07/2024,09:30:07,24973.25,24973.2,50,24976.7,125,350,14675550
NIFTY-I.NFO,31/07/2024,09:30:08,24974.35,24972.05,50,24974.2,150,575,14675550
NIFTY-I.NFO,31/07/2024,09:30:10,24970.05,24970.05,50,24972.05,150,400,14675550
NIFTY-I.NFO,31/07/2024,09:30:12,24972.05,24970.05,75,24972.05,50,325,14675550
NIFTY-I.NFO,31/07/2024,09:30:13,24972.05,24970.05,75,24974.15,75,1250,14675550
NIFTY-I.NFO,31/07/2024,09:30:15,24972.05,24972.05,75,24974.15,400,0,14675550
NIFTY-I.NFO,31/07/2024,09:30:17,24972.45,24972.45,100,24974.1,125,225,14675550
NIFTY-I.NFO,31/07/2024,09:30:18,24974.05,24972.45,50,24974.05,50,125,14675550
NIFTY-I.NFO,31/07/2024,09:30:20,24974.05,24972.25,25,24974.9,300,1200,14675550
NIFTY-I.NFO,31/07/2024,09:30:22,24974.4,24972.35,25,24974.35,300,625,14675550
NIFTY-I.NFO,31/07/2024,09:30:23,24974.25,24972.85,50,24973.9,200,75,14675550
NIFTY-I.NFO,31/07/2024,09:30:25,24972.45,24972.1,75,24974.1,50,475,14675550
NIFTY-I.NFO,31/07/2024,09:30:27,24972.1,24972.1,25,24972.85,250,50,14675550
NIFTY-I.NFO,31/07/2024,09:30:28,24972,24970,175,24971.5,25,675,14675550
NIFTY-I.NFO,31/07/2024,09:30:30,24972,24970,175,24971.5,325,0,14675550
NIFTY-I.NFO,31/07/2024,09:30:32,24970,24971.1,25,24971.5,325,25,14675550
NIFTY-I.NFO,31/07/2024,09:30:33,24971.15,24970,125,24971.3,225,25,14675550
NIFTY-I.NFO,31/07/2024,09:30:35,24971.3,24968.45,75,24971.3,175,375,14675550
NIFTY-I.NFO,31/07/2024,09:30:36,24968.45,24968,100,24970,25,50,14675550
NIFTY-I.NFO,31/07/2024,09:30:38,24970,24967.6,850,24970,450,300,14675550
NIFTY-I.NFO,31/07/2024,09:30:40,24967.65,24967.6,1100,24969.5,125,25,14675550
NIFTY-I.NFO,31/07/2024,09:30:41,24968.55,24967.6,475,24968.55,125,600,14675550
NIFTY-I.NFO,31/07/2024,09:30:43,24965.8,24965.05,250,24967.75,125,575,14675550
NIFTY-I.NFO,31/07/2024,09:30:45,24965,24964.6,1000,24965.8,250,725,14692575
NIFTY-I.NFO,31/07/2024,09:30:46,24958.6,24958.75,25,24961.6,25,1625,14692575
NIFTY-I.NFO,31/07/2024,09:30:48,24959.15,24959.4,125,24961.1,50,125,14692575
NIFTY-I.NFO,31/07/2024,09:30:50,24961.1,24957.7,25,24961.1,250,450,14692575
NIFTY-I.NFO,31/07/2024,09:30:51,24959.3,24959.15,1000,24960.9,50,50,14692575
NIFTY-I.NFO,31/07/2024,09:30:53,24960.9,24959.3,25,24960.9,125,250,14692575
NIFTY-I.NFO,31/07/2024,09:30:55,24959.45,24957,750,24959.45,75,325,14692575
NIFTY-I.NFO,31/07/2024,09:30:56,24959.15,24956.5,25,24959.45,150,400,14692575
NIFTY-I.NFO,31/07/2024,09:30:58,24956,24955.05,100,24957.9,25,1025,14692575
NIFTY-I.NFO,31/07/2024,09:31:00,24956,24955.1,200,24957.9,150,0,14692575
NIFTY-I.NFO,31/07/2024,09:31:01,24955.7,24957.4,25,24957.9,150,50,14692575
NIFTY-I.NFO,31/07/2024,09:31:03,24956,24956.95,250,24957.8,125,2475,14692575
NIFTY-I.NFO,31/07/2024,09:31:05,24957.8,24955.7,225,24957.8,75,475,14692575
NIFTY-I.NFO,31/07/2024,09:31:06,24957.8,24955.05,75,24957.7,25,175,14692575
NIFTY-I.NFO,31/07/2024,09:31:08,24953,24952.85,225,24955,1800,7300,14692575
NIFTY-I.NFO,31/07/2024,09:31:10,24955,24951.95,75,24955,1850,1925,14692575
NIFTY-I.NFO,31/07/2024,09:31:11,24957.15,24952.8,100,24956.9,25,3875,14692575
NIFTY-I.NFO,31/07/2024,09:31:13,24956,24953.4,25,24957.25,50,1950,14692575
NIFTY-I.NFO,31/07/2024,09:31:15,24954.7,24954.25,25,24957.25,75,225,14692575
NIFTY-I.NFO,31/07/2024,09:31:16,24954.45,24955.05,100,24957.25,100,250,14692575
NIFTY-I.NFO,31/07/2024,09:31:18,24955.9,24955.9,25,24957.25,75,1950,14692575
NIFTY-I.NFO,31/07/2024,09:31:19,24957.25,24956.4,125,24957.25,50,2600,14692575
NIFTY-I.NFO,31/07/2024,09:31:21,24949.4,24948.35,25,24950.65,25,3950,14692575
NIFTY-I.NFO,31/07/2024,09:31:23,24950.65,24950,75,24950.65,50,25,14692575
NIFTY-I.NFO,31/07/2024,09:31:24,24950.05,24948.05,100,24950.25,50,350,14692575
NIFTY-I.NFO,31/07/2024,09:31:26,24946.6,24945.35,25,24946.9,50,1025,14692575
NIFTY-I.NFO,31/07/2024,09:31:28,24945.05,24945.05,100,24946.6,50,325,14692575
NIFTY-I.NFO,31/07/2024,09:31:29,24943.55,24943.55,350,24944.5,125,1825,14692575
NIFTY-I.NFO,31/07/2024,09:31:31,24944.9,24944.95,75,24948.85,25,1450,14692575
NIFTY-I.NFO,31/07/2024,09:31:33,24946.9,24943.1,25,24946.8,100,225,14692575
NIFTY-I.NFO,31/07/2024,09:31:34,24946.85,24943.6,75,24947.3,125,3075,14692575
NIFTY-I.NFO,31/07/2024,09:31:36,24942.55,24942.65,200,24946.5,25,1975,14692575
NIFTY-I.NFO,31/07/2024,09:31:38,24945.05,24942.05,275,24945.3,25,2100,14692575
NIFTY-I.NFO,31/07/2024,09:31:39,24946.85,24943.15,175,24946.8,25,125,14692575
NIFTY-I.NFO,31/07/2024,09:31:41,24946.85,24943.35,175,24945,150,0,14692575
NIFTY-I.NFO,31/07/2024,09:31:43,24940,24939,50,24940.05,50,1975,14692575
NIFTY-I.NFO,31/07/2024,09:31:44,24925.3,24923,100,24924.95,225,10175,14692575
NIFTY-I.NFO,31/07/2024,09:31:44,24923.15,24923,100,24924.95,225,0,14692575
NIFTY-I.NFO,31/07/2024,09:31:46,24920.7,24921.1,50,24921.9,75,2950,14692575
NIFTY-I.NFO,31/07/2024,09:31:46,24920,24921.1,50,24921.9,75,0,14692575
NIFTY-I.NFO,31/07/2024,09:31:48,24923.75,24920.25,100,24922,1000,3800,14692575
NIFTY-I.NFO,31/07/2024,09:31:48,24916.25,24920.25,100,24922,1000,0,14692575
NIFTY-I.NFO,31/07/2024,09:31:49,24920.65,24920.75,25,24923.6,25,3200,14692575
NIFTY-I.NFO,31/07/2024,09:31:49,24916,24920.75,25,24923.6,25,0,14692575
NIFTY-I.NFO,31/07/2024,09:31:51,24919.05,24917.95,250,24920.15,75,1000,14692575
NIFTY-I.NFO,31/07/2024,09:31:53,24921,24916.55,25,24919,125,2800,14692575
NIFTY-I.NFO,31/07/2024,09:31:54,24921.95,24921.65,100,24925.3,25,5525,14692575
NIFTY-I.NFO,31/07/2024,09:31:56,24923.6,24922.35,100,24924.15,250,2600,14692575
NIFTY-I.NFO,31/07/2024,09:31:58,24919.5,24918.85,150,24919.5,50,1200,14692575
NIFTY-I.NFO,31/07/2024,09:31:59,24920.9,24920.7,50,24924.2,25,3200,14692575
NIFTY-I.NFO,31/07/2024,09:32:01,24916,24916,75,24916.2,300,3000,14692575
NIFTY-I.NFO,31/07/2024,09:32:03,24922.1,24915.45,175,24918.65,50,2525,14692575
NIFTY-I.NFO,31/07/2024,09:32:03,24915.9,24915.45,175,24918.65,50,0,14692575
NIFTY-I.NFO,31/07/2024,09:32:04,24917.25,24913.05,25,24917.6,100,5525,14692575
NIFTY-I.NFO,31/07/2024,09:32:04,24911,24913.05,25,24917.6,100,0,14692575
NIFTY-I.NFO,31/07/2024,09:32:06,24919.25,24919.1,25,24922.65,250,2500,14692575
NIFTY-I.NFO,31/07/2024,09:32:08,24918.05,24917.65,50,24920,250,400,14692575
NIFTY-I.NFO,31/07/2024,09:32:09,24921.25,24920.05,100,24924.5,25,2750,14692575
NIFTY-I.NFO,31/07/2024,09:32:11,24923.4,24923.7,25,24926.85,175,2850,14692575
NIFTY-I.NFO,31/07/2024,09:32:13,24926.3,24925.5,75,24929.85,50,1900,14692575
NIFTY-I.NFO,31/07/2024,09:32:14,24924.45,24924,75,24928.75,25,100,14692575
NIFTY-I.NFO,31/07/2024,09:32:16,24928.75,24925.55,150,24928.75,25,400,14692575
NIFTY-I.NFO,31/07/2024,09:32:18,24927.35,24928.05,50,24930,25,350,14692575
NIFTY-I.NFO,31/07/2024,09:32:19,24933,24928.55,50,24932.9,50,150,14692575
NIFTY-I.NFO,31/07/2024,09:32:21,24931.15,24930,675,24930.65,150,1625,14692575
NIFTY-I.NFO,31/07/2024,09:32:23,24924.2,24922.6,300,24926.6,75,3775,14692575
NIFTY-I.NFO,31/07/2024,09:32:25,24928.95,24922.2,25,24926.5,450,1800,14692575
NIFTY-I.NFO,31/07/2024,09:32:26,24924.5,24928.1,150,24930,250,2100,14692575
NIFTY-I.NFO,31/07/2024,09:32:28,24930.6,24930,1575,24930.1,75,700,14692575
NIFTY-I.NFO,31/07/2024,09:32:30,24923.5,24923.15,75,24927.9,175,2550,14692575
NIFTY-I.NFO,31/07/2024,09:32:31,24925.15,24922.05,25,24925.05,125,75,14692575
NIFTY-I.NFO,31/07/2024,09:32:33,24915.9,24913.95,25,24917,25,5950,14692575
NIFTY-I.NFO,31/07/2024,09:32:35,24919.45,24916.05,50,24919.45,25,2400,14692575
NIFTY-I.NFO,31/07/2024,09:32:36,24916.85,24918.6,100,24923.45,100,2125,14692575
NIFTY-I.NFO,31/07/2024,09:32:38,24918.6,24916.05,50,24918.5,50,400,14692575
NIFTY-I.NFO,31/07/2024,09:32:40,24918.6,24916.2,225,24918.5,200,350,14692575
NIFTY-I.NFO,31/07/2024,09:32:41,24918.85,24920.75,75,24925.45,100,3025,14692575
NIFTY-I.NFO,31/07/2024,09:32:43,24918,24918.1,25,24922.9,100,2325,14692575
NIFTY-I.NFO,31/07/2024,09:32:45,24920.95,24921.55,50,24926.4,100,150,14692575
NIFTY-I.NFO,31/07/2024,09:32:46,24924.15,24920,300,24923.4,100,1875,14692575
NIFTY-I.NFO,31/07/2024,09:32:48,24923.4,24920,50,24924.15,25,3675,14692575
NIFTY-I.NFO,31/07/2024,09:32:49,24923.95,24920,25,24923.25,25,2525,14692575
NIFTY-I.NFO,31/07/2024,09:32:51,24920.45,24921.75,50,24925,50,2900,14692575
NIFTY-I.NFO,31/07/2024,09:32:53,24923.55,24920.25,50,24924.7,100,850,14692575
NIFTY-I.NFO,31/07/2024,09:32:54,24920.3,24921.85,50,24924.7,200,50,14692575
NIFTY-I.NFO,31/07/2024,09:32:56,24922.65,24923.55,50,24927.2,100,2575,14692575
NIFTY-I.NFO,31/07/2024,09:32:58,24921,24920.9,25,24925.85,100,400,14692575
NIFTY-I.NFO,31/07/2024,09:32:59,24917.9,24918.4,25,24923.55,100,2575,14692575
NIFTY-I.NFO,31/07/2024,09:33:01,24915.55,24916.4,25,24921.65,100,2050,14692575
NIFTY-I.NFO,31/07/2024,09:33:03,24924.1,24920.25,50,24924.1,75,425,14692575
NIFTY-I.NFO,31/07/2024,09:33:04,24922.45,24922.4,25,24924.1,100,300,14692575
NIFTY-I.NFO,31/07/2024,09:33:06,24925,24925,1650,24926.55,125,1450,14692575
NIFTY-I.NFO,31/07/2024,09:33:08,24926.5,24925,3325,24927.25,250,150,14692575
NIFTY-I.NFO,31/07/2024,09:33:09,24925,24925.25,25,24929,150,2050,14692575
NIFTY-I.NFO,31/07/2024,09:33:11,24926.2,24925,1225,24927.25,250,1325,14692575
NIFTY-I.NFO,31/07/2024,09:33:13,24925,24924.1,50,24927.25,200,1850,14692575
NIFTY-I.NFO,31/07/2024,09:33:14,24927.25,24926.55,25,24927.25,150,50,14692575
NIFTY-I.NFO,31/07/2024,09:33:16,24926.55,24926.5,100,24927.15,150,50,14692575
NIFTY-I.NFO,31/07/2024,09:33:18,24926.55,24927.1,100,24931.8,25,1800,14692575
NIFTY-I.NFO,31/07/2024,09:33:19,24927.3,24927.3,75,24929.7,50,1900,14692575
NIFTY-I.NFO,31/07/2024,09:33:21,24927.7,24926.2,500,24927.75,250,2975,14692575
NIFTY-I.NFO,31/07/2024,09:33:23,24925,24925,25,24926,150,750,14692575
NIFTY-I.NFO,31/07/2024,09:33:24,24923.8,24923,250,24923.8,100,775,14692575
NIFTY-I.NFO,31/07/2024,09:33:26,24926.95,24925,25,24926.95,25,1300,14692575
NIFTY-I.NFO,31/07/2024,09:33:28,24921,24922.15,50,24926,125,650,14692575
NIFTY-I.NFO,31/07/2024,09:33:29,24926.95,24924.3,175,24927,125,400,14692575
NIFTY-I.NFO,31/07/2024,09:33:31,24924.9,24923.3,50,24927.5,125,2025,14692575
NIFTY-I.NFO,31/07/2024,09:33:33,24925,24924.35,75,24927.5,150,1025,14692575
NIFTY-I.NFO,31/07/2024,09:33:34,24925.5,24925.35,50,24929,50,625,14692575
NIFTY-I.NFO,31/07/2024,09:33:36,24925.5,24925.75,50,24929,50,0,14692575
NIFTY-I.NFO,31/07/2024,09:33:38,24924.7,24925.25,100,24929.3,25,200,14692575
NIFTY-I.NFO,31/07/2024,09:33:39,24926,24925.75,50,24929.95,25,50,14692575
NIFTY-I.NFO,31/07/2024,09:33:41,24930,24926.8,75,24929.9,25,125,14692575
NIFTY-I.NFO,31/07/2024,09:33:43,24929.55,24926.15,75,24929.5,100,225,14692575
NIFTY-I.NFO,31/07/2024,09:33:44,24929.6,24927.45,75,24929,50,25,14700925
NIFTY-I.NFO,31/07/2024,09:33:46,24928.6,24926.75,75,24928.6,175,325,14700925
NIFTY-I.NFO,31/07/2024,09:33:48,24926.65,24926.05,100,24926.65,25,150,14700925
NIFTY-I.NFO,31/07/2024,09:33:49,24929.8,24927.3,75,24929.9,25,325,14700925
NIFTY-I.NFO,31/07/2024,09:33:51,24926.65,24926.65,200,24927.25,250,450,14700925
NIFTY-I.NFO,31/07/2024,09:33:53,24926.35,24926.3,50,24927.6,125,675,14700925
NIFTY-I.NFO,31/07/2024,09:33:54,24930,24927.65,125,24930.5,25,475,14700925
NIFTY-I.NFO,31/07/2024,09:33:56,24930,24930.5,100,24931.9,250,2300,14700925
NIFTY-I.NFO,31/07/2024,09:33:58,24931.5,24931.15,75,24933.1,250,175,14700925
NIFTY-I.NFO,31/07/2024,09:33:59,24931.25,24931.15,75,24932.5,200,100,14700925
NIFTY-I.NFO,31/07/2024,09:34:01,24932.5,24931.75,150,24933.45,175,125,14700925
NIFTY-I.NFO,31/07/2024,09:34:03,24934.35,24933,100,24934.85,25,875,14700925
NIFTY-I.NFO,31/07/2024,09:34:04,24930.05,24930.05,75,24932.5,100,900,14700925
NIFTY-I.NFO,31/07/2024,09:34:06,24934.95,24931,25,24931.7,50,900,14700925
NIFTY-I.NFO,31/07/2024,09:34:08,24933,24931.3,175,24933.5,25,300,14700925
NIFTY-I.NFO,31/07/2024,09:34:09,24933.5,24932.65,100,24936.3,100,25,14700925
NIFTY-I.NFO,31/07/2024,09:34:11,24938,24937.6,50,24938.9,100,175,14700925
NIFTY-I.NFO,31/07/2024,09:34:13,24939.95,24937.3,75,24940,750,250,14700925
NIFTY-I.NFO,31/07/2024,09:34:14,24939.3,24939,75,24941.75,100,2025,14700925
NIFTY-I.NFO,31/07/2024,09:34:16,24938.7,24937.15,75,24940.2,300,75,14700925
NIFTY-I.NFO,31/07/2024,09:34:18,24940.05,24940.25,75,24942.35,225,175,14700925
NIFTY-I.NFO,31/07/2024,09:34:19,24940.2,24938.25,75,24941.7,125,2550,14700925
NIFTY-I.NFO,31/07/2024,09:34:21,24942,24940.4,25,24941.95,125,625,14700925
NIFTY-I.NFO,31/07/2024,09:34:23,24940.4,24939,25,24939.9,900,425,14700925
NIFTY-I.NFO,31/07/2024,09:34:24,24939.9,24939,775,24939.9,800,100,14700925
NIFTY-I.NFO,31/07/2024,09:34:26,24939.9,24939,450,24939.85,25,775,14700925
NIFTY-I.NFO,31/07/2024,09:34:28,24939.05,24939,450,24939.85,25,550,14700925
NIFTY-I.NFO,31/07/2024,09:34:29,24937.7,24937.2,75,24939,25,775,14700925
NIFTY-I.NFO,31/07/2024,09:34:31,24939,24937.05,75,24939.35,300,775,14700925
NIFTY-I.NFO,31/07/2024,09:34:33,24939.3,24937.8,75,24939.9,25,525,14700925
NIFTY-I.NFO,31/07/2024,09:34:34,24939.35,24937.7,75,24939.85,350,25,14700925
NIFTY-I.NFO,31/07/2024,09:34:36,24937,24936,25,24936.5,125,350,14700925
NIFTY-I.NFO,31/07/2024,09:34:38,24937.35,24936.75,75,24939.3,25,275,14700925
NIFTY-I.NFO,31/07/2024,09:34:39,24937,24937,50,24939.35,25,50,14700925
NIFTY-I.NFO,31/07/2024,09:34:41,24937,24937.35,25,24937.7,50,25,14700925
NIFTY-I.NFO,31/07/2024,09:34:43,24940.15,24937.25,75,24939.5,350,2025,14700925
NIFTY-I.NFO,31/07/2024,09:34:44,24940.15,24937.1,75,24939.5,350,0,14700925
NIFTY-I.NFO,31/07/2024,09:34:46,24940,24940,375,24940.2,1350,2200,14700925
NIFTY-I.NFO,31/07/2024,09:34:48,24940,24940,2000,24940.2,1350,175,14700925
NIFTY-I.NFO,31/07/2024,09:34:49,24940.2,24940,2250,24940.2,1300,50,14700925
NIFTY-I.NFO,31/07/2024,09:34:51,24940,24940,2225,24940.15,25,25,14700925
NIFTY-I.NFO,31/07/2024,09:34:53,24940,24940,2075,24940.2,1275,275,14700925
NIFTY-I.NFO,31/07/2024,09:34:54,24940.2,24940,3825,24940.2,1250,75,14700925
NIFTY-I.NFO,31/07/2024,09:34:56,24940,24940,5150,24940.2,1350,475,14700925
NIFTY-I.NFO,31/07/2024,09:34:58,24940,24940,4975,24940.2,1325,225,14700925
NIFTY-I.NFO,31/07/2024,09:34:59,24940.2,24940,4900,24940.2,1200,125,14700925
NIFTY-I.NFO,31/07/2024,09:35:01,24940,24940,5750,24940.2,1200,175,14700925
NIFTY-I.NFO,31/07/2024,09:35:02,24940,24940,4950,24940.2,1325,800,14700925
NIFTY-I.NFO,31/07/2024,09:35:04,24939.35,24938,50,24939.15,25,5350,14700925
NIFTY-I.NFO,31/07/2024,09:35:06,24939.6,24938.05,50,24939.6,25,850,14700925
NIFTY-I.NFO,31/07/2024,09:35:07,24939,24939,50,24939.85,25,75,14700925
NIFTY-I.NFO,31/07/2024,09:35:09,24939.75,24938.05,75,24939.95,25,275,14700925
NIFTY-I.NFO,31/07/2024,09:35:11,24938.05,24937.55,25,24939,25,425,14700925
NIFTY-I.NFO,31/07/2024,09:35:12,24941.15,24941.35,150,24942.6,25,1325,14700925
NIFTY-I.NFO,31/07/2024,09:35:14,24943.15,24943,75,24945,150,250,14700925
NIFTY-I.NFO,31/07/2024,09:35:15,24942.8,24942.8,50,24944.4,350,25,14700925
NIFTY-I.NFO,31/07/2024,09:35:17,24945,24942.8,50,24944.45,25,100,14700925
NIFTY-I.NFO,31/07/2024,09:35:19,24942.8,24942.75,25,24942.8,225,275,14700925
NIFTY-I.NFO,31/07/2024,09:35:20,24942.3,24940.05,25,24942.25,25,675,14700925
NIFTY-I.NFO,31/07/2024,09:35:22,24940.6,24939.65,125,24941.05,50,200,14700925
NIFTY-I.NFO,31/07/2024,09:35:24,24939.65,24940.9,125,24942.1,25,75,14700925
NIFTY-I.NFO,31/07/2024,09:35:25,24944,24943.4,25,24944.85,300,75,14700925
NIFTY-I.NFO,31/07/2024,09:35:27,24942.9,24941.7,100,24942.9,75,75,14700925
NIFTY-I.NFO,31/07/2024,09:35:29,24945,24942.65,100,24943.45,50,525,14700925
NIFTY-I.NFO,31/07/2024,09:35:30,24941.7,24941.05,100,24942.2,150,25,14700925
NIFTY-I.NFO,31/07/2024,09:35:32,24940.05,24940.05,50,24941.4,50,275,14700925
NIFTY-I.NFO,31/07/2024,09:35:33,24940.05,24940.6,175,24942.55,75,0,14700925
NIFTY-I.NFO,31/07/2024,09:35:35,24940.65,24940.65,50,24941.65,175,50,14700925
NIFTY-I.NFO,31/07/2024,09:35:37,24941.15,24940.05,75,24941.2,100,400,14700925
NIFTY-I.NFO,31/07/2024,09:35:38,24940.8,24940.05,275,24942.65,25,225,14700925
NIFTY-I.NFO,31/07/2024,09:35:40,24939.35,24938.05,25,24939.5,250,200,14700925
NIFTY-I.NFO,31/07/2024,09:35:42,24938.05,24937.05,75,24937.95,25,50,14700925
NIFTY-I.NFO,31/07/2024,09:35:43,24938,24937.05,75,24938,1450,50,14700925
NIFTY-I.NFO,31/07/2024,09:35:45,24938,24937.05,75,24938,1450,0,14700925
NIFTY-I.NFO,31/07/2024,09:35:46,24936,24935.15,25,24936.55,25,200,14700925
NIFTY-I.NFO,31/07/2024,09:35:48,24935,24932.55,75,24934.5,175,2775,14700925
NIFTY-I.NFO,31/07/2024,09:35:50,24934.5,24933.45,100,24934.5,150,25,14700925
NIFTY-I.NFO,31/07/2024,09:35:51,24935.25,24935.25,100,24937,1025,350,14700925
NIFTY-I.NFO,31/07/2024,09:35:53,24936.45,24936.15,75,24938,1400,1525,14700925
NIFTY-I.NFO,31/07/2024,09:35:55,24939.65,24938.05,25,24940.05,225,1550,14700925
NIFTY-I.NFO,31/07/2024,09:35:56,24940.05,24939.85,25,24940.6,50,225,14700925
NIFTY-I.NFO,31/07/2024,09:35:58,24944,24943.15,125,24944,25,400,14700925
NIFTY-I.NFO,31/07/2024,09:36:00,24944,24942.65,75,24945,325,50,14700925
NIFTY-I.NFO,31/07/2024,09:36:01,24941.1,24941,25,24941.3,200,75,14700925
NIFTY-I.NFO,31/07/2024,09:36:03,24941,24937.55,25,24938.75,200,25,14700925
NIFTY-I.NFO,31/07/2024,09:36:05,24939,24936.25,75,24938.35,100,125,14700925
NIFTY-I.NFO,31/07/2024,09:36:06,24941.3,24939.15,75,24941.65,25,2500,14700925
NIFTY-I.NFO,31/07/2024,09:36:08,24942.6,24939,25,24940.95,200,75,14700925
NIFTY-I.NFO,31/07/2024,09:36:10,24939,24939.3,75,24940.45,25,25,14700925
NIFTY-I.NFO,31/07/2024,09:36:11,24940.45,24939.7,75,24941.3,25,25,14700925
NIFTY-I.NFO,31/07/2024,09:36:13,24941.3,24942.05,75,24943.15,25,125,14700925
NIFTY-I.NFO,31/07/2024,09:36:15,24941.3,24942.05,75,24942.8,50,0,14700925
NIFTY-I.NFO,31/07/2024,09:36:16,24942.8,24940.45,75,24942.55,50,525,14700925
NIFTY-I.NFO,31/07/2024,09:36:18,24942.8,24940.05,75,24942.2,100,0,14700925
NIFTY-I.NFO,31/07/2024,09:36:19,24940.6,24940.75,75,24942.85,25,1850,14700925
NIFTY-I.NFO,31/07/2024,09:36:21,24940.6,24939.65,75,24941.95,100,0,14700925
NIFTY-I.NFO,31/07/2024,09:36:23,24940.6,24938.6,100,24940.35,100,50,14700925
NIFTY-I.NFO,31/07/2024,09:36:24,24940.35,24937.85,100,24940,600,175,14700925
NIFTY-I.NFO,31/07/2024,09:36:26,24939.45,24937.85,75,24940,600,25,14700925
NIFTY-I.NFO,31/07/2024,09:36:28,24939.45,24938,75,24940,600,0,14700925
NIFTY-I.NFO,31/07/2024,09:36:29,24940,24938,100,24940,500,100,14700925
NIFTY-I.NFO,31/07/2024,09:36:31,24938,24938,50,24939.9,200,75,14700925
NIFTY-I.NFO,31/07/2024,09:36:33,24940,24940,1050,24940.75,25,850,14700925
NIFTY-I.NFO,31/07/2024,09:36:34,24940,24940,1025,24940.75,25,25,14700925
NIFTY-I.NFO,31/07/2024,09:36:36,24940.5,24940.5,25,24941.7,100,550,14700925
NIFTY-I.NFO,31/07/2024,09:36:38,24941.7,24940,925,24941.2,100,275,14700925
NIFTY-I.NFO,31/07/2024,09:36:39,24940.5,24940.05,100,24940.5,900,250,14700925
NIFTY-I.NFO,31/07/2024,09:36:41,24939.8,24939.85,25,24940,1050,1775,14700925
NIFTY-I.NFO,31/07/2024,09:36:42,24940,24939,25,24940,1075,50,14700925
NIFTY-I.NFO,31/07/2024,09:36:44,24940,24938.15,75,24940,950,600,14700925
NIFTY-I.NFO,31/07/2024,09:36:46,24940,24940,700,24940.5,900,1000,14708225
NIFTY-I.NFO,31/07/2024,09:36:48,24940.2,24940.05,25,24940.5,900,25,14708225
NIFTY-I.NFO,31/07/2024,09:36:49,24940.95,24941,100,24942.85,25,1125,14708225
NIFTY-I.NFO,31/07/2024,09:36:51,24940.35,24940.7,350,24942.75,25,125,14708225
NIFTY-I.NFO,31/07/2024,09:36:53,24941.3,24941.9,75,24943,250,25,14708225
NIFTY-I.NFO,31/07/2024,09:36:54,24943,24943.2,25,24944,200,375,14708225
NIFTY-I.NFO,31/07/2024,09:36:56,24943.85,24943.85,50,24945,275,300,14708225
NIFTY-I.NFO,31/07/2024,09:36:58,24944.05,24944.05,125,24945,150,125,14708225
NIFTY-I.NFO,31/07/2024,09:36:59,24948.75,24948.25,75,24949.95,25,650,14708225
NIFTY-I.NFO,31/07/2024,09:37:01,24950,24949.1,25,24950,625,150,14708225
NIFTY-I.NFO,31/07/2024,09:37:03,24950,24950.15,75,24950.85,50,1650,14708225
NIFTY-I.NFO,31/07/2024,09:37:04,24953.45,24952.6,75,24954,200,1125,14708225
NIFTY-I.NFO,31/07/2024,09:37:06,24952.1,24952.1,25,24952.8,275,125,14708225
NIFTY-I.NFO,31/07/2024,09:37:08,24952.2,24951.7,75,24953.5,25,1425,14708225
NIFTY-I.NFO,31/07/2024,09:37:09,24952.6,24950.85,75,24952.55,175,675,14708225
NIFTY-I.NFO,31/07/2024,09:37:11,24953,24951.25,75,24953,25,75,14708225
NIFTY-I.NFO,31/07/2024,09:37:13,24950.1,24950.1,250,24951.85,50,275,14708225
NIFTY-I.NFO,31/07/2024,09:37:14,24951.1,24950.05,25,24951.1,200,350,14708225
NIFTY-I.NFO,31/07/2024,09:37:16,24951.1,24950.25,100,24951.1,175,25,14708225
NIFTY-I.NFO,31/07/2024,09:37:18,24951.85,24951.85,325,24952.4,225,1450,14708225
NIFTY-I.NFO,31/07/2024,09:37:19,24950.05,24950.05,50,24951.2,125,750,14708225
NIFTY-I.NFO,31/07/2024,09:37:21,24951.25,24950.05,150,24951.25,125,525,14708225
NIFTY-I.NFO,31/07/2024,09:37:22,24951.55,24951.7,50,24952,500,600,14708225
NIFTY-I.NFO,31/07/2024,09:37:24,24950.2,24949.15,75,24950.35,100,825,14708225
NIFTY-I.NFO,31/07/2024,09:37:26,24950.35,24950.35,75,24951,25,175,14708225
NIFTY-I.NFO,31/07/2024,09:37:27,24949.35,24947.95,75,24949.6,125,1275,14708225
NIFTY-I.NFO,31/07/2024,09:37:29,24947.6,24947.75,100,24949,125,75,14708225
NIFTY-I.NFO,31/07/2024,09:37:31,24947.6,24950.05,75,24951.1,25,0,14708225
NIFTY-I.NFO,31/07/2024,09:37:32,24952,24951.85,25,24952,575,300,14708225
NIFTY-I.NFO,31/07/2024,09:37:34,24952,24951.9,25,24952,400,0,14708225
NIFTY-I.NFO,31/07/2024,09:37:36,24950.25,24951.6,75,24952,250,250,14708225
NIFTY-I.NFO,31/07/2024,09:37:37,24952.55,24952.85,75,24953.45,125,500,14708225
NIFTY-I.NFO,31/07/2024,09:37:39,24952.85,24952.1,100,24952.45,25,25,14708225
NIFTY-I.NFO,31/07/2024,09:37:41,24952,24952.5,100,24952.8,25,650,14708225
NIFTY-I.NFO,31/07/2024,09:37:42,24952.1,24951.75,75,24952.1,75,300,14708225
NIFTY-I.NFO,31/07/2024,09:37:44,24952.1,24951.95,100,24952.1,25,50,14708225
NIFTY-I.NFO,31/07/2024,09:37:46,24953.6,24952.65,75,24952.9,125,1125,14708225
NIFTY-I.NFO,31/07/2024,09:37:47,24952.85,24951.3,25,24952.7,25,1225,14708225
NIFTY-I.NFO,31/07/2024,09:37:49,24952.8,24952.8,25,24953.25,225,75,14708225
NIFTY-I.NFO,31/07/2024,09:37:50,24952.85,24952.9,75,24954,100,100,14708225
NIFTY-I.NFO,31/07/2024,09:37:52,24955,24953.95,75,24955,125,1275,14708225
NIFTY-I.NFO,31/07/2024,09:37:54,24955.5,24954.6,75,24955.5,25,175,14708225
NIFTY-I.NFO,31/07/2024,09:37:55,24956,24954.1,350,24956.3,250,75,14708225
NIFTY-I.NFO,31/07/2024,09:37:57,24960,24959.4,75,24960,575,450,14708225
NIFTY-I.NFO,31/07/2024,09:37:59,24959.6,24959.5,25,24960,525,100,14708225
NIFTY-I.NFO,31/07/2024,09:38:00,24957.55,24957.55,325,24958.6,325,325,14708225
NIFTY-I.NFO,31/07/2024,09:38:02,24957.4,24957.65,75,24958.05,250,225,14708225
NIFTY-I.NFO,31/07/2024,09:38:04,24957.55,24957.1,75,24959.5,600,550,14708225
NIFTY-I.NFO,31/07/2024,09:38:05,24957.95,24958,25,24959.5,675,450,14708225
NIFTY-I.NFO,31/07/2024,09:38:07,24957.05,24957.35,75,24957.95,100,950,14708225
NIFTY-I.NFO,31/07/2024,09:38:09,24957.05,24956.95,75,24957.95,100,0,14708225
NIFTY-I.NFO,31/07/2024,09:38:10,24957.4,24956.65,25,24957.9,125,25,14708225
NIFTY-I.NFO,31/07/2024,09:38:12,24956.85,24957.05,75,24957.95,100,75,14708225
NIFTY-I.NFO,31/07/2024,09:38:14,24958.3,24959.15,75,24959.5,575,475,14708225
NIFTY-I.NFO,31/07/2024,09:38:15,24957.6,24957.6,100,24958,25,600,14708225
NIFTY-I.NFO,31/07/2024,09:38:17,24957.6,24957.15,75,24958,25,50,14708225
NIFTY-I.NFO,31/07/2024,09:38:19,24957.05,24956.85,50,24957.05,125,325,14708225
NIFTY-I.NFO,31/07/2024,09:38:20,24957.7,24957.9,75,24959,250,425,14708225
NIFTY-I.NFO,31/07/2024,09:38:22,24958.55,24958.55,75,24959.5,450,350,14708225
NIFTY-I.NFO,31/07/2024,09:38:24,24958.95,24958.35,75,24959.05,125,250,14708225
NIFTY-I.NFO,31/07/2024,09:38:25,24958.75,24959,75,24959.45,50,25,14708225
NIFTY-I.NFO,31/07/2024,09:38:27,24957.7,24958,250,24958.35,50,575,14708225
NIFTY-I.NFO,31/07/2024,09:38:29,24958.55,24958.2,100,24958.55,25,150,14708225
NIFTY-I.NFO,31/07/2024,09:38:30,24959.5,24959.1,75,24959.5,325,125,14708225
NIFTY-I.NFO,31/07/2024,09:38:32,24959.5,24958.55,75,24959.45,25,175,14708225
NIFTY-I.NFO,31/07/2024,09:38:34,24959.45,24958.15,75,24959,50,75,14708225
NIFTY-I.NFO,31/07/2024,09:38:35,24958.15,24958.05,75,24959,175,25,14708225
NIFTY-I.NFO,31/07/2024,09:38:37,24959,24958.05,75,24959.5,300,50,14708225
NIFTY-I.NFO,31/07/2024,09:38:39,24958,24958,400,24959.5,300,175,14708225
NIFTY-I.NFO,31/07/2024,09:38:40,24958,24958,125,24958.45,200,25,14708225
NIFTY-I.NFO,31/07/2024,09:38:42,24956.3,24955.4,75,24956.95,175,575,14708225
NIFTY-I.NFO,31/07/2024,09:38:44,24955.6,24954.5,75,24955.55,25,150,14708225
NIFTY-I.NFO,31/07/2024,09:38:45,24955.6,24953.75,75,24954.95,50,0,14708225
NIFTY-I.NFO,31/07/2024,09:38:47,24954.3,24952.6,75,24953.75,25,100,14708225
NIFTY-I.NFO,31/07/2024,09:38:49,24952.05,24951.75,75,24953.55,25,100,14708225
NIFTY-I.NFO,31/07/2024,09:38:50,24952.45,24952.55,75,24953.5,25,50,14708225
NIFTY-I.NFO,31/07/2024,09:38:52,24954.35,24953.45,125,24954.6,200,50,14708225
NIFTY-I.NFO,31/07/2024,09:38:54,24952.35,24952.35,125,24952.55,250,275,14708225
NIFTY-I.NFO,31/07/2024,09:38:55,24952.55,24952.35,75,24952.55,225,575,14708225
NIFTY-I.NFO,31/07/2024,09:38:57,24952.55,24952.5,50,24953.45,25,400,14708225
NIFTY-I.NFO,31/07/2024,09:38:59,24955.15,24955.15,50,24956.2,125,275,14708225
NIFTY-I.NFO,31/07/2024,09:39:00,24953.7,24953,25,24953.9,125,675,14708225
NIFTY-I.NFO,31/07/2024,09:39:02,24953,24952.35,25,24953.75,25,25,14708225
NIFTY-I.NFO,31/07/2024,09:39:04,24952.25,24951.45,75,24952.95,150,100,14708225
NIFTY-I.NFO,31/07/2024,09:39:05,24949.55,24947.55,75,24949.6,25,1775,14708225
NIFTY-I.NFO,31/07/2024,09:39:07,24950.2,24948.2,75,24949.8,50,1500,14708225
NIFTY-I.NFO,31/07/2024,09:39:09,24950.2,24948.3,50,24949.95,50,75,14708225
NIFTY-I.NFO,31/07/2024,09:39:10,24949.95,24949.95,775,24950.3,75,250,14708225
NIFTY-I.NFO,31/07/2024,09:39:12,24948.3,24948.3,325,24950.3,75,25,14708225
NIFTY-I.NFO,31/07/2024,09:39:14,24948.3,24948.3,300,24950,125,25,14708225
NIFTY-I.NFO,31/07/2024,09:39:15,24948.3,24946.45,75,24947.75,200,450,14708225
NIFTY-I.NFO,31/07/2024,09:39:17,24947.75,24945.7,75,24947.95,75,550,14708225
NIFTY-I.NFO,31/07/2024,09:39:18,24947.75,24946.5,75,24947.6,50,0,14708225
NIFTY-I.NFO,31/07/2024,09:39:20,24947.6,24948.1,100,24949.85,150,50,14708225
NIFTY-I.NFO,31/07/2024,09:39:22,24947.6,24949,75,24950,100,0,14708225
NIFTY-I.NFO,31/07/2024,09:39:23,24949.85,24948.85,50,24949.35,125,525,14708225
NIFTY-I.NFO,31/07/2024,09:39:25,24948.35,24948.1,100,24948.35,525,475,14708225
NIFTY-I.NFO,31/07/2024,09:39:26,24948.05,24948.2,75,24948.35,500,75,14708225
NIFTY-I.NFO,31/07/2024,09:39:28,24948,24947.1,100,24947.6,25,50,14708225
NIFTY-I.NFO,31/07/2024,09:39:30,24947.25,24946.85,75,24947.6,25,550,14708225
NIFTY-I.NFO,31/07/2024,09:39:31,24947.6,24946.25,75,24947.65,50,50,14708225
NIFTY-I.NFO,31/07/2024,09:39:33,24946.7,24946.7,25,24947.65,125,100,14708225
NIFTY-I.NFO,31/07/2024,09:39:34,24946.35,24946.45,75,24947.6,125,150,14708225
NIFTY-I.NFO,31/07/2024,09:39:36,24946.95,24946.9,100,24947.85,75,150,14708225
NIFTY-I.NFO,31/07/2024,09:39:38,24947.3,24947.3,50,24947.6,50,125,14708225
NIFTY-I.NFO,31/07/2024,09:39:39,24947.55,24947.1,25,24947.55,75,25,14708225
NIFTY-I.NFO,31/07/2024,09:39:41,24947.4,24947.2,100,24947.4,50,275,14708225
NIFTY-I.NFO,31/07/2024,09:39:43,24946.75,24945.4,75,24946.65,25,825,14708225
NIFTY-I.NFO,31/07/2024,09:39:44,24945.3,24945.25,75,24946.65,100,50,14708225
NIFTY-I.NFO,31/07/2024,09:39:46,24945.3,24945.3,25,24946.1,25,225,14719750
NIFTY-I.NFO,31/07/2024,09:39:48,24945.05,24944.2,25,24945.65,25,1275,14719750
NIFTY-I.NFO,31/07/2024,09:39:49,24944.6,24944.2,25,24944.6,25,25,14719750
NIFTY-I.NFO,31/07/2024,09:39:51,24943.9,24944,75,24944.5,25,725,14719750
NIFTY-I.NFO,31/07/2024,09:39:53,24943.5,24945,25,24945.1,50,375,14719750
NIFTY-I.NFO,31/07/2024,09:39:54,24945,24944.25,75,24944.8,125,25,14719750
NIFTY-I.NFO,31/07/2024,09:39:56,24944.1,24944.15,125,24944.8,125,25,14719750
NIFTY-I.NFO,31/07/2024,09:39:58,24944.6,24944.6,450,24944.8,125,75,14719750
NIFTY-I.NFO,31/07/2024,09:39:59,24945.6,24944.8,75,24945.9,75,50,14719750
NIFTY-I.NFO,31/07/2024,09:40:01,24946.2,24945.95,25,24946.2,125,50,14719750
NIFTY-I.NFO,31/07/2024,09:40:03,24946.05,24944.85,25,24946.05,225,150,14719750
NIFTY-I.NFO,31/07/2024,09:40:04,24946.05,24944.85,25,24945.8,125,0,14719750
NIFTY-I.NFO,31/07/2024,09:40:06,24946.05,24944.85,100,24945.8,125,0,14719750
NIFTY-I.NFO,31/07/2024,09:40:08,24946.7,24944.9,75,24946.7,325,1750,14719750
NIFTY-I.NFO,31/07/2024,09:40:09,24944.95,24944.95,50,24946.1,125,25,14719750
NIFTY-I.NFO,31/07/2024,09:40:11,24947,24945,25,24945.95,125,25,14719750
NIFTY-I.NFO,31/07/2024,09:40:13,24945.65,24945.55,75,24946.05,25,25,14719750
NIFTY-I.NFO,31/07/2024,09:40:14,24945.65,24945.65,25,24946.05,25,0,14719750
NIFTY-I.NFO,31/07/2024,09:40:16,24946.05,24945.75,25,24946.7,125,25,14719750
NIFTY-I.NFO,31/07/2024,09:40:17,24944.5,24944.35,75,24945,175,1425,14719750
NIFTY-I.NFO,31/07/2024,09:40:19,24944.5,24943.3,25,24944.15,50,25,14719750
NIFTY-I.NFO,31/07/2024,09:40:21,24943.6,24942.65,75,24943.4,150,25,14719750
NIFTY-I.NFO,31/07/2024,09:40:22,24942.75,24942.6,125,24943.3,225,25,14719750
NIFTY-I.NFO,31/07/2024,09:40:24,24936.4,24936.45,100,24937.25,25,1925,14719750
NIFTY-I.NFO,31/07/2024,09:40:26,24938.95,24938.85,75,24940.5,100,950,14719750
NIFTY-I.NFO,31/07/2024,09:40:27,24941,24939.75,50,24941.25,25,500,14719750
NIFTY-I.NFO,31/07/2024,09:40:29,24939.2,24939.2,50,24939.75,175,225,14719750
NIFTY-I.NFO,31/07/2024,09:40:31,24938.95,24938.05,25,24938.6,125,25,14719750
NIFTY-I.NFO,31/07/2024,09:40:32,24938.45,24938.45,75,24938.85,25,75,14719750
NIFTY-I.NFO,31/07/2024,09:40:34,24940,24940.3,75,24941.3,50,175,14719750
NIFTY-I.NFO,31/07/2024,09:40:36,24939.6,24939.6,25,24940.9,25,50,14719750
NIFTY-I.NFO,31/07/2024,09:40:37,24940.6,24938.15,75,24940.55,225,475,14719750
NIFTY-I.NFO,31/07/2024,09:40:39,24937.9,24938,75,24938.45,25,50,14719750
NIFTY-I.NFO,31/07/2024,09:40:40,24938.45,24938.7,75,24940,200,50,14719750
NIFTY-I.NFO,31/07/2024,09:40:42,24943.15,24940.7,100,24943.1,150,150,14719750
NIFTY-I.NFO,31/07/2024,09:40:44,24941.8,24937.95,75,24940.3,125,75,14719750
NIFTY-I.NFO,31/07/2024,09:40:45,24939.3,24938.8,75,24940.3,125,125,14719750
NIFTY-I.NFO,31/07/2024,09:40:47,24937.8,24938.55,100,24940.65,100,400,14719750
NIFTY-I.NFO,31/07/2024,09:40:49,24940.65,24939.3,75,24941.7,200,150,14719750
NIFTY-I.NFO,31/07/2024,09:40:50,24942.65,24940,25,24943.3,250,375,14719750
NIFTY-I.NFO,31/07/2024,09:40:52,24943.3,24941.6,75,24943.25,25,25,14719750
NIFTY-I.NFO,31/07/2024,09:40:54,24941.6,24941.85,25,24943.7,25,25,14719750
NIFTY-I.NFO,31/07/2024,09:40:55,24944.85,24943.5,100,24944.8,250,75,14719750
NIFTY-I.NFO,31/07/2024,09:40:57,24941,24939.05,25,24940.75,250,325,14719750
NIFTY-I.NFO,31/07/2024,09:40:58,24940.1,24939.15,75,24940.1,125,50,14719750
NIFTY-I.NFO,31/07/2024,09:41:00,24938.5,24938,100,24938.5,75,150,14719750
NIFTY-I.NFO,31/07/2024,09:41:02,24938.5,24938,100,24938.05,125,0,14719750
NIFTY-I.NFO,31/07/2024,09:41:03,24936.3,24938.25,75,24939.05,150,650,14719750
NIFTY-I.NFO,31/07/2024,09:41:05,24943.45,24941.6,25,24943,125,225,14719750
NIFTY-I.NFO,31/07/2024,09:41:07,24944.9,24943.35,25,24945,150,175,14719750
NIFTY-I.NFO,31/07/2024,09:41:09,24945.25,24943.7,25,24945.25,125,1650,14719750
NIFTY-I.NFO,31/07/2024,09:41:10,24942.7,24941.35,75,24942.5,175,150,14719750
NIFTY-I.NFO,31/07/2024,09:41:12,24938.6,24937.25,250,24939.15,125,325,14719750
NIFTY-I.NFO,31/07/2024,09:41:14,24939.15,24938.95,75,24940.2,25,50,14719750
NIFTY-I.NFO,31/07/2024,09:41:15,24939.15,24939.45,75,24940.65,25,0,14719750
NIFTY-I.NFO,31/07/2024,09:41:17,24943,24941.5,25,24943,125,100,14719750
NIFTY-I.NFO,31/07/2024,09:41:19,24944.1,24942.7,25,24944.05,125,50,14719750
NIFTY-I.NFO,31/07/2024,09:41:20,24944.1,24942.7,75,24944.1,150,0,14719750
NIFTY-I.NFO,31/07/2024,09:41:22,24944.1,24943.15,75,24944.35,50,0,14719750
NIFTY-I.NFO,31/07/2024,09:41:23,24943.45,24943.55,25,24944.25,150,100,14719750
NIFTY-I.NFO,31/07/2024,09:41:25,24943.2,24942.45,75,24943.7,250,125,14719750
NIFTY-I.NFO,31/07/2024,09:41:27,24943.75,24943.2,100,24943.8,200,50,14719750
NIFTY-I.NFO,31/07/2024,09:41:28,24944,24943.75,25,24944.25,125,175,14719750
NIFTY-I.NFO,31/07/2024,09:41:30,24943.35,24943.25,25,24944.35,150,225,14719750
NIFTY-I.NFO,31/07/2024,09:41:32,24941.4,24941.1,75,24942.5,125,850,14719750
NIFTY-I.NFO,31/07/2024,09:41:33,24942.95,24941.2,75,24942.8,125,50,14719750
NIFTY-I.NFO,31/07/2024,09:41:35,24943,24941.35,75,24943.3,150,100,14719750
NIFTY-I.NFO,31/07/2024,09:41:36,24943,24942.75,25,24944.55,50,0,14719750
NIFTY-I.NFO,31/07/2024,09:41:38,24940,24939.65,25,24943,125,1100,14719750
NIFTY-I.NFO,31/07/2024,09:41:40,24943.55,24941.4,75,24943.65,125,25,14719750
NIFTY-I.NFO,31/07/2024,09:41:41,24943.65,24941.15,50,24943.15,125,75,14719750
NIFTY-I.NFO,31/07/2024,09:41:43,24941.2,24940.9,100,24943.15,125,50,14719750
NIFTY-I.NFO,31/07/2024,09:41:45,24941.2,24940,25,24943.15,125,100,14719750
NIFTY-I.NFO,31/07/2024,09:41:46,24942.55,24939.5,75,24942.6,325,50,14719750
NIFTY-I.NFO,31/07/2024,09:41:48,24942.55,24939.7,25,24941.3,275,0,14719750
NIFTY-I.NFO,31/07/2024,09:41:50,24941.3,24939.9,75,24941.3,200,75,14719750
NIFTY-I.NFO,31/07/2024,09:41:51,24939.7,24938.15,100,24940.25,300,75,14719750
NIFTY-I.NFO,31/07/2024,09:41:53,24938,24936.1,25,24937.45,75,175,14719750
NIFTY-I.NFO,31/07/2024,09:41:54,24937.2,24936.15,25,24937.25,50,100,14719750
NIFTY-I.NFO,31/07/2024,09:41:56,24936.1,24936.3,100,24937.05,50,25,14719750
NIFTY-I.NFO,31/07/2024,09:41:58,24936,24936,50,24937.05,150,175,14719750
NIFTY-I.NFO,31/07/2024,09:41:59,24936,24936.05,100,24937.05,150,25,14719750
NIFTY-I.NFO,31/07/2024,09:42:01,24936,24936.2,25,24936.75,150,0,14719750
NIFTY-I.NFO,31/07/2024,09:42:02,24936.15,24936,25,24936.1,50,125,14719750
NIFTY-I.NFO,31/07/2024,09:42:04,24937.2,24937.4,75,24939.45,350,200,14719750
NIFTY-I.NFO,31/07/2024,09:42:06,24937.7,24938.5,25,24939.95,25,300,14719750
NIFTY-I.NFO,31/07/2024,09:42:07,24938.75,24938.8,25,24940,1550,175,14719750
NIFTY-I.NFO,31/07/2024,09:42:09,24939.9,24938.8,25,24940,325,1175,14719750
NIFTY-I.NFO,31/07/2024,09:42:11,24939.9,24938.8,25,24940,325,0,14719750
NIFTY-I.NFO,31/07/2024,09:42:12,24938.45,24937.95,25,24939.65,150,350,14719750
NIFTY-I.NFO,31/07/2024,09:42:14,24938.45,24937.5,25,24939,100,0,14719750
NIFTY-I.NFO,31/07/2024,09:42:15,24938.45,24937.65,75,24939,150,0,14719750
NIFTY-I.NFO,31/07/2024,09:42:17,24938.45,24938.05,75,24939,100,0,14719750
NIFTY-I.NFO,31/07/2024,09:42:19,24938.75,24938.05,25,24938.95,50,100,14719750
NIFTY-I.NFO,31/07/2024,09:42:20,24937.4,24936.2,25,24937,175,550,14719750
NIFTY-I.NFO,31/07/2024,09:42:22,24937.4,24936.3,50,24937,175,0,14719750
NIFTY-I.NFO,31/07/2024,09:42:24,24937,24936.6,100,24937.15,175,25,14719750
NIFTY-I.NFO,31/07/2024,09:42:25,24937.1,24937.05,25,24937.8,175,75,14719750
NIFTY-I.NFO,31/07/2024,09:42:27,24937.1,24936.55,25,24937.55,125,0,14719750
NIFTY-I.NFO,31/07/2024,09:42:29,24937.35,24936.85,100,24937,25,25,14719750
NIFTY-I.NFO,31/07/2024,09:42:30,24937,24937,25,24937.55,125,25,14719750
NIFTY-I.NFO,31/07/2024,09:42:32,24937.6,24936.95,100,24937.35,50,250,14719750
NIFTY-I.NFO,31/07/2024,09:42:34,24936.75,24936.25,100,24936.45,100,225,14719750
NIFTY-I.NFO,31/07/2024,09:42:35,24936.25,24935.1,100,24936.25,200,975,14719750
NIFTY-I.NFO,31/07/2024,09:42:37,24935,24934.05,75,24935.45,450,325,14719750
NIFTY-I.NFO,31/07/2024,09:42:39,24933,24932.5,25,24933.95,250,1075,14719750
NIFTY-I.NFO,31/07/2024,09:42:40,24932.45,24932.05,75,24932.95,250,200,14719750
NIFTY-I.NFO,31/07/2024,09:42:42,24926.05,24926,50,24926.5,25,2350,14719750
NIFTY-I.NFO,31/07/2024,09:42:44,24926.65,24926.6,25,24927.3,75,400,14719750
NIFTY-I.NFO,31/07/2024,09:42:45,24927.15,24927.2,325,24929.05,100,375,14719750
NIFTY-I.NFO,31/07/2024,09:42:47,24928.7,24928.3,25,24930.45,25,300,14726725
NIFTY-I.NFO,31/07/2024,09:42:49,24929.05,24929.05,25,24931.3,125,425,14726725
NIFTY-I.NFO,31/07/2024,09:42:50,24927.15,24925.35,75,24928.5,50,3200,14726725
NIFTY-I.NFO,31/07/2024,09:42:52,24927.15,24925.05,200,24927.05,25,0,14726725
NIFTY-I.NFO,31/07/2024,09:42:54,24927.05,24926.3,75,24927.05,75,175,14726725
NIFTY-I.NFO,31/07/2024,09:42:55,24927.15,24927.05,125,24927.45,150,275,14726725
NIFTY-I.NFO,31/07/2024,09:42:57,24928.45,24928.5,50,24931.1,125,500,14726725
NIFTY-I.NFO,31/07/2024,09:42:59,24929.45,24929.7,75,24931,25,275,14726725
NIFTY-I.NFO,31/07/2024,09:43:00,24931.45,24931.05,100,24932.1,150,25,14726725
NIFTY-I.NFO,31/07/2024,09:43:02,24933.95,24932.45,325,24933.95,275,750,14726725
NIFTY-I.NFO,31/07/2024,09:43:04,24933.65,24933.45,75,24935.05,125,350,14726725
NIFTY-I.NFO,31/07/2024,09:43:05,24932.9,24929.05,75,24932.4,125,1300,14726725
NIFTY-I.NFO,31/07/2024,09:43:07,24933.7,24931.35,25,24934.45,225,75,14726725
NIFTY-I.NFO,31/07/2024,09:43:09,24936.65,24932.6,25,24935.45,250,2000,14726725
NIFTY-I.NFO,31/07/2024,09:43:10,24932.95,24932.95,50,24935.4,300,200,14726725
NIFTY-I.NFO,31/07/2024,09:43:12,24936.65,24935.05,75,24936.9,250,250,14726725
NIFTY-I.NFO,31/07/2024,09:43:14,24935,24933.45,75,24935,75,175,14726725
NIFTY-I.NFO,31/07/2024,09:43:15,24933.45,24933,25,24933.45,125,100,14726725
NIFTY-I.NFO,31/07/2024,09:43:17,24933.95,24934.4,75,24936.25,250,150,14726725
NIFTY-I.NFO,31/07/2024,09:43:19,24934.05,24933,25,24934.05,150,475,14726725
NIFTY-I.NFO,31/07/2024,09:43:20,24934.3,24933.95,25,24936.15,225,475,14726725
NIFTY-I.NFO,31/07/2024,09:43:22,24934.15,24934,50,24936.95,425,200,14726725
NIFTY-I.NFO,31/07/2024,09:43:24,24934.5,24934.45,50,24936.95,225,375,14726725
NIFTY-I.NFO,31/07/2024,09:43:26,24934.3,24934.2,100,24936.95,325,400,14726725
NIFTY-I.NFO,31/07/2024,09:43:27,24936.9,24934.7,75,24936.9,175,50,14726725
NIFTY-I.NFO,31/07/2024,09:43:29,24936.9,24935.25,25,24936.8,175,0,14726725
NIFTY-I.NFO,31/07/2024,09:43:30,24935.95,24935.05,50,24936.4,250,25,14726725
NIFTY-I.NFO,31/07/2024,09:43:32,24935,24935.05,25,24936,250,300,14726725
NIFTY-I.NFO,31/07/2024,09:43:34,24935.15,24935.35,75,24936.95,225,75,14726725
NIFTY-I.NFO,31/07/2024,09:43:35,24935.45,24935.4,50,24935.6,275,100,14726725
NIFTY-I.NFO,31/07/2024,09:43:37,24935.4,24935.05,25,24935.4,225,300,14726725
NIFTY-I.NFO,31/07/2024,09:43:39,24932.05,24932.55,100,24934.4,100,875,14726725
NIFTY-I.NFO,31/07/2024,09:43:40,24933.95,24932.3,75,24933.95,25,50,14726725
NIFTY-I.NFO,31/07/2024,09:43:42,24935.45,24934.4,100,24935.7,25,200,14726725
NIFTY-I.NFO,31/07/2024,09:43:44,24935.45,24935.7,75,24936.95,225,75,14726725
NIFTY-I.NFO,31/07/2024,09:43:45,24936.6,24934.8,75,24937.25,275,300,14726725
NIFTY-I.NFO,31/07/2024,09:43:47,24938.65,24936.6,75,24938,300,200,14726725
NIFTY-I.NFO,31/07/2024,09:43:49,24938.65,24937.3,75,24938.4,25,0,14726725
NIFTY-I.NFO,31/07/2024,09:43:50,24938.45,24938.25,25,24939.5,225,600,14726725
NIFTY-I.NFO,31/07/2024,09:43:52,24940,24940.5,75,24940.95,225,275,14726725
NIFTY-I.NFO,31/07/2024,09:43:54,24940.55,24940.8,75,24941,250,25,14726725
NIFTY-I.NFO,31/07/2024,09:43:55,24940.7,24940.8,25,24941.75,250,425,14726725
NIFTY-I.NFO,31/07/2024,09:43:57,24940.3,24940.3,25,24941.8,250,150,14726725
NIFTY-I.NFO,31/07/2024,09:43:59,24940.3,24940.05,50,24940.5,125,0,14726725
NIFTY-I.NFO,31/07/2024,09:44:00,24941.8,24941.15,100,24942.85,225,150,14726725
NIFTY-I.NFO,31/07/2024,09:44:02,24944.05,24942.65,25,24944.15,150,125,14726725
NIFTY-I.NFO,31/07/2024,09:44:04,24942.05,24942.05,25,24943.6,150,500,14726725
NIFTY-I.NFO,31/07/2024,09:44:05,24943.6,24942.5,25,24944.3,250,75,14726725
NIFTY-I.NFO,31/07/2024,09:44:07,24942.5,24942.05,25,24943.3,250,175,14726725
NIFTY-I.NFO,31/07/2024,09:44:09,24943.2,24941.1,250,24943.25,250,1275,14726725
NIFTY-I.NFO,31/07/2024,09:44:10,24940.5,24940.05,75,24941.55,150,50,14726725
NIFTY-I.NFO,31/07/2024,09:44:12,24940.6,24938.5,75,24940.1,250,450,14726725
NIFTY-I.NFO,31/07/2024,09:44:14,24938.5,24938.5,50,24939.95,275,175,14726725
NIFTY-I.NFO,31/07/2024,09:44:15,24940,24938.5,50,24940,250,275,14726725
NIFTY-I.NFO,31/07/2024,09:44:17,24941.15,24938.5,25,24941.1,350,850,14726725
NIFTY-I.NFO,31/07/2024,09:44:19,24940.85,24938.5,25,24941.5,350,25,14726725
NIFTY-I.NFO,31/07/2024,09:44:20,24941.05,24938.5,25,24941.05,75,200,14726725
NIFTY-I.NFO,31/07/2024,09:44:22,24941.05,24939.3,75,24940.3,125,0,14726725
NIFTY-I.NFO,31/07/2024,09:44:24,24940.55,24936.35,125,24940.25,150,825,14726725
NIFTY-I.NFO,31/07/2024,09:44:25,24940.55,24936.35,125,24940,225,0,14726725
NIFTY-I.NFO,31/07/2024,09:44:27,24940,24936.4,25,24940.3,225,75,14726725
NIFTY-I.NFO,31/07/2024,09:44:28,24939,24935.5,25,24938.5,150,125,14726725
NIFTY-I.NFO,31/07/2024,09:44:30,24938.15,24935.55,100,24938.6,125,50,14726725
NIFTY-I.NFO,31/07/2024,09:44:32,24937.8,24935.65,75,24938.45,250,25,14726725
NIFTY-I.NFO,31/07/2024,09:44:33,24938.45,24935.8,25,24937.25,250,50,14726725
NIFTY-I.NFO,31/07/2024,09:44:35,24931.55,24931.85,25,24936.45,250,1350,14726725
NIFTY-I.NFO,31/07/2024,09:44:37,24931.55,24931.75,75,24935.5,250,0,14726725
NIFTY-I.NFO,31/07/2024,09:44:38,24932.2,24932.15,250,24935.7,225,50,14726725
NIFTY-I.NFO,31/07/2024,09:44:40,24931.05,24931.05,100,24934.85,25,150,14726725
NIFTY-I.NFO,31/07/2024,09:44:42,24931.05,24931.05,50,24934,150,75,14726725
NIFTY-I.NFO,31/07/2024,09:44:43,24931.05,24932.35,75,24934.65,125,0,14726725
NIFTY-I.NFO,31/07/2024,09:44:45,24934.65,24934.65,25,24937.2,125,25,14726725
NIFTY-I.NFO,31/07/2024,09:44:47,24934.65,24935.2,25,24937.05,250,25,14726725
NIFTY-I.NFO,31/07/2024,09:44:48,24937.2,24934.35,250,24938,125,125,14726725
NIFTY-I.NFO,31/07/2024,09:44:50,24936.15,24936.15,25,24940.15,175,225,14726725
NIFTY-I.NFO,31/07/2024,09:44:52,24936.15,24937.1,50,24940.2,150,0,14726725
NIFTY-I.NFO,31/07/2024,09:44:53,24934.75,24934.85,100,24938.4,175,100,14726725
NIFTY-I.NFO,31/07/2024,09:44:55,24934.65,24934.25,100,24937.25,125,650,14726725
NIFTY-I.NFO,31/07/2024,09:44:57,24935.2,24934.95,50,24936.5,300,75,14726725
NIFTY-I.NFO,31/07/2024,09:44:58,24934.75,24931.6,75,24935.85,250,75,14726725
NIFTY-I.NFO,31/07/2024,09:45:00,24933.5,24931.1,75,24934.7,50,25,14726725
NIFTY-I.NFO,31/07/2024,09:45:01,24935.8,24932.65,75,24935.9,150,50,14726725
NIFTY-I.NFO,31/07/2024,09:45:03,24935.2,24935.2,25,24937.75,150,125,14726725
NIFTY-I.NFO,31/07/2024,09:45:05,24937.45,24933.2,75,24935,125,375,14726725
NIFTY-I.NFO,31/07/2024,09:45:06,24935,24933.35,25,24936.65,250,125,14726725
NIFTY-I.NFO,31/07/2024,09:45:08,24933.2,24933.9,25,24938.35,250,200,14726725
NIFTY-I.NFO,31/07/2024,09:45:10,24934.6,24934.4,75,24939,100,800,14726725
NIFTY-I.NFO,31/07/2024,09:45:11,24934.6,24934.75,25,24936.45,150,0,14726725
NIFTY-I.NFO,31/07/2024,09:45:13,24934.6,24934.75,25,24936.7,100,0,14726725
NIFTY-I.NFO,31/07/2024,09:45:15,24937.15,24932.55,25,24937,250,625,14726725
NIFTY-I.NFO,31/07/2024,09:45:16,24937.15,24932.05,100,24935,175,0,14726725
NIFTY-I.NFO,31/07/2024,09:45:18,24935,24932.65,50,24935.55,150,175,14726725
NIFTY-I.NFO,31/07/2024,09:45:20,24935.9,24932.05,25,24934.65,150,500,14726725
NIFTY-I.NFO,31/07/2024,09:45:21,24934.65,24932.05,75,24934.6,125,75,14726725
NIFTY-I.NFO,31/07/2024,09:45:23,24932,24931.45,25,24932.2,300,175,14726725
NIFTY-I.NFO,31/07/2024,09:45:25,24931.45,24931.05,125,24932.9,150,50,14726725
NIFTY-I.NFO,31/07/2024,09:45:26,24932,24931.1,100,24931.95,150,75,14726725
NIFTY-I.NFO,31/07/2024,09:45:28,24933.45,24931.05,125,24933.85,175,500,14726725
NIFTY-I.NFO,31/07/2024,09:45:30,24934.95,24933.2,100,24934.9,175,50,14726725
NIFTY-I.NFO,31/07/2024,09:45:31,24929,24931,75,24934.75,225,1225,14726725
NIFTY-I.NFO,31/07/2024,09:45:33,24933,24931.95,100,24933.35,350,25,14726725
NIFTY-I.NFO,31/07/2024,09:45:35,24933,24930.7,100,24932,125,0,14726725
NIFTY-I.NFO,31/07/2024,09:45:37,24931.5,24931.5,75,24932,25,25,14726725
NIFTY-I.NFO,31/07/2024,09:45:38,24927.05,24928.4,100,24932,225,1000,14726725
NIFTY-I.NFO,31/07/2024,09:45:40,24928.4,24927.9,75,24932,225,100,14726725
NIFTY-I.NFO,31/07/2024,09:45:42,24932,24929.95,25,24934.25,300,225,14726725
NIFTY-I.NFO,31/07/2024,09:45:43,24934.1,24930,75,24934.1,375,50,14726725
NIFTY-I.NFO,31/07/2024,09:45:45,24930.85,24931.15,75,24934.75,225,25,14726725
NIFTY-I.NFO,31/07/2024,09:45:47,24931.65,24931.3,100,24934.75,225,25,14726725
NIFTY-I.NFO,31/07/2024,09:45:48,24934.75,24934.1,25,24934.9,325,50,14729850
NIFTY-I.NFO,31/07/2024,09:45:50,24927.7,24929.95,75,24931.6,50,1225,14729850
NIFTY-I.NFO,31/07/2024,09:45:52,24931.05,24929.15,100,24931.2,200,525,14729850
NIFTY-I.NFO,31/07/2024,09:45:53,24930.8,24930,75,24933.85,225,250,14729850
NIFTY-I.NFO,31/07/2024,09:45:55,24928.35,24928.85,75,24931.4,100,25,14729850
NIFTY-I.NFO,31/07/2024,09:45:57,24927.8,24928.9,125,24930.95,200,25,14729850
NIFTY-I.NFO,31/07/2024,09:45:58,24930.5,24929.2,75,24930.95,200,25,14729850
NIFTY-I.NFO,31/07/2024,09:46:00,24929.55,24929.7,75,24930.95,200,25,14729850
NIFTY-I.NFO,31/07/2024,09:46:02,24929.55,24930,50,24930.95,200,0,14729850
NIFTY-I.NFO,31/07/2024,09:46:03,24930.05,24930,50,24930.95,400,25,14729850
NIFTY-I.NFO,31/07/2024,09:46:05,24930,24929.95,75,24930.95,200,50,14729850
NIFTY-I.NFO,31/07/2024,09:46:07,24930.95,24932.05,50,24933.95,25,225,14729850
NIFTY-I.NFO,31/07/2024,09:46:08,24932.9,24932.95,25,24934,75,100,14729850
NIFTY-I.NFO,31/07/2024,09:46:10,24934.7,24933.2,75,24934.8,250,1500,14729850
NIFTY-I.NFO,31/07/2024,09:46:11,24932.35,24932,75,24934.3,125,75,14729850
NIFTY-I.NFO,31/07/2024,09:46:13,24932.8,24933.4,75,24935.1,100,25,14729850
NIFTY-I.NFO,31/07/2024,09:46:15,24932.8,24932.45,75,24933.8,225,0,14729850
NIFTY-I.NFO,31/07/2024,09:46:16,24932.4,24931.85,75,24933.8,450,175,14729850
NIFTY-I.NFO,31/07/2024,09:46:18,24931.95,24931.8,25,24931.95,200,50,14729850
NIFTY-I.NFO,31/07/2024,09:46:20,24931.95,24931.8,25,24932.9,200,0,14729850
NIFTY-I.NFO,31/07/2024,09:46:21,24931.95,24932.2,100,24934,100,0,14729850
NIFTY-I.NFO,31/07/2024,09:46:23,24934,24932.2,100,24933.6,275,25,14729850
NIFTY-I.NFO,31/07/2024,09:46:25,24930.15,24931.2,75,24932.45,175,675,14729850
NIFTY-I.NFO,31/07/2024,09:46:26,24931.35,24932.35,75,24934,75,175,14729850
NIFTY-I.NFO,31/07/2024,09:46:28,24934,24932.8,75,24934.6,100,75,14729850
NIFTY-I.NFO,31/07/2024,09:46:30,24934.6,24932.8,75,24934.6,75,25,14729850
NIFTY-I.NFO,31/07/2024,09:46:31,24932,24932,275,24934.6,75,150,14729850
NIFTY-I.NFO,31/07/2024,09:46:33,24932.8,24932.75,100,24934,25,125,14729850
NIFTY-I.NFO,31/07/2024,09:46:35,24934,24933.25,100,24934.6,75,25,14729850
NIFTY-I.NFO,31/07/2024,09:46:36,24935,24934.25,25,24936.3,25,125,14729850
NIFTY-I.NFO,31/07/2024,09:46:38,24936,24934.75,50,24935.95,250,350,14729850
NIFTY-I.NFO,31/07/2024,09:46:40,24935.95,24934.75,25,24935.95,125,50,14729850
NIFTY-I.NFO,31/07/2024,09:46:41,24935.95,24934,75,24935.95,25,0,14729850
NIFTY-I.NFO,31/07/2024,09:46:43,24935.95,24934.6,75,24935.95,25,0,14729850
NIFTY-I.NFO,31/07/2024,09:46:45,24934.6,24934.55,100,24935.95,25,25,14729850
NIFTY-I.NFO,31/07/2024,09:46:46,24936.85,24936.85,50,24939.15,125,75,14729850
NIFTY-I.NFO,31/07/2024,09:46:48,24939.15,24937,75,24939.2,375,75,14729850
NIFTY-I.NFO,31/07/2024,09:46:50,24939.2,24937,50,24939.2,200,100,14729850
NIFTY-I.NFO,31/07/2024,09:46:51,24937,24937,25,24939.2,150,25,14729850
NIFTY-I.NFO,31/07/2024,09:46:53,24937,24936.05,75,24937.85,150,0,14729850
NIFTY-I.NFO,31/07/2024,09:46:55,24937,24935.45,75,24937.35,175,0,14729850
NIFTY-I.NFO,31/07/2024,09:46:56,24937,24933.45,75,24935.75,150,0,14729850
NIFTY-I.NFO,31/07/2024,09:46:58,24937,24934.05,75,24936.3,225,0,14729850
NIFTY-I.NFO,31/07/2024,09:47:00,24935.7,24932.75,75,24934.85,225,50,14729850
NIFTY-I.NFO,31/07/2024,09:47:01,24932.75,24932.75,50,24934.45,175,25,14729850
NIFTY-I.NFO,31/07/2024,09:47:03,24932.75,24932.75,300,24934.9,25,0,14729850
NIFTY-I.NFO,31/07/2024,09:47:05,24935,24934.6,75,24936.95,175,50,14729850
NIFTY-I.NFO,31/07/2024,09:47:06,24934.55,24932.05,250,24935.05,50,100,14729850
NIFTY-I.NFO,31/07/2024,09:47:08,24932.25,24932.2,250,24934.15,150,75,14729850
NIFTY-I.NFO,31/07/2024,09:47:09,24932.2,24932,275,24933.05,125,50,14729850
NIFTY-I.NFO,31/07/2024,09:47:11,24931.3,24930.1,25,24931.25,325,1625,14729850
NIFTY-I.NFO,31/07/2024,09:47:13,24931.25,24934.45,75,24936.8,125,325,14729850
NIFTY-I.NFO,31/07/2024,09:47:14,24936.6,24934.9,75,24936.95,225,25,14729850
NIFTY-I.NFO,31/07/2024,09:47:16,24936.6,24934.9,75,24936.9,100,0,14729850
NIFTY-I.NFO,31/07/2024,09:47:18,24934.9,24934.9,50,24936.75,25,25,14729850
NIFTY-I.NFO,31/07/2024,09:47:19,24934.9,24933.05,75,24934.6,100,0,14729850
NIFTY-I.NFO,31/07/2024,09:47:21,24932.85,24931.45,75,24933.35,75,25,14729850
NIFTY-I.NFO,31/07/2024,09:47:23,24933.35,24931.45,75,24933.05,75,100,14729850
NIFTY-I.NFO,31/07/2024,09:47:24,24933.25,24932,325,24932.9,75,25,14729850
NIFTY-I.NFO,31/07/2024,09:47:26,24932,24932,300,24932.9,50,25,14729850
NIFTY-I.NFO,31/07/2024,09:47:28,24929.1,24929.2,25,24932.9,50,1350,14729850
NIFTY-I.NFO,31/07/2024,09:47:29,24929.1,24930.65,75,24932.9,100,300,14729850
NIFTY-I.NFO,31/07/2024,09:47:31,24926.8,24926.6,25,24931.3,50,1250,14729850
NIFTY-I.NFO,31/07/2024,09:47:33,24925.65,24926.1,25,24930.85,50,1000,14729850
NIFTY-I.NFO,31/07/2024,09:47:34,24925.4,24925.25,50,24930,50,450,14729850
NIFTY-I.NFO,31/07/2024,09:47:36,24924,24924.15,100,24928.6,50,1450,14729850
NIFTY-I.NFO,31/07/2024,09:47:38,24924.3,24926.15,250,24928.15,50,75,14729850
NIFTY-I.NFO,31/07/2024,09:47:39,24928.1,24924.25,25,24928.15,100,1025,14729850
NIFTY-I.NFO,31/07/2024,09:47:41,24924.6,24926.2,25,24928.15,100,150,14729850
NIFTY-I.NFO,31/07/2024,09:47:43,24930,24930.2,50,24933.25,25,175,14729850
NIFTY-I.NFO,31/07/2024,09:47:44,24929.75,24929.85,50,24933.25,25,25,14729850
NIFTY-I.NFO,31/07/2024,09:47:46,24935,24931.6,250,24935.6,50,75,14729850
NIFTY-I.NFO,31/07/2024,09:47:48,24935,24934.4,250,24937.3,50,0,14729850
NIFTY-I.NFO,31/07/2024,09:47:49,24935,24933.45,25,24938,50,75,14729850
NIFTY-I.NFO,31/07/2024,09:47:51,24938,24935.4,250,24938.15,25,200,14729850
NIFTY-I.NFO,31/07/2024,09:47:53,24938,24935.05,275,24938.3,25,0,14729850
NIFTY-I.NFO,31/07/2024,09:47:54,24938.25,24935.55,275,24937.85,25,50,14729850
NIFTY-I.NFO,31/07/2024,09:47:56,24938.25,24934.75,250,24938,50,0,14729850
NIFTY-I.NFO,31/07/2024,09:47:58,24938.85,24936.3,250,24939,200,150,14729850
NIFTY-I.NFO,31/07/2024,09:47:59,24938.85,24936.3,250,24939.35,150,0,14729850
NIFTY-I.NFO,31/07/2024,09:48:01,24935.15,24936.6,50,24938,100,475,14729850
NIFTY-I.NFO,31/07/2024,09:48:03,24935.15,24935.7,50,24938,100,0,14729850
NIFTY-I.NFO,31/07/2024,09:48:04,24935.85,24935.9,50,24939.45,250,125,14729850
NIFTY-I.NFO,31/07/2024,09:48:06,24939,24935.6,25,24939.1,150,25,14729850
NIFTY-I.NFO,31/07/2024,09:48:08,24939,24935.05,25,24938.8,150,0,14729850
NIFTY-I.NFO,31/07/2024,09:48:09,24939,24935.05,25,24938.95,150,0,14729850
NIFTY-I.NFO,31/07/2024,09:48:11,24939.25,24935.3,100,24939.5,200,1025,14729850
NIFTY-I.NFO,31/07/2024,09:48:12,24939.25,24935.35,50,24936.3,75,0,14729850
NIFTY-I.NFO,31/07/2024,09:48:14,24936.3,24935.35,50,24938.85,250,75,14729850
NIFTY-I.NFO,31/07/2024,09:48:16,24938.85,24936.3,50,24939,50,100,14729850
NIFTY-I.NFO,31/07/2024,09:48:17,24939.25,24938,25,24939.9,500,100,14729850
NIFTY-I.NFO,31/07/2024,09:48:19,24939.9,24938.1,25,24939.9,475,25,14729850
NIFTY-I.NFO,31/07/2024,09:48:21,24939.75,24937.6,125,24939.9,475,25,14729850
NIFTY-I.NFO,31/07/2024,09:48:22,24939.75,24938.2,275,24939.9,475,0,14729850
NIFTY-I.NFO,31/07/2024,09:48:24,24939.75,24938.25,50,24939.75,25,175,14729850
NIFTY-I.NFO,31/07/2024,09:48:26,24941,24940.5,275,24944,125,1075,14729850
NIFTY-I.NFO,31/07/2024,09:48:27,24944,24941.75,100,24944.2,150,25,14729850
NIFTY-I.NFO,31/07/2024,09:48:29,24944,24943.4,25,24944.2,350,0,14729850
NIFTY-I.NFO,31/07/2024,09:48:31,24944.2,24943.4,25,24944.2,200,75,14729850
NIFTY-I.NFO,31/07/2024,09:48:32,24943.4,24942.25,100,24944.2,100,25,14729850
NIFTY-I.NFO,31/07/2024,09:48:34,24948,24944.45,25,24948.65,100,1100,14729850
NIFTY-I.NFO,31/07/2024,09:48:36,24948.8,24949,50,24949.95,125,150,14729850
NIFTY-I.NFO,31/07/2024,09:48:37,24946.4,24944.75,75,24948.8,100,950,14729850
NIFTY-I.NFO,31/07/2024,09:48:39,24947.45,24944.1,25,24946.5,325,75,14729850
