Ticker,Date,Time,LTP,BuyPrice,BuyQty,SellPrice,SellQty,LTQ,OpenInterest
BANKNIFTY-I.NFO,03/01/2025,09:15:00,51825.45,51800.05,60,51834.2,15,105,2259795
BANKNIFTY-I.NFO,03/01/2025,09:15:00,51825.45,51800.05,60,51834.2,15,0,2259795
BANKNIFTY-I.NFO,03/01/2025,09:15:00,51825.5,51800.05,60,51834.2,15,0,2259795
BANKNIFTY-I.NFO,03/01/2025,09:15:00,51825.45,51800.05,60,51834.2,15,0,2259795
BANKNIFTY-I.NFO,03/01/2025,09:15:01,51784.55,51776.9,60,51794.45,30,1200,2259795
BANKNIFTY-I.NFO,03/01/2025,09:15:01,51834.15,51776.9,60,51794.45,30,0,2259795
BANKNIFTY-I.NFO,03/01/2025,09:15:01,51775.8,51776.9,60,51794.45,30,0,2259795
BANKNIFTY-I.NFO,03/01/2025,09:15:02,51800,51791.5,60,51811.35,75,1455,2259795
BANKNIFTY-I.NFO,03/01/2025,09:15:04,51785,51780.05,15,51804.5,90,660,2259795
BANKNIFTY-I.NFO,03/01/2025,09:15:05,51814.1,51800,60,51816.05,60,315,2259795
BANKNIFTY-I.NFO,03/01/2025,09:15:07,51787.25,51784.5,15,51798.8,75,285,2259795
BANKNIFTY-I.NFO,03/01/2025,09:15:08,51785.45,51785.45,15,51798.5,75,105,2259795
BANKNIFTY-I.NFO,03/01/2025,09:15:10,51781,51781.4,60,51798.4,15,735,2259795
BANKNIFTY-I.NFO,03/01/2025,09:15:11,51780.95,51780.05,45,51796.95,75,390,2259795
BANKNIFTY-I.NFO,03/01/2025,09:15:13,51780.05,51780,945,51793.4,75,120,2259795
BANKNIFTY-I.NFO,03/01/2025,09:15:15,51793.85,51780,945,51793.8,90,330,2259795
BANKNIFTY-I.NFO,03/01/2025,09:15:16,51780,51780,915,51796.75,60,285,2259795
BANKNIFTY-I.NFO,03/01/2025,09:15:18,51780.05,51780,810,51792.15,60,375,2259795
BANKNIFTY-I.NFO,03/01/2025,09:15:20,51790.05,51780,720,51789.75,75,270,2259795
BANKNIFTY-I.NFO,03/01/2025,09:15:21,51770,51767.4,45,51780,120,750,2259795
BANKNIFTY-I.NFO,03/01/2025,09:15:21,51770,51767.4,45,51780,120,0,2259795
BANKNIFTY-I.NFO,03/01/2025,09:15:23,51780,51780,45,51788.2,60,210,2260815
BANKNIFTY-I.NFO,03/01/2025,09:15:24,51768.7,51770.95,90,51789.95,30,315,2260815
BANKNIFTY-I.NFO,03/01/2025,09:15:24,51768.7,51770.95,90,51789.95,30,0,2260815
BANKNIFTY-I.NFO,03/01/2025,09:15:26,51771.15,51771.35,60,51789.95,30,120,2260815
BANKNIFTY-I.NFO,03/01/2025,09:15:28,51774.95,51774.95,75,51790,15,240,2260815
BANKNIFTY-I.NFO,03/01/2025,09:15:29,51775.25,51778.05,45,51794.45,60,390,2260815
BANKNIFTY-I.NFO,03/01/2025,09:15:31,51780,51778.4,75,51794.45,15,270,2260815
BANKNIFTY-I.NFO,03/01/2025,09:15:32,51794.45,51782.4,75,51797.6,15,165,2260815
BANKNIFTY-I.NFO,03/01/2025,09:15:34,51803.95,51794.45,225,51804.05,30,270,2260815
BANKNIFTY-I.NFO,03/01/2025,09:15:36,51794.45,51794.45,210,51804.15,15,15,2260815
BANKNIFTY-I.NFO,03/01/2025,09:15:37,51813,51794.6,60,51813,90,315,2260815
BANKNIFTY-I.NFO,03/01/2025,09:15:39,51817.95,51801.3,105,51818,90,210,2260815
BANKNIFTY-I.NFO,03/01/2025,09:15:41,51818,51805.15,45,51818,75,840,2260815
BANKNIFTY-I.NFO,03/01/2025,09:15:42,51818,51807.7,105,51820,465,120,2260815
BANKNIFTY-I.NFO,03/01/2025,09:15:44,51819.85,51830,15,51835,210,630,2260815
BANKNIFTY-I.NFO,03/01/2025,09:15:46,51835,51834.65,15,51840,60,210,2260815
BANKNIFTY-I.NFO,03/01/2025,09:15:46,51835,51834.65,15,51840,60,0,2260815
BANKNIFTY-I.NFO,03/01/2025,09:15:47,51837.55,51837.55,15,51848,30,240,2260815
BANKNIFTY-I.NFO,03/01/2025,09:15:47,51848,51837.55,15,51848,30,0,2260815
BANKNIFTY-I.NFO,03/01/2025,09:15:49,51855,51849.4,30,51855,30,930,2260815
BANKNIFTY-I.NFO,03/01/2025,09:15:49,51855,51849.4,30,51855,30,0,2260815
BANKNIFTY-I.NFO,03/01/2025,09:15:51,51855,51849.4,105,51859.95,15,30,2260815
BANKNIFTY-I.NFO,03/01/2025,09:15:52,51850.95,51849.8,75,51859.2,15,120,2260815
BANKNIFTY-I.NFO,03/01/2025,09:15:52,51860,51849.8,75,51859.2,15,0,2260815
BANKNIFTY-I.NFO,03/01/2025,09:15:54,51860,51859.95,30,51860,45,75,2260815
BANKNIFTY-I.NFO,03/01/2025,09:15:56,51860,51859.95,15,51865,45,150,2260815
BANKNIFTY-I.NFO,03/01/2025,09:15:56,51865,51859.95,15,51865,45,0,2260815
BANKNIFTY-I.NFO,03/01/2025,09:15:57,51865,51851.55,30,51860,15,60,2260815
BANKNIFTY-I.NFO,03/01/2025,09:15:59,51860,51851.1,75,51865.55,30,240,2260815
BANKNIFTY-I.NFO,03/01/2025,09:16:01,51848.85,51848.85,75,51859.1,60,105,2260815
BANKNIFTY-I.NFO,03/01/2025,09:16:02,51848.85,51848.85,30,51864.95,30,600,2260815
BANKNIFTY-I.NFO,03/01/2025,09:16:02,51865.55,51848.85,30,51864.95,30,0,2260815
BANKNIFTY-I.NFO,03/01/2025,09:16:04,51875.55,51875.5,30,51880,75,1605,2260815
BANKNIFTY-I.NFO,03/01/2025,09:16:04,51875.55,51875.5,30,51880,75,0,2260815
BANKNIFTY-I.NFO,03/01/2025,09:16:06,51893.95,51877.45,60,51894.95,60,765,2260815
BANKNIFTY-I.NFO,03/01/2025,09:16:06,51893.95,51877.45,60,51894.95,60,0,2260815
BANKNIFTY-I.NFO,03/01/2025,09:16:07,51894.75,51877.5,60,51894.6,75,1335,2260815
BANKNIFTY-I.NFO,03/01/2025,09:16:07,51895,51877.5,60,51894.6,75,0,2260815
BANKNIFTY-I.NFO,03/01/2025,09:16:09,51890.3,51874.95,60,51890.45,15,630,2260815
BANKNIFTY-I.NFO,03/01/2025,09:16:11,51873.75,51865.95,60,51881.85,30,105,2260815
BANKNIFTY-I.NFO,03/01/2025,09:16:12,51880.7,51861.4,60,51880.75,30,930,2260815
BANKNIFTY-I.NFO,03/01/2025,09:16:14,51881.8,51862.65,30,51876.25,60,90,2260815
BANKNIFTY-I.NFO,03/01/2025,09:16:16,51873.35,51854.15,60,51873.35,30,240,2260815
BANKNIFTY-I.NFO,03/01/2025,09:16:17,51865.4,51850,105,51865.4,60,165,2260815
BANKNIFTY-I.NFO,03/01/2025,09:16:19,51846.1,51826.2,60,51846.1,75,630,2260815
BANKNIFTY-I.NFO,03/01/2025,09:16:21,51823.05,51823.05,135,51840.2,30,300,2260815
BANKNIFTY-I.NFO,03/01/2025,09:16:22,51831.6,51819.85,45,51831.6,15,60,2260815
BANKNIFTY-I.NFO,03/01/2025,09:16:24,51833.3,51819.85,45,51833.3,75,945,2260815
BANKNIFTY-I.NFO,03/01/2025,09:16:26,51838.2,51814.1,60,51837,60,120,2260815
BANKNIFTY-I.NFO,03/01/2025,09:16:27,51838.85,51820.65,60,51841.95,75,120,2260815
BANKNIFTY-I.NFO,03/01/2025,09:16:29,51822.35,51825.65,60,51844.35,60,735,2260815
BANKNIFTY-I.NFO,03/01/2025,09:16:31,51821.8,51816.15,30,51834.8,45,45,2260815
BANKNIFTY-I.NFO,03/01/2025,09:16:32,51825.45,51822.6,30,51839.35,45,120,2260815
BANKNIFTY-I.NFO,03/01/2025,09:16:34,51839.3,51822,15,51838.8,45,60,2260815
BANKNIFTY-I.NFO,03/01/2025,09:16:36,51827.85,51823.2,15,51838.95,90,1005,2260815
BANKNIFTY-I.NFO,03/01/2025,09:16:37,51831.05,51820,30,51831.05,30,285,2260815
BANKNIFTY-I.NFO,03/01/2025,09:16:39,51831.05,51820,30,51822.6,15,0,2260815
BANKNIFTY-I.NFO,03/01/2025,09:16:41,51830,51815.7,60,51830,15,150,2260815
BANKNIFTY-I.NFO,03/01/2025,09:16:42,51820.1,51820,30,51836.4,150,105,2260815
BANKNIFTY-I.NFO,03/01/2025,09:16:44,51822,51813.05,30,51833.4,120,675,2260815
BANKNIFTY-I.NFO,03/01/2025,09:16:46,51809.3,51808.35,30,51813.05,15,120,2260815
BANKNIFTY-I.NFO,03/01/2025,09:16:47,51822.4,51804.05,60,51816.15,45,930,2260815
BANKNIFTY-I.NFO,03/01/2025,09:16:49,51815.45,51811.05,30,51815.45,30,390,2260815
BANKNIFTY-I.NFO,03/01/2025,09:16:51,51820,51813.2,30,51825,75,135,2260815
BANKNIFTY-I.NFO,03/01/2025,09:16:52,51811.05,51812.9,30,51819.05,45,75,2260815
BANKNIFTY-I.NFO,03/01/2025,09:16:54,51811.7,51812.4,75,51821.95,45,375,2260815
BANKNIFTY-I.NFO,03/01/2025,09:16:56,51820,51815.25,30,51820,15,75,2260815
BANKNIFTY-I.NFO,03/01/2025,09:16:57,51815.2,51811,285,51815.2,15,255,2260815
BANKNIFTY-I.NFO,03/01/2025,09:16:59,51811,51811,240,51815.2,15,120,2260815
BANKNIFTY-I.NFO,03/01/2025,09:17:01,51815,51815,15,51817.6,15,60,2260815
BANKNIFTY-I.NFO,03/01/2025,09:17:02,51820,51816.15,30,51822.4,30,480,2260815
BANKNIFTY-I.NFO,03/01/2025,09:17:04,51812.1,51812.1,30,51822.45,75,315,2260815
BANKNIFTY-I.NFO,03/01/2025,09:17:06,51804,51805.3,30,51822,15,540,2260815
BANKNIFTY-I.NFO,03/01/2025,09:17:07,51804,51802.65,30,51804,105,210,2260815
BANKNIFTY-I.NFO,03/01/2025,09:17:09,51800.3,51800,465,51812.6,60,1365,2260815
BANKNIFTY-I.NFO,03/01/2025,09:17:11,51797,51794.45,135,51800,15,660,2260815
BANKNIFTY-I.NFO,03/01/2025,09:17:12,51803,51794.45,120,51800,90,210,2260815
BANKNIFTY-I.NFO,03/01/2025,09:17:14,51800,51790,45,51800,30,180,2260815
BANKNIFTY-I.NFO,03/01/2025,09:17:16,51815.65,51800.05,75,51815.65,30,345,2260815
BANKNIFTY-I.NFO,03/01/2025,09:17:17,51818.4,51800.25,75,51816.2,30,315,2260815
BANKNIFTY-I.NFO,03/01/2025,09:17:19,51808.15,51806.8,270,51808.2,15,45,2260815
BANKNIFTY-I.NFO,03/01/2025,09:17:21,51804.7,51803.8,75,51822.4,60,1290,2260815
BANKNIFTY-I.NFO,03/01/2025,09:17:22,51816.15,51802,60,51817.45,90,105,2260815
BANKNIFTY-I.NFO,03/01/2025,09:17:24,51805,51805,60,51811,165,180,2260815
BANKNIFTY-I.NFO,03/01/2025,09:17:26,51809.15,51809.6,30,51818.35,30,240,2260815
BANKNIFTY-I.NFO,03/01/2025,09:17:27,51815.25,51815.25,15,51818.4,150,120,2260815
BANKNIFTY-I.NFO,03/01/2025,09:17:29,51820,51820,15,51834.95,105,1290,2260815
BANKNIFTY-I.NFO,03/01/2025,09:17:31,51819.85,51819.8,30,51834.85,60,570,2260815
BANKNIFTY-I.NFO,03/01/2025,09:17:32,51834.85,51834.85,90,51844.3,60,105,2260815
BANKNIFTY-I.NFO,03/01/2025,09:17:34,51844.3,51834.85,90,51844.3,45,90,2260815
BANKNIFTY-I.NFO,03/01/2025,09:17:36,51826.2,51825.55,60,51844.35,150,1080,2260815
BANKNIFTY-I.NFO,03/01/2025,09:17:37,51844.35,51826.5,30,51843.45,75,165,2260815
BANKNIFTY-I.NFO,03/01/2025,09:17:39,51838,51824.1,75,51841,30,210,2260815
BANKNIFTY-I.NFO,03/01/2025,09:17:41,51826.2,51816.15,15,51829.9,105,165,2260815
BANKNIFTY-I.NFO,03/01/2025,09:17:42,51831.2,51815.1,60,51823,45,225,2260815
BANKNIFTY-I.NFO,03/01/2025,09:17:44,51817.6,51819.1,60,51836.85,60,75,2260815
BANKNIFTY-I.NFO,03/01/2025,09:17:46,51836.5,51821.4,15,51836.65,15,15,2260815
BANKNIFTY-I.NFO,03/01/2025,09:17:47,51816.85,51820.7,75,51838.15,90,465,2260815
BANKNIFTY-I.NFO,03/01/2025,09:17:49,51825,51821.65,60,51839.95,60,15,2260815
BANKNIFTY-I.NFO,03/01/2025,09:17:51,51820.7,51820.7,15,51829.4,45,135,2260815
BANKNIFTY-I.NFO,03/01/2025,09:17:52,51821.9,51824.35,45,51839.95,60,195,2260815
BANKNIFTY-I.NFO,03/01/2025,09:17:54,51829.4,51823,30,51840,45,60,2260815
BANKNIFTY-I.NFO,03/01/2025,09:17:56,51825.05,51822.95,15,51839.95,60,60,2260815
BANKNIFTY-I.NFO,03/01/2025,09:17:57,51821.75,51825.65,30,51831.4,60,570,2260815
BANKNIFTY-I.NFO,03/01/2025,09:17:59,51826.05,51826.05,15,51843.05,60,195,2260815
BANKNIFTY-I.NFO,03/01/2025,09:18:01,51835,51820.1,255,51833.55,60,540,2260815
BANKNIFTY-I.NFO,03/01/2025,09:18:03,51834.25,51825.9,15,51833.7,60,15,2260815
BANKNIFTY-I.NFO,03/01/2025,09:18:04,51835,51825.9,15,51835,30,240,2260815
BANKNIFTY-I.NFO,03/01/2025,09:18:06,51845.55,51830.55,90,51846.15,75,345,2260815
BANKNIFTY-I.NFO,03/01/2025,09:18:08,51833.85,51837.35,30,51849,15,45,2260815
BANKNIFTY-I.NFO,03/01/2025,09:18:09,51856.25,51836.9,90,51856.25,15,930,2260815
BANKNIFTY-I.NFO,03/01/2025,09:18:11,51852.9,51835.6,75,51854.65,30,150,2260815
BANKNIFTY-I.NFO,03/01/2025,09:18:13,51843.3,51843.3,15,51854.75,30,60,2260815
BANKNIFTY-I.NFO,03/01/2025,09:18:14,51849,51836.2,60,51854.15,30,135,2260815
BANKNIFTY-I.NFO,03/01/2025,09:18:16,51841.6,51837.4,75,51855.55,30,330,2260815
BANKNIFTY-I.NFO,03/01/2025,09:18:18,51857.1,51836,90,51846.45,30,135,2260815
BANKNIFTY-I.NFO,03/01/2025,09:18:19,51858.6,51841.65,60,51857.45,75,915,2260815
BANKNIFTY-I.NFO,03/01/2025,09:18:21,51855,51841.65,60,51857.75,30,60,2260815
BANKNIFTY-I.NFO,03/01/2025,09:18:23,51845.65,51844.15,60,51860.95,45,105,2266695
BANKNIFTY-I.NFO,03/01/2025,09:18:24,51855,51844.15,60,51855,135,90,2266695
BANKNIFTY-I.NFO,03/01/2025,09:18:26,51850,51850,15,51863.05,60,465,2266695
BANKNIFTY-I.NFO,03/01/2025,09:18:28,51852.55,51855,15,51863.05,30,45,2266695
BANKNIFTY-I.NFO,03/01/2025,09:18:29,51860.95,51855,15,51866.65,60,165,2266695
BANKNIFTY-I.NFO,03/01/2025,09:18:31,51863,51861.45,30,51863,30,420,2266695
BANKNIFTY-I.NFO,03/01/2025,09:18:33,51870,51855.25,75,51862.2,30,90,2266695
BANKNIFTY-I.NFO,03/01/2025,09:18:34,51862.2,51860.3,30,51862.2,15,90,2266695
BANKNIFTY-I.NFO,03/01/2025,09:18:36,51862.2,51860.95,15,51862.15,15,15,2266695
BANKNIFTY-I.NFO,03/01/2025,09:18:38,51862.2,51860.95,15,51870,345,45,2266695
BANKNIFTY-I.NFO,03/01/2025,09:18:39,51863,51862.2,15,51863,15,15,2266695
BANKNIFTY-I.NFO,03/01/2025,09:18:41,51870,51863.1,15,51870,315,495,2266695
BANKNIFTY-I.NFO,03/01/2025,09:18:43,51863.65,51864,30,51869,15,30,2266695
BANKNIFTY-I.NFO,03/01/2025,09:18:44,51870,51867.9,15,51870,270,120,2266695
BANKNIFTY-I.NFO,03/01/2025,09:18:46,51870,51867.15,15,51870,210,135,2266695
BANKNIFTY-I.NFO,03/01/2025,09:18:48,51872,51871.05,15,51872,60,345,2266695
BANKNIFTY-I.NFO,03/01/2025,09:18:49,51875,51871.55,15,51875,465,120,2266695
BANKNIFTY-I.NFO,03/01/2025,09:18:51,51864.05,51870,210,51875,360,240,2266695
BANKNIFTY-I.NFO,03/01/2025,09:18:53,51875,51870,300,51875,330,45,2266695
BANKNIFTY-I.NFO,03/01/2025,09:18:54,51870,51870,300,51875,300,75,2266695
BANKNIFTY-I.NFO,03/01/2025,09:18:56,51875,51873.7,15,51875,210,360,2266695
BANKNIFTY-I.NFO,03/01/2025,09:18:58,51881.8,51880.5,30,51886,15,915,2266695
BANKNIFTY-I.NFO,03/01/2025,09:18:59,51900,51889.7,30,51903.9,15,1260,2266695
BANKNIFTY-I.NFO,03/01/2025,09:18:59,51904.45,51889.7,30,51903.9,15,0,2266695
BANKNIFTY-I.NFO,03/01/2025,09:19:01,51886.05,51886.05,45,51902.3,45,225,2266695
BANKNIFTY-I.NFO,03/01/2025,09:19:03,51900,51903.9,60,51911.6,15,570,2266695
BANKNIFTY-I.NFO,03/01/2025,09:19:03,51911.6,51903.9,60,51911.6,15,0,2266695
BANKNIFTY-I.NFO,03/01/2025,09:19:04,51921,51907,30,51921.35,75,180,2266695
BANKNIFTY-I.NFO,03/01/2025,09:19:04,51921,51907,30,51921.35,75,0,2266695
BANKNIFTY-I.NFO,03/01/2025,09:19:06,51925.1,51910.6,45,51924,75,1590,2266695
BANKNIFTY-I.NFO,03/01/2025,09:19:06,51925.1,51910.6,45,51924,75,0,2266695
BANKNIFTY-I.NFO,03/01/2025,09:19:08,51910.65,51910.6,30,51927.25,75,315,2266695
BANKNIFTY-I.NFO,03/01/2025,09:19:08,51928.75,51910.6,30,51927.25,75,0,2266695
BANKNIFTY-I.NFO,03/01/2025,09:19:09,51900.75,51900,60,51915,15,180,2266695
BANKNIFTY-I.NFO,03/01/2025,09:19:11,51919.65,51905.95,30,51917.2,60,1230,2266695
BANKNIFTY-I.NFO,03/01/2025,09:19:13,51916.1,51898,15,51915.75,60,390,2266695
BANKNIFTY-I.NFO,03/01/2025,09:19:14,51889.7,51889.7,45,51901.3,45,120,2266695
BANKNIFTY-I.NFO,03/01/2025,09:19:16,51900.15,51881.8,15,51898.95,15,240,2266695
BANKNIFTY-I.NFO,03/01/2025,09:19:17,51898.15,51880.2,15,51898.45,30,105,2266695
BANKNIFTY-I.NFO,03/01/2025,09:19:19,51874.25,51874.2,15,51893.4,45,105,2266695
BANKNIFTY-I.NFO,03/01/2025,09:19:21,51881.95,51863.5,30,51882.35,45,390,2266695
BANKNIFTY-I.NFO,03/01/2025,09:19:22,51882.3,51865.2,30,51879.6,15,360,2266695
BANKNIFTY-I.NFO,03/01/2025,09:19:24,51881.1,51862.25,30,51881.65,105,75,2266695
BANKNIFTY-I.NFO,03/01/2025,09:19:26,51887.55,51862.2,465,51871.9,45,120,2266695
BANKNIFTY-I.NFO,03/01/2025,09:19:27,51881.75,51866.3,15,51883.8,15,195,2266695
BANKNIFTY-I.NFO,03/01/2025,09:19:29,51866.35,51866.5,60,51885.7,45,45,2266695
BANKNIFTY-I.NFO,03/01/2025,09:19:31,51862.25,51862.25,60,51880,15,60,2266695
BANKNIFTY-I.NFO,03/01/2025,09:19:32,51881.8,51863.1,90,51881.75,15,45,2266695
BANKNIFTY-I.NFO,03/01/2025,09:19:34,51862.2,51860.95,15,51878.3,15,480,2266695
BANKNIFTY-I.NFO,03/01/2025,09:19:36,51863.1,51862.3,45,51877.25,15,465,2266695
BANKNIFTY-I.NFO,03/01/2025,09:19:37,51872.05,51872.35,45,51888.45,15,1395,2266695
BANKNIFTY-I.NFO,03/01/2025,09:19:39,51880,51878.3,15,51885.45,15,75,2266695
BANKNIFTY-I.NFO,03/01/2025,09:19:41,51892.85,51878.3,30,51888,60,315,2266695
BANKNIFTY-I.NFO,03/01/2025,09:19:42,51880.7,51864,75,51880.75,30,105,2266695
BANKNIFTY-I.NFO,03/01/2025,09:19:44,51880.75,51870.15,60,51880.75,30,90,2266695
BANKNIFTY-I.NFO,03/01/2025,09:19:46,51880.2,51873.25,75,51878,150,330,2266695
BANKNIFTY-I.NFO,03/01/2025,09:19:47,51873.25,51873.25,60,51873.85,75,30,2266695
BANKNIFTY-I.NFO,03/01/2025,09:19:49,51873.5,51868.4,60,51873.85,90,405,2266695
BANKNIFTY-I.NFO,03/01/2025,09:19:50,51873.85,51871,15,51873.85,90,555,2266695
BANKNIFTY-I.NFO,03/01/2025,09:19:52,51873.85,51870,60,51873.85,15,60,2266695
BANKNIFTY-I.NFO,03/01/2025,09:19:54,51870,51865,15,51870,2190,75,2266695
BANKNIFTY-I.NFO,03/01/2025,09:19:55,51870,51862.25,75,51869.95,15,225,2266695
BANKNIFTY-I.NFO,03/01/2025,09:19:57,51870,51865.55,45,51870,1425,675,2266695
BANKNIFTY-I.NFO,03/01/2025,09:19:59,51870,51869.6,75,51870,1230,360,2266695
BANKNIFTY-I.NFO,03/01/2025,09:20:00,51880,51873.6,30,51880,15,1365,2266695
BANKNIFTY-I.NFO,03/01/2025,09:20:02,51884.05,51868.7,30,51882.2,15,180,2266695
BANKNIFTY-I.NFO,03/01/2025,09:20:04,51880,51865.05,120,51880.25,15,285,2266695
BANKNIFTY-I.NFO,03/01/2025,09:20:05,51858.4,51855.45,15,51863.2,15,390,2266695
BANKNIFTY-I.NFO,03/01/2025,09:20:07,51856,51860.45,135,51869.75,15,15,2266695
BANKNIFTY-I.NFO,03/01/2025,09:20:09,51882.55,51868.05,15,51879.75,120,315,2266695
BANKNIFTY-I.NFO,03/01/2025,09:20:10,51879.75,51868.1,60,51883.25,150,15,2266695
BANKNIFTY-I.NFO,03/01/2025,09:20:12,51890.4,51872.05,135,51888.4,105,1005,2266695
BANKNIFTY-I.NFO,03/01/2025,09:20:14,51873.25,51872.1,150,51888.15,90,120,2266695
BANKNIFTY-I.NFO,03/01/2025,09:20:15,51888.35,51868.45,120,51884.7,15,150,2266695
BANKNIFTY-I.NFO,03/01/2025,09:20:17,51860.45,51861.2,15,51870,270,90,2266695
BANKNIFTY-I.NFO,03/01/2025,09:20:19,51858.4,51856.95,120,51865.55,90,30,2266695
BANKNIFTY-I.NFO,03/01/2025,09:20:20,51865.55,51856.5,150,51865.55,30,60,2266695
BANKNIFTY-I.NFO,03/01/2025,09:20:22,51865.55,51856,30,51865.5,60,0,2266695
BANKNIFTY-I.NFO,03/01/2025,09:20:24,51865.5,51856,30,51864.55,45,15,2266695
BANKNIFTY-I.NFO,03/01/2025,09:20:25,51862.25,51857.7,120,51862.25,60,45,2266695
BANKNIFTY-I.NFO,03/01/2025,09:20:27,51860.5,51855.55,120,51862.25,45,120,2266695
BANKNIFTY-I.NFO,03/01/2025,09:20:29,51862.25,51856.85,120,51862.25,15,30,2266695
BANKNIFTY-I.NFO,03/01/2025,09:20:30,51856.8,51857.75,120,51869,30,60,2266695
BANKNIFTY-I.NFO,03/01/2025,09:20:32,51864.4,51861.7,105,51864.4,30,75,2266695
BANKNIFTY-I.NFO,03/01/2025,09:20:34,51870.9,51869,15,51879.95,120,555,2266695
BANKNIFTY-I.NFO,03/01/2025,09:20:35,51864.15,51862.25,90,51878.1,120,45,2266695
BANKNIFTY-I.NFO,03/01/2025,09:20:37,51878.05,51868.8,30,51878.05,285,150,2266695
BANKNIFTY-I.NFO,03/01/2025,09:20:39,51868.35,51870.75,30,51878,30,45,2266695
BANKNIFTY-I.NFO,03/01/2025,09:20:40,51874,51871.55,75,51877.95,405,45,2266695
BANKNIFTY-I.NFO,03/01/2025,09:20:42,51877.35,51874.85,15,51880,60,555,2266695
BANKNIFTY-I.NFO,03/01/2025,09:20:44,51875.1,51874.3,30,51880,45,165,2266695
BANKNIFTY-I.NFO,03/01/2025,09:20:45,51880,51878.05,15,51885,105,285,2266695
BANKNIFTY-I.NFO,03/01/2025,09:20:47,51890,51885.8,30,51891,300,135,2266695
BANKNIFTY-I.NFO,03/01/2025,09:20:48,51885,51874.4,15,51890.5,120,60,2266695
BANKNIFTY-I.NFO,03/01/2025,09:20:50,51867.8,51868.8,15,51883.9,120,360,2266695
BANKNIFTY-I.NFO,03/01/2025,09:20:52,51883.85,51871.55,30,51883.85,30,30,2266695
BANKNIFTY-I.NFO,03/01/2025,09:20:53,51875.3,51870,225,51875.3,120,45,2266695
BANKNIFTY-I.NFO,03/01/2025,09:20:55,51864.55,51864.55,30,51869.35,120,270,2266695
BANKNIFTY-I.NFO,03/01/2025,09:20:57,51864.55,51860.35,30,51862.05,15,30,2266695
BANKNIFTY-I.NFO,03/01/2025,09:20:58,51860.35,51860,345,51862.05,45,90,2266695
BANKNIFTY-I.NFO,03/01/2025,09:21:00,51860.35,51860,345,51862.05,60,0,2266695
BANKNIFTY-I.NFO,03/01/2025,09:21:02,51870.5,51853.8,15,51858.55,75,1260,2266695
BANKNIFTY-I.NFO,03/01/2025,09:21:03,51859,51853.8,15,51862.05,15,30,2266695
BANKNIFTY-I.NFO,03/01/2025,09:21:05,51853.75,51854.2,45,51862.05,30,150,2266695
BANKNIFTY-I.NFO,03/01/2025,09:21:07,51863.45,51863.4,30,51868.85,15,240,2266695
BANKNIFTY-I.NFO,03/01/2025,09:21:08,51860.9,51859.95,45,51874.8,15,300,2266695
BANKNIFTY-I.NFO,03/01/2025,09:21:10,51880,51867.9,30,51874.75,15,315,2266695
BANKNIFTY-I.NFO,03/01/2025,09:21:12,51869.3,51868.1,30,51874.75,30,270,2266695
BANKNIFTY-I.NFO,03/01/2025,09:21:13,51874.75,51871.25,30,51874.7,30,60,2266695
BANKNIFTY-I.NFO,03/01/2025,09:21:15,51884.95,51870.75,75,51885,15,300,2266695
BANKNIFTY-I.NFO,03/01/2025,09:21:17,51885,51877.8,75,51885,45,45,2266695
BANKNIFTY-I.NFO,03/01/2025,09:21:18,51878.5,51874.3,15,51878.5,60,15,2266695
BANKNIFTY-I.NFO,03/01/2025,09:21:20,51878.45,51878.45,30,51878.5,120,180,2266695
BANKNIFTY-I.NFO,03/01/2025,09:21:22,51878.4,51865.35,75,51878.4,90,135,2266695
BANKNIFTY-I.NFO,03/01/2025,09:21:23,51865.35,51865.35,60,51869.9,90,315,2269605
BANKNIFTY-I.NFO,03/01/2025,09:21:25,51864.55,51860,15,51864.55,60,90,2269605
BANKNIFTY-I.NFO,03/01/2025,09:21:27,51864.55,51860,15,51864.55,120,0,2269605
BANKNIFTY-I.NFO,03/01/2025,09:21:28,51860.35,51860,15,51860.35,30,75,2269605
BANKNIFTY-I.NFO,03/01/2025,09:21:30,51860,51853.55,150,51860,120,45,2269605
BANKNIFTY-I.NFO,03/01/2025,09:21:32,51855.3,51850,315,51860,180,15,2269605
BANKNIFTY-I.NFO,03/01/2025,09:21:33,51855.3,51850,315,51860,60,0,2269605
BANKNIFTY-I.NFO,03/01/2025,09:21:35,51860,51855.3,15,51860,45,15,2269605
BANKNIFTY-I.NFO,03/01/2025,09:21:37,51864.55,51862.95,45,51877.85,15,855,2269605
BANKNIFTY-I.NFO,03/01/2025,09:21:38,51880,51869.1,30,51883.15,15,45,2269605
BANKNIFTY-I.NFO,03/01/2025,09:21:40,51879.45,51869.8,15,51884.15,15,225,2269605
BANKNIFTY-I.NFO,03/01/2025,09:21:42,51869.15,51866.75,15,51882.15,15,195,2269605
BANKNIFTY-I.NFO,03/01/2025,09:21:43,51865.45,51867.2,105,51880.65,15,15,2269605
BANKNIFTY-I.NFO,03/01/2025,09:21:45,51860.8,51862.4,195,51877.85,15,30,2269605
BANKNIFTY-I.NFO,03/01/2025,09:21:47,51860.8,51862.3,45,51877.85,30,0,2269605
BANKNIFTY-I.NFO,03/01/2025,09:21:48,51884.75,51868.7,60,51883.95,120,105,2269605
BANKNIFTY-I.NFO,03/01/2025,09:21:50,51883.65,51866.05,75,51881.05,120,15,2269605
BANKNIFTY-I.NFO,03/01/2025,09:21:52,51880,51868.35,60,51880,2130,135,2269605
BANKNIFTY-I.NFO,03/01/2025,09:21:53,51880,51872.8,120,51879.95,60,90,2269605
BANKNIFTY-I.NFO,03/01/2025,09:21:55,51880,51870.9,60,51879.95,90,0,2269605
BANKNIFTY-I.NFO,03/01/2025,09:21:57,51879.9,51867.85,60,51879.9,15,45,2269605
BANKNIFTY-I.NFO,03/01/2025,09:21:58,51871.2,51868.8,30,51879.9,30,15,2269605
BANKNIFTY-I.NFO,03/01/2025,09:22:00,51867.4,51867.4,15,51879.9,105,30,2269605
BANKNIFTY-I.NFO,03/01/2025,09:22:01,51870,51867.65,15,51878.95,15,90,2269605
BANKNIFTY-I.NFO,03/01/2025,09:22:03,51870,51867.4,225,51878.95,60,0,2269605
BANKNIFTY-I.NFO,03/01/2025,09:22:05,51867.4,51867.4,195,51878.95,60,15,2269605
BANKNIFTY-I.NFO,03/01/2025,09:22:06,51875.9,51867.4,195,51874.6,120,30,2269605
BANKNIFTY-I.NFO,03/01/2025,09:22:08,51866,51866,60,51873,60,1155,2269605
BANKNIFTY-I.NFO,03/01/2025,09:22:10,51866,51855.05,15,51868.7,15,450,2269605
BANKNIFTY-I.NFO,03/01/2025,09:22:11,51868.65,51855.05,15,51865.6,30,150,2269605
BANKNIFTY-I.NFO,03/01/2025,09:22:13,51865.6,51855,15,51865.55,15,150,2269605
BANKNIFTY-I.NFO,03/01/2025,09:22:15,51864.6,51852.2,15,51864.3,45,60,2269605
BANKNIFTY-I.NFO,03/01/2025,09:22:16,51853.5,51852.75,120,51864.3,30,255,2269605
BANKNIFTY-I.NFO,03/01/2025,09:22:18,51850.05,51850.05,120,51864.1,75,75,2269605
BANKNIFTY-I.NFO,03/01/2025,09:22:20,51864.1,51856.2,120,51864.1,120,45,2269605
BANKNIFTY-I.NFO,03/01/2025,09:22:22,51864.05,51861.1,120,51864.1,120,15,2269605
BANKNIFTY-I.NFO,03/01/2025,09:22:23,51870,51868.35,15,51877.4,30,1170,2269605
BANKNIFTY-I.NFO,03/01/2025,09:22:25,51864.1,51864.05,15,51868.35,15,90,2269605
BANKNIFTY-I.NFO,03/01/2025,09:22:27,51864.05,51853.5,15,51864.05,30,45,2269605
BANKNIFTY-I.NFO,03/01/2025,09:22:28,51852.4,51850.05,30,51864.05,15,90,2269605
BANKNIFTY-I.NFO,03/01/2025,09:22:30,51864,51854.35,120,51864.05,15,150,2269605
BANKNIFTY-I.NFO,03/01/2025,09:22:32,51870,51864.05,300,51875.9,105,75,2269605
BANKNIFTY-I.NFO,03/01/2025,09:22:33,51873.9,51864.05,285,51873.9,15,60,2269605
BANKNIFTY-I.NFO,03/01/2025,09:22:35,51876.75,51864.05,285,51870,105,105,2269605
BANKNIFTY-I.NFO,03/01/2025,09:22:37,51864.1,51864.4,120,51870,105,30,2269605
BANKNIFTY-I.NFO,03/01/2025,09:22:38,51865.75,51864.05,285,51870,105,15,2269605
BANKNIFTY-I.NFO,03/01/2025,09:22:40,51864.05,51864.05,225,51870,105,60,2269605
BANKNIFTY-I.NFO,03/01/2025,09:22:42,51864.05,51865,150,51870,105,0,2269605
BANKNIFTY-I.NFO,03/01/2025,09:22:43,51865,51865,120,51870,1035,30,2269605
BANKNIFTY-I.NFO,03/01/2025,09:22:45,51865,51864.05,240,51869.6,30,135,2269605
BANKNIFTY-I.NFO,03/01/2025,09:22:47,51865,51864.05,240,51869.6,30,45,2269605
BANKNIFTY-I.NFO,03/01/2025,09:22:48,51869.6,51864.05,240,51869.6,15,15,2269605
BANKNIFTY-I.NFO,03/01/2025,09:22:50,51870,51864.05,165,51869.6,15,105,2269605
BANKNIFTY-I.NFO,03/01/2025,09:22:52,51865.85,51866.95,120,51870,900,30,2269605
BANKNIFTY-I.NFO,03/01/2025,09:22:53,51870,51872.15,120,51876.75,225,945,2269605
BANKNIFTY-I.NFO,03/01/2025,09:22:55,51870.15,51867.3,150,51876.75,180,435,2269605
BANKNIFTY-I.NFO,03/01/2025,09:22:57,51876.75,51865.8,15,51876.75,165,105,2269605
BANKNIFTY-I.NFO,03/01/2025,09:22:58,51866.45,51864.05,180,51876.75,165,15,2269605
BANKNIFTY-I.NFO,03/01/2025,09:23:00,51875.95,51870,15,51876.75,165,105,2269605
BANKNIFTY-I.NFO,03/01/2025,09:23:02,51864.05,51864.05,135,51874.8,120,90,2269605
BANKNIFTY-I.NFO,03/01/2025,09:23:03,51864.05,51864.05,105,51869.35,120,45,2269605
BANKNIFTY-I.NFO,03/01/2025,09:23:05,51864.05,51864.05,45,51874.4,120,135,2269605
BANKNIFTY-I.NFO,03/01/2025,09:23:07,51864.05,51864.05,45,51876.75,150,0,2269605
BANKNIFTY-I.NFO,03/01/2025,09:23:08,51874.75,51864.05,45,51875.3,120,30,2269605
BANKNIFTY-I.NFO,03/01/2025,09:23:10,51874.75,51864.05,45,51873.3,120,0,2269605
BANKNIFTY-I.NFO,03/01/2025,09:23:11,51864.05,51861,15,51868.3,120,45,2269605
BANKNIFTY-I.NFO,03/01/2025,09:23:13,51864.05,51860.1,255,51864.05,30,60,2269605
BANKNIFTY-I.NFO,03/01/2025,09:23:15,51860.1,51860.1,240,51864.05,60,15,2269605
BANKNIFTY-I.NFO,03/01/2025,09:23:16,51860.1,51860.1,225,51860.8,105,15,2269605
BANKNIFTY-I.NFO,03/01/2025,09:23:18,51860.1,51860.1,225,51860.8,135,0,2269605
BANKNIFTY-I.NFO,03/01/2025,09:23:20,51860.1,51860.1,165,51860.8,75,120,2269605
BANKNIFTY-I.NFO,03/01/2025,09:23:21,51860.1,51860.1,120,51860.8,60,60,2269605
BANKNIFTY-I.NFO,03/01/2025,09:23:23,51860.1,51852,90,51860.1,105,135,2269605
BANKNIFTY-I.NFO,03/01/2025,09:23:25,51860.1,51855.05,60,51860.1,105,30,2269605
BANKNIFTY-I.NFO,03/01/2025,09:23:26,51860.1,51852.65,60,51860.1,105,0,2269605
BANKNIFTY-I.NFO,03/01/2025,09:23:28,51860.1,51850.4,15,51860.1,105,0,2269605
BANKNIFTY-I.NFO,03/01/2025,09:23:30,51860.1,51850.4,15,51860.1,90,15,2269605
BANKNIFTY-I.NFO,03/01/2025,09:23:31,51850,51850,375,51859.75,30,75,2269605
BANKNIFTY-I.NFO,03/01/2025,09:23:33,51859.75,51850,420,51859.75,30,30,2269605
BANKNIFTY-I.NFO,03/01/2025,09:23:35,51848,51841.6,15,51849.15,120,435,2269605
BANKNIFTY-I.NFO,03/01/2025,09:23:36,51848,51841.6,15,51847.65,120,0,2269605
BANKNIFTY-I.NFO,03/01/2025,09:23:38,51848,51841.6,15,51845.7,15,0,2269605
BANKNIFTY-I.NFO,03/01/2025,09:23:40,51844,51841.6,15,51845.7,30,30,2269605
BANKNIFTY-I.NFO,03/01/2025,09:23:41,51845.7,51841.6,15,51850,75,30,2269605
BANKNIFTY-I.NFO,03/01/2025,09:23:43,51842.55,51841.6,15,51849.95,60,75,2269605
BANKNIFTY-I.NFO,03/01/2025,09:23:45,51849.95,51844.25,45,51849.9,15,15,2269605
BANKNIFTY-I.NFO,03/01/2025,09:23:46,51844,51841.6,15,51849.9,30,45,2269605
BANKNIFTY-I.NFO,03/01/2025,09:23:48,51840.95,51840.4,30,51849.9,15,375,2269605
BANKNIFTY-I.NFO,03/01/2025,09:23:50,51840.95,51836.3,30,51849.85,45,0,2269605
BANKNIFTY-I.NFO,03/01/2025,09:23:51,51840.95,51834.4,75,51849.65,15,0,2269605
BANKNIFTY-I.NFO,03/01/2025,09:23:53,51840,51837.7,75,51840,30,60,2269605
BANKNIFTY-I.NFO,03/01/2025,09:23:55,51840,51835.4,30,51840,45,60,2269605
BANKNIFTY-I.NFO,03/01/2025,09:23:56,51840,51840.65,30,51849.9,45,75,2269605
BANKNIFTY-I.NFO,03/01/2025,09:23:58,51831.4,51830,240,51844.65,15,2280,2269605
BANKNIFTY-I.NFO,03/01/2025,09:24:00,51830.25,51830.95,30,51839,15,45,2269605
BANKNIFTY-I.NFO,03/01/2025,09:24:01,51830,51830.45,15,51838.05,15,195,2269605
BANKNIFTY-I.NFO,03/01/2025,09:24:03,51830,51830,90,51830.45,75,330,2269605
BANKNIFTY-I.NFO,03/01/2025,09:24:05,51830,51825,165,51830.3,15,90,2269605
BANKNIFTY-I.NFO,03/01/2025,09:24:06,51827,51820.05,105,51830.3,30,315,2269605
BANKNIFTY-I.NFO,03/01/2025,09:24:08,51821.8,51820,45,51829.6,15,45,2269605
BANKNIFTY-I.NFO,03/01/2025,09:24:10,51821.8,51820,45,51826.8,15,0,2269605
BANKNIFTY-I.NFO,03/01/2025,09:24:11,51820,51820,30,51826.75,120,30,2269605
BANKNIFTY-I.NFO,03/01/2025,09:24:13,51821,51820,45,51821.8,15,30,2269605
BANKNIFTY-I.NFO,03/01/2025,09:24:15,51815.05,51815.05,105,51820.05,75,90,2269605
BANKNIFTY-I.NFO,03/01/2025,09:24:16,51806,51806,180,51816.75,15,360,2269605
BANKNIFTY-I.NFO,03/01/2025,09:24:18,51806,51806,120,51816.7,30,75,2269605
BANKNIFTY-I.NFO,03/01/2025,09:24:20,51816.7,51815.05,15,51816.7,15,15,2269605
BANKNIFTY-I.NFO,03/01/2025,09:24:21,51806,51806,90,51816.7,15,45,2269605
BANKNIFTY-I.NFO,03/01/2025,09:24:23,51819.95,51806,105,51816.25,90,45,2272665
BANKNIFTY-I.NFO,03/01/2025,09:24:25,51813.85,51806,75,51816.75,30,195,2272665
BANKNIFTY-I.NFO,03/01/2025,09:24:26,51805,51803.6,15,51813.55,15,120,2272665
BANKNIFTY-I.NFO,03/01/2025,09:24:28,51818.5,51805,15,51818.45,30,930,2272665
BANKNIFTY-I.NFO,03/01/2025,09:24:30,51805,51803.1,75,51818.45,15,30,2272665
BANKNIFTY-I.NFO,03/01/2025,09:24:31,51804.3,51806.15,45,51818.5,15,225,2272665
BANKNIFTY-I.NFO,03/01/2025,09:24:33,51805.95,51805.9,15,51818.5,30,210,2272665
BANKNIFTY-I.NFO,03/01/2025,09:24:35,51801.05,51801,150,51805,15,120,2272665
BANKNIFTY-I.NFO,03/01/2025,09:24:36,51801,51801,135,51807.15,15,75,2272665
BANKNIFTY-I.NFO,03/01/2025,09:24:38,51801,51801,90,51807.15,60,60,2272665
BANKNIFTY-I.NFO,03/01/2025,09:24:40,51815.1,51811.55,30,51815.05,15,1395,2272665
BANKNIFTY-I.NFO,03/01/2025,09:24:41,51808.35,51808.35,30,51815.05,15,120,2272665
BANKNIFTY-I.NFO,03/01/2025,09:24:43,51807.15,51807.15,15,51815.05,15,15,2272665
BANKNIFTY-I.NFO,03/01/2025,09:24:45,51805.1,51805.1,75,51818.95,150,75,2272665
BANKNIFTY-I.NFO,03/01/2025,09:24:46,51805.65,51805.15,75,51818.9,75,150,2272665
BANKNIFTY-I.NFO,03/01/2025,09:24:48,51806.5,51807,15,51818.85,75,15,2272665
BANKNIFTY-I.NFO,03/01/2025,09:24:50,51810,51810,2955,51818,15,390,2272665
BANKNIFTY-I.NFO,03/01/2025,09:24:51,51810,51810,2925,51817.95,15,45,2272665
BANKNIFTY-I.NFO,03/01/2025,09:24:53,51810,51810,2925,51817.95,45,0,2272665
BANKNIFTY-I.NFO,03/01/2025,09:24:54,51810.15,51810,2940,51817.95,75,75,2272665
BANKNIFTY-I.NFO,03/01/2025,09:24:56,51810.05,51810,2925,51817.95,75,45,2272665
BANKNIFTY-I.NFO,03/01/2025,09:24:58,51810.05,51810,2940,51817.95,75,0,2272665
BANKNIFTY-I.NFO,03/01/2025,09:24:59,51819.75,51810,3000,51817.95,15,165,2272665
BANKNIFTY-I.NFO,03/01/2025,09:25:01,51809.5,51801,90,51809.05,90,3960,2272665
BANKNIFTY-I.NFO,03/01/2025,09:25:03,51785,51782,15,51790.85,15,1500,2272665
BANKNIFTY-I.NFO,03/01/2025,09:25:04,51792,51785.2,105,51791.95,15,105,2272665
BANKNIFTY-I.NFO,03/01/2025,09:25:06,51807.2,51800,15,51807.2,15,60,2272665
BANKNIFTY-I.NFO,03/01/2025,09:25:08,51790,51784.45,30,51798.9,15,285,2272665
BANKNIFTY-I.NFO,03/01/2025,09:25:09,51785.65,51782.95,15,51798.75,15,60,2272665
BANKNIFTY-I.NFO,03/01/2025,09:25:11,51802,51787.1,15,51800.95,15,30,2272665
BANKNIFTY-I.NFO,03/01/2025,09:25:12,51782,51780,750,51782.95,45,60,2272665
BANKNIFTY-I.NFO,03/01/2025,09:25:14,51792.15,51780,795,51792.25,15,90,2272665
BANKNIFTY-I.NFO,03/01/2025,09:25:16,51795.1,51781.4,15,51792.2,15,630,2272665
BANKNIFTY-I.NFO,03/01/2025,09:25:18,51782.15,51782.95,30,51798.05,15,180,2272665
BANKNIFTY-I.NFO,03/01/2025,09:25:19,51790,51780,225,51790,15,30,2272665
BANKNIFTY-I.NFO,03/01/2025,09:25:21,51783.3,51780,225,51790,30,15,2272665
BANKNIFTY-I.NFO,03/01/2025,09:25:22,51780,51775,45,51780,600,660,2272665
BANKNIFTY-I.NFO,03/01/2025,09:25:24,51782.05,51781.85,15,51791.25,15,1425,2272665
BANKNIFTY-I.NFO,03/01/2025,09:25:26,51783.95,51783.9,15,51792.15,30,75,2272665
BANKNIFTY-I.NFO,03/01/2025,09:25:27,51787.45,51789,15,51799.95,15,945,2272665
BANKNIFTY-I.NFO,03/01/2025,09:25:29,51780,51781,15,51795.85,15,90,2272665
BANKNIFTY-I.NFO,03/01/2025,09:25:31,51795.8,51788.4,15,51795.8,45,90,2272665
BANKNIFTY-I.NFO,03/01/2025,09:25:32,51795.8,51789.2,30,51795.8,60,60,2272665
BANKNIFTY-I.NFO,03/01/2025,09:25:34,51800.7,51792,15,51805.35,15,150,2272665
BANKNIFTY-I.NFO,03/01/2025,09:25:36,51805.25,51797.8,15,51805.25,30,75,2272665
BANKNIFTY-I.NFO,03/01/2025,09:25:37,51810.15,51803.1,75,51815,15,75,2272665
BANKNIFTY-I.NFO,03/01/2025,09:25:39,51815.6,51803.15,75,51814.85,15,75,2272665
BANKNIFTY-I.NFO,03/01/2025,09:25:41,51808,51795.8,45,51804.7,120,30,2272665
BANKNIFTY-I.NFO,03/01/2025,09:25:42,51795.8,51790.05,150,51797.95,75,60,2272665
BANKNIFTY-I.NFO,03/01/2025,09:25:44,51788,51783,15,51788.55,15,165,2272665
BANKNIFTY-I.NFO,03/01/2025,09:25:46,51782.05,51780,990,51783.25,15,30,2272665
BANKNIFTY-I.NFO,03/01/2025,09:25:47,51782.05,51780,930,51783.25,45,75,2272665
BANKNIFTY-I.NFO,03/01/2025,09:25:49,51780,51780,645,51793.15,60,480,2272665
BANKNIFTY-I.NFO,03/01/2025,09:25:51,51780,51780,615,51791.35,120,30,2272665
BANKNIFTY-I.NFO,03/01/2025,09:25:52,51780,51780,585,51791.35,15,30,2272665
BANKNIFTY-I.NFO,03/01/2025,09:25:54,51796.45,51784.55,15,51797.15,15,375,2272665
BANKNIFTY-I.NFO,03/01/2025,09:25:56,51780.05,51780,420,51782.65,15,45,2272665
BANKNIFTY-I.NFO,03/01/2025,09:25:57,51780,51780,360,51782.65,15,90,2272665
BANKNIFTY-I.NFO,03/01/2025,09:25:59,51786.5,51787.45,75,51801,135,60,2272665
BANKNIFTY-I.NFO,03/01/2025,09:26:01,51793.65,51780.05,15,51793,120,45,2272665
BANKNIFTY-I.NFO,03/01/2025,09:26:02,51799.05,51783.6,120,51798.65,15,900,2272665
BANKNIFTY-I.NFO,03/01/2025,09:26:04,51780.05,51782.65,75,51795.75,120,180,2272665
BANKNIFTY-I.NFO,03/01/2025,09:26:06,51796.75,51782.75,75,51795.55,15,45,2272665
BANKNIFTY-I.NFO,03/01/2025,09:26:07,51796.75,51785,30,51796.7,105,0,2272665
BANKNIFTY-I.NFO,03/01/2025,09:26:09,51783.6,51781.3,15,51794.25,15,75,2272665
BANKNIFTY-I.NFO,03/01/2025,09:26:11,51791.8,51780,570,51790.2,15,45,2272665
BANKNIFTY-I.NFO,03/01/2025,09:26:12,51780,51780,540,51789.85,15,45,2272665
BANKNIFTY-I.NFO,03/01/2025,09:26:14,51780,51780,510,51788.2,15,45,2272665
BANKNIFTY-I.NFO,03/01/2025,09:26:16,51780,51780,435,51788.2,30,90,2272665
BANKNIFTY-I.NFO,03/01/2025,09:26:17,51780.05,51780.05,120,51788.2,15,45,2272665
BANKNIFTY-I.NFO,03/01/2025,09:26:19,51780.05,51780,405,51788.9,75,120,2272665
BANKNIFTY-I.NFO,03/01/2025,09:26:21,51790.5,51780,105,51791.95,75,330,2272665
BANKNIFTY-I.NFO,03/01/2025,09:26:22,51788.9,51780.05,15,51791.95,45,15,2272665
BANKNIFTY-I.NFO,03/01/2025,09:26:24,51780,51780,105,51791.35,15,60,2272665
BANKNIFTY-I.NFO,03/01/2025,09:26:26,51780,51780,75,51787.65,30,30,2272665
BANKNIFTY-I.NFO,03/01/2025,09:26:27,51780,51780,45,51787.65,45,30,2272665
BANKNIFTY-I.NFO,03/01/2025,09:26:29,51780,51780.05,15,51787.6,45,60,2272665
BANKNIFTY-I.NFO,03/01/2025,09:26:30,51787.5,51779.85,15,51787.5,75,60,2272665
BANKNIFTY-I.NFO,03/01/2025,09:26:32,51787.5,51779.85,15,51787.5,30,45,2272665
BANKNIFTY-I.NFO,03/01/2025,09:26:34,51787.55,51788,225,51791.5,30,165,2272665
BANKNIFTY-I.NFO,03/01/2025,09:26:36,51788,51780.05,15,51782,15,225,2272665
BANKNIFTY-I.NFO,03/01/2025,09:26:37,51780,51780,30,51789,15,30,2272665
BANKNIFTY-I.NFO,03/01/2025,09:26:39,51784.45,51784.45,120,51796.75,240,75,2272665
BANKNIFTY-I.NFO,03/01/2025,09:26:41,51796.75,51788.75,150,51796.75,210,30,2272665
BANKNIFTY-I.NFO,03/01/2025,09:26:42,51784.9,51785,105,51796.75,210,15,2272665
BANKNIFTY-I.NFO,03/01/2025,09:26:44,51789.05,51789.3,45,51796.75,15,225,2272665
BANKNIFTY-I.NFO,03/01/2025,09:26:46,51796.75,51786.55,15,51800,420,15,2272665
BANKNIFTY-I.NFO,03/01/2025,09:26:47,51796.75,51784.45,15,51794.7,120,0,2272665
BANKNIFTY-I.NFO,03/01/2025,09:26:49,51783.95,51780,30,51788.05,30,60,2272665
BANKNIFTY-I.NFO,03/01/2025,09:26:51,51788.05,51780,30,51788.05,15,45,2272665
BANKNIFTY-I.NFO,03/01/2025,09:26:52,51788.05,51780.5,15,51795.15,120,30,2272665
BANKNIFTY-I.NFO,03/01/2025,09:26:54,51800,51795.65,90,51797,75,450,2272665
BANKNIFTY-I.NFO,03/01/2025,09:26:56,51796.8,51789.15,15,51800,150,135,2272665
BANKNIFTY-I.NFO,03/01/2025,09:26:57,51796.8,51788.05,30,51799.85,75,0,2272665
BANKNIFTY-I.NFO,03/01/2025,09:26:59,51788.05,51788.05,15,51791.7,75,30,2272665
BANKNIFTY-I.NFO,03/01/2025,09:27:01,51774.95,51773.3,15,51778.2,60,690,2272665
BANKNIFTY-I.NFO,03/01/2025,09:27:02,51786.75,51774.4,150,51778.2,15,375,2272665
BANKNIFTY-I.NFO,03/01/2025,09:27:04,51786.4,51790.4,30,51797,15,45,2272665
BANKNIFTY-I.NFO,03/01/2025,09:27:06,51800,51797,15,51805,30,210,2272665
BANKNIFTY-I.NFO,03/01/2025,09:27:07,51804.95,51800,15,51804.9,75,45,2272665
BANKNIFTY-I.NFO,03/01/2025,09:27:09,51805,51801.1,15,51810,30,30,2272665
BANKNIFTY-I.NFO,03/01/2025,09:27:11,51797,51785.2,75,51797.9,30,60,2272665
BANKNIFTY-I.NFO,03/01/2025,09:27:12,51790.85,51790,30,51797.75,30,15,2272665
BANKNIFTY-I.NFO,03/01/2025,09:27:14,51790.85,51790,30,51795.3,30,0,2272665
BANKNIFTY-I.NFO,03/01/2025,09:27:15,51791.6,51777.9,75,51788.1,15,90,2272665
BANKNIFTY-I.NFO,03/01/2025,09:27:17,51791.6,51782.6,120,51788.1,30,0,2272665
BANKNIFTY-I.NFO,03/01/2025,09:27:19,51790,51790.85,30,51798.5,30,105,2272665
BANKNIFTY-I.NFO,03/01/2025,09:27:20,51799.1,51790.85,30,51800,30,15,2272665
BANKNIFTY-I.NFO,03/01/2025,09:27:22,51800,51791.15,75,51805.5,15,30,2272665
BANKNIFTY-I.NFO,03/01/2025,09:27:24,51792.5,51795.3,15,51808.05,15,165,2278380
BANKNIFTY-I.NFO,03/01/2025,09:27:25,51792.5,51794.15,75,51807.95,15,0,2278380
BANKNIFTY-I.NFO,03/01/2025,09:27:27,51803.85,51790.85,30,51794.15,45,15,2278380
BANKNIFTY-I.NFO,03/01/2025,09:27:29,51790.85,51790,375,51794.15,45,30,2278380
BANKNIFTY-I.NFO,03/01/2025,09:27:30,51790,51790,360,51794.15,15,30,2278380
BANKNIFTY-I.NFO,03/01/2025,09:27:32,51790,51790,375,51794.15,15,0,2278380
BANKNIFTY-I.NFO,03/01/2025,09:27:34,51800,51790,375,51790.85,15,30,2278380
BANKNIFTY-I.NFO,03/01/2025,09:27:35,51790.85,51791.05,120,51805.55,300,15,2278380
BANKNIFTY-I.NFO,03/01/2025,09:27:37,51790.85,51792.65,120,51807,30,0,2278380
BANKNIFTY-I.NFO,03/01/2025,09:27:39,51805.6,51792.75,75,51807,30,15,2278380
BANKNIFTY-I.NFO,03/01/2025,09:27:40,51793.5,51790.05,120,51793.3,15,15,2278380
BANKNIFTY-I.NFO,03/01/2025,09:27:42,51790.8,51794.5,15,51806,15,105,2278380
BANKNIFTY-I.NFO,03/01/2025,09:27:44,51804.75,51791.95,120,51806.55,315,15,2278380
BANKNIFTY-I.NFO,03/01/2025,09:27:45,51804.75,51790,390,51800.45,30,0,2278380
BANKNIFTY-I.NFO,03/01/2025,09:27:47,51797.65,51790,375,51796.35,30,30,2278380
BANKNIFTY-I.NFO,03/01/2025,09:27:49,51790,51782,15,51791.6,30,375,2278380
BANKNIFTY-I.NFO,03/01/2025,09:27:50,51790,51782,15,51792.5,15,0,2278380
BANKNIFTY-I.NFO,03/01/2025,09:27:52,51780.25,51782.95,120,51790,15,945,2278380
BANKNIFTY-I.NFO,03/01/2025,09:27:54,51795.5,51782.6,75,51796.6,15,150,2278380
BANKNIFTY-I.NFO,03/01/2025,09:27:55,51795.5,51780.1,60,51793.05,15,0,2278380
BANKNIFTY-I.NFO,03/01/2025,09:27:57,51791.75,51780.1,60,51785.8,45,15,2278380
BANKNIFTY-I.NFO,03/01/2025,09:27:59,51785.35,51780.1,60,51787.85,75,75,2278380
BANKNIFTY-I.NFO,03/01/2025,09:28:00,51785.35,51780.1,60,51789.8,15,0,2278380
BANKNIFTY-I.NFO,03/01/2025,09:28:02,51772,51772,75,51779.6,15,330,2278380
BANKNIFTY-I.NFO,03/01/2025,09:28:04,51772,51771,60,51773.95,30,90,2278380
BANKNIFTY-I.NFO,03/01/2025,09:28:05,51773.95,51771,60,51773.95,15,15,2278380
BANKNIFTY-I.NFO,03/01/2025,09:28:07,51771,51771,45,51771.95,15,30,2278380
BANKNIFTY-I.NFO,03/01/2025,09:28:09,51771,51771,15,51771.95,45,30,2278380
BANKNIFTY-I.NFO,03/01/2025,09:28:10,51771,51770,180,51771.9,30,195,2278380
BANKNIFTY-I.NFO,03/01/2025,09:28:12,51771,51770.05,30,51771,120,30,2278380
BANKNIFTY-I.NFO,03/01/2025,09:28:14,51771,51770,135,51771,45,330,2278380
BANKNIFTY-I.NFO,03/01/2025,09:28:15,51780.1,51772.6,120,51780.1,120,225,2278380
BANKNIFTY-I.NFO,03/01/2025,09:28:17,51773.9,51775.15,90,51786.95,15,195,2278380
BANKNIFTY-I.NFO,03/01/2025,09:28:19,51786.35,51774.75,75,51787,195,45,2278380
BANKNIFTY-I.NFO,03/01/2025,09:28:20,51780.75,51770.05,30,51780.6,75,45,2278380
BANKNIFTY-I.NFO,03/01/2025,09:28:22,51780,51771,15,51780.55,15,30,2278380
BANKNIFTY-I.NFO,03/01/2025,09:28:24,51774.75,51771,15,51778.3,75,75,2278380
BANKNIFTY-I.NFO,03/01/2025,09:28:25,51771,51770.05,45,51771,510,30,2278380
BANKNIFTY-I.NFO,03/01/2025,09:28:27,51771,51770.05,30,51771,435,135,2278380
BANKNIFTY-I.NFO,03/01/2025,09:28:29,51770.05,51770,210,51771,435,30,2278380
BANKNIFTY-I.NFO,03/01/2025,09:28:30,51762,51761,30,51766.65,15,675,2278380
BANKNIFTY-I.NFO,03/01/2025,09:28:30,51762,51761,30,51766.65,15,0,2278380
BANKNIFTY-I.NFO,03/01/2025,09:28:32,51761,51760.2,60,51771,420,45,2278380
BANKNIFTY-I.NFO,03/01/2025,09:28:32,51761,51760.2,60,51771,420,0,2278380
BANKNIFTY-I.NFO,03/01/2025,09:28:34,51770.05,51760.2,60,51770,75,30,2278380
BANKNIFTY-I.NFO,03/01/2025,09:28:35,51760.1,51761,15,51764.85,30,75,2278380
BANKNIFTY-I.NFO,03/01/2025,09:28:35,51760.1,51761,15,51764.85,30,0,2278380
BANKNIFTY-I.NFO,03/01/2025,09:28:37,51764.85,51764.8,15,51764.85,30,15,2278380
BANKNIFTY-I.NFO,03/01/2025,09:28:39,51771,51760.15,120,51771,375,120,2278380
BANKNIFTY-I.NFO,03/01/2025,09:28:40,51770,51762.8,120,51771,345,60,2278380
BANKNIFTY-I.NFO,03/01/2025,09:28:42,51770,51761.6,135,51764.85,15,0,2278380
BANKNIFTY-I.NFO,03/01/2025,09:28:44,51770,51764.85,195,51771,345,30,2278380
BANKNIFTY-I.NFO,03/01/2025,09:28:45,51764.85,51764.85,90,51771,225,315,2278380
BANKNIFTY-I.NFO,03/01/2025,09:28:47,51771,51767.35,15,51771,75,165,2278380
BANKNIFTY-I.NFO,03/01/2025,09:28:48,51771,51764.9,120,51771,45,60,2278380
BANKNIFTY-I.NFO,03/01/2025,09:28:50,51771,51771,105,51771.05,15,60,2278380
BANKNIFTY-I.NFO,03/01/2025,09:28:52,51771.05,51771.05,60,51772.35,15,60,2278380
BANKNIFTY-I.NFO,03/01/2025,09:28:53,51771.05,51771.05,30,51772.35,15,75,2278380
BANKNIFTY-I.NFO,03/01/2025,09:28:55,51771.05,51771.05,120,51775.15,15,90,2278380
BANKNIFTY-I.NFO,03/01/2025,09:28:57,51775.15,51771.05,75,51772.35,15,75,2278380
BANKNIFTY-I.NFO,03/01/2025,09:28:58,51771.05,51771.5,15,51772.35,15,45,2278380
BANKNIFTY-I.NFO,03/01/2025,09:29:00,51761.7,51758.1,30,51762.4,150,1050,2278380
BANKNIFTY-I.NFO,03/01/2025,09:29:00,51760,51758.1,30,51762.4,150,0,2278380
BANKNIFTY-I.NFO,03/01/2025,09:29:02,51749,51748,30,51753.4,45,1815,2278380
BANKNIFTY-I.NFO,03/01/2025,09:29:02,51749,51748,30,51753.4,45,0,2278380
BANKNIFTY-I.NFO,03/01/2025,09:29:03,51748,51745,30,51753.4,15,165,2278380
BANKNIFTY-I.NFO,03/01/2025,09:29:03,51748,51745,30,51753.4,15,0,2278380
BANKNIFTY-I.NFO,03/01/2025,09:29:05,51758.1,51753.4,15,51758.1,135,60,2278380
BANKNIFTY-I.NFO,03/01/2025,09:29:07,51750,51750,15,51758.05,30,240,2278380
BANKNIFTY-I.NFO,03/01/2025,09:29:08,51745.65,51747.25,30,51758.05,30,105,2278380
BANKNIFTY-I.NFO,03/01/2025,09:29:08,51745.65,51747.25,30,51758.05,30,0,2278380
BANKNIFTY-I.NFO,03/01/2025,09:29:10,51746.85,51746.35,15,51750,15,75,2278380
BANKNIFTY-I.NFO,03/01/2025,09:29:12,51750,51748.9,15,51761.95,30,210,2278380
BANKNIFTY-I.NFO,03/01/2025,09:29:13,51746.6,51746.2,15,51750,15,960,2278380
BANKNIFTY-I.NFO,03/01/2025,09:29:13,51741,51746.2,15,51750,15,0,2278380
BANKNIFTY-I.NFO,03/01/2025,09:29:15,51756.65,51747.25,15,51750,30,90,2278380
BANKNIFTY-I.NFO,03/01/2025,09:29:17,51747.5,51747.5,15,51756.65,15,105,2278380
BANKNIFTY-I.NFO,03/01/2025,09:29:18,51743.05,51746.6,15,51750,15,975,2278380
BANKNIFTY-I.NFO,03/01/2025,09:29:18,51739.75,51746.6,15,51750,15,0,2278380
BANKNIFTY-I.NFO,03/01/2025,09:29:20,51761.35,51750,15,51759.6,120,210,2278380
BANKNIFTY-I.NFO,03/01/2025,09:29:22,51750,51746.6,15,51756.65,30,15,2278380
BANKNIFTY-I.NFO,03/01/2025,09:29:23,51756.65,51748.5,60,51756.65,30,945,2278380
BANKNIFTY-I.NFO,03/01/2025,09:29:23,51736.85,51748.5,60,51756.65,30,0,2278380
BANKNIFTY-I.NFO,03/01/2025,09:29:25,51766.15,51753.65,75,51765,30,120,2278380
BANKNIFTY-I.NFO,03/01/2025,09:29:27,51765.8,51755.2,75,51765.8,15,30,2278380
BANKNIFTY-I.NFO,03/01/2025,09:29:28,51749.45,51749.1,15,51761,30,930,2278380
BANKNIFTY-I.NFO,03/01/2025,09:29:30,51748.15,51749.65,15,51759.65,30,30,2278380
BANKNIFTY-I.NFO,03/01/2025,09:29:32,51759.6,51750.45,75,51759.6,30,90,2278380
BANKNIFTY-I.NFO,03/01/2025,09:29:33,51752.6,51752.6,75,51759.6,15,75,2278380
BANKNIFTY-I.NFO,03/01/2025,09:29:35,51751.9,51750.65,75,51760.95,15,30,2278380
BANKNIFTY-I.NFO,03/01/2025,09:29:37,51760.95,51752.45,75,51761,15,45,2278380
BANKNIFTY-I.NFO,03/01/2025,09:29:38,51754.1,51745.75,15,51754.65,120,945,2278380
BANKNIFTY-I.NFO,03/01/2025,09:29:40,51754.1,51745.9,75,51756.45,150,0,2278380
BANKNIFTY-I.NFO,03/01/2025,09:29:42,51755.4,51745.75,15,51751.9,15,60,2278380
BANKNIFTY-I.NFO,03/01/2025,09:29:43,51745.5,51745,60,51751.85,15,165,2278380
BANKNIFTY-I.NFO,03/01/2025,09:29:45,51745,51745,30,51751.9,15,105,2278380
BANKNIFTY-I.NFO,03/01/2025,09:29:47,51745,51745,75,51751.9,15,45,2278380
BANKNIFTY-I.NFO,03/01/2025,09:29:48,51734.7,51733.4,75,51744.95,30,1965,2278380
BANKNIFTY-I.NFO,03/01/2025,09:29:48,51732.3,51733.4,75,51744.95,30,0,2278380
BANKNIFTY-I.NFO,03/01/2025,09:29:50,51730.3,51730.95,15,51744.6,15,195,2278380
BANKNIFTY-I.NFO,03/01/2025,09:29:50,51730.3,51730.95,15,51744.6,15,0,2278380
BANKNIFTY-I.NFO,03/01/2025,09:29:52,51740,51731.85,15,51740,3570,30,2278380
BANKNIFTY-I.NFO,03/01/2025,09:29:53,51740,51731.9,15,51739.8,15,75,2278380
BANKNIFTY-I.NFO,03/01/2025,09:29:55,51740,51731.85,15,51740,3285,420,2278380
BANKNIFTY-I.NFO,03/01/2025,09:29:57,51740,51736.8,30,51739.95,30,135,2278380
BANKNIFTY-I.NFO,03/01/2025,09:29:58,51740,51736.8,30,51740,3060,180,2278380
BANKNIFTY-I.NFO,03/01/2025,09:30:00,51739.95,51730.1,15,51732.9,15,1185,2278380
BANKNIFTY-I.NFO,03/01/2025,09:30:00,51728.6,51730.1,15,51732.9,15,0,2278380
BANKNIFTY-I.NFO,03/01/2025,09:30:02,51727.65,51720.45,15,51727.65,285,1065,2278380
BANKNIFTY-I.NFO,03/01/2025,09:30:02,51720,51720.45,15,51727.65,285,0,2278380
BANKNIFTY-I.NFO,03/01/2025,09:30:03,51722.25,51726,15,51736.8,300,1530,2278380
BANKNIFTY-I.NFO,03/01/2025,09:30:05,51722.8,51722.9,15,51736.75,15,675,2278380
BANKNIFTY-I.NFO,03/01/2025,09:30:07,51724.55,51725.3,15,51734.95,15,1035,2278380
BANKNIFTY-I.NFO,03/01/2025,09:30:08,51734.95,51727.35,15,51736.8,300,465,2278380
BANKNIFTY-I.NFO,03/01/2025,09:30:10,51736.8,51736.75,15,51736.8,285,195,2278380
BANKNIFTY-I.NFO,03/01/2025,09:30:12,51734.95,51735,30,51736.75,15,345,2278380
BANKNIFTY-I.NFO,03/01/2025,09:30:13,51734.5,51726.85,75,51738.35,15,225,2278380
BANKNIFTY-I.NFO,03/01/2025,09:30:15,51734.95,51730,15,51734.15,120,105,2278380
BANKNIFTY-I.NFO,03/01/2025,09:30:17,51730,51725,30,51733.55,120,30,2278380
BANKNIFTY-I.NFO,03/01/2025,09:30:18,51733.55,51730,15,51735,180,180,2278380
BANKNIFTY-I.NFO,03/01/2025,09:30:20,51728.55,51728.25,15,51735,60,420,2278380
BANKNIFTY-I.NFO,03/01/2025,09:30:22,51734,51728.4,15,51735,60,135,2278380
BANKNIFTY-I.NFO,03/01/2025,09:30:23,51730.5,51730.5,75,51739.65,120,225,2278380
BANKNIFTY-I.NFO,03/01/2025,09:30:25,51734.15,51734.15,15,51740,270,120,2275485
BANKNIFTY-I.NFO,03/01/2025,09:30:27,51740,51734.5,15,51740,210,90,2275485
BANKNIFTY-I.NFO,03/01/2025,09:30:28,51759,51750.85,60,51759,75,375,2275485
BANKNIFTY-I.NFO,03/01/2025,09:30:30,51750.85,51750.85,60,51759,30,60,2275485
BANKNIFTY-I.NFO,03/01/2025,09:30:32,51759.85,51749.55,75,51759.85,120,270,2275485
BANKNIFTY-I.NFO,03/01/2025,09:30:33,51759.85,51747.9,75,51755.8,75,165,2275485
BANKNIFTY-I.NFO,03/01/2025,09:30:35,51749.55,51747.9,570,51753.45,60,165,2275485
BANKNIFTY-I.NFO,03/01/2025,09:30:37,51743.4,51743.4,570,51749.6,60,15,2275485
BANKNIFTY-I.NFO,03/01/2025,09:30:38,51753.85,51740,30,51743.4,75,225,2275485
BANKNIFTY-I.NFO,03/01/2025,09:30:40,51742.05,51740,60,51743.4,75,45,2275485
BANKNIFTY-I.NFO,03/01/2025,09:30:42,51742.05,51740,45,51742.05,15,45,2275485
BANKNIFTY-I.NFO,03/01/2025,09:30:43,51742.05,51740,45,51743.4,60,120,2275485
BANKNIFTY-I.NFO,03/01/2025,09:30:45,51740.3,51742.1,75,51752.2,105,390,2275485
BANKNIFTY-I.NFO,03/01/2025,09:30:47,51740,51740,435,51752.25,45,300,2275485
BANKNIFTY-I.NFO,03/01/2025,09:30:48,51744.1,51732.35,15,51744.2,120,3945,2275485
BANKNIFTY-I.NFO,03/01/2025,09:30:50,51740,51735.25,15,51740,870,90,2275485
BANKNIFTY-I.NFO,03/01/2025,09:30:52,51740,51735.25,15,51739.95,15,30,2275485
BANKNIFTY-I.NFO,03/01/2025,09:30:53,51755.2,51744.6,15,51754.7,120,945,2275485
BANKNIFTY-I.NFO,03/01/2025,09:30:55,51740.05,51740.05,75,51748.8,120,75,2275485
BANKNIFTY-I.NFO,03/01/2025,09:30:57,51754.9,51740.05,75,51753.95,75,105,2275485
BANKNIFTY-I.NFO,03/01/2025,09:30:58,51740,51743.4,75,51757.7,60,930,2275485
BANKNIFTY-I.NFO,03/01/2025,09:31:00,51740,51750,300,51752.1,15,0,2275485
BANKNIFTY-I.NFO,03/01/2025,09:31:02,51750,51750,270,51752.1,15,30,2275485
BANKNIFTY-I.NFO,03/01/2025,09:31:03,51754.65,51750,255,51756.95,60,75,2275485
BANKNIFTY-I.NFO,03/01/2025,09:31:05,51750,51750,225,51755.55,105,180,2275485
BANKNIFTY-I.NFO,03/01/2025,09:31:07,51750,51742,75,51752.1,45,525,2275485
BANKNIFTY-I.NFO,03/01/2025,09:31:08,51753.2,51750,150,51753.2,30,75,2275485
BANKNIFTY-I.NFO,03/01/2025,09:31:10,51752.1,51750,150,51757.6,180,15,2275485
BANKNIFTY-I.NFO,03/01/2025,09:31:12,51760,51750,120,51760,15,45,2275485
BANKNIFTY-I.NFO,03/01/2025,09:31:13,51760,51750.15,75,51760,15,15,2275485
BANKNIFTY-I.NFO,03/01/2025,09:31:15,51751.2,51751.2,75,51759.75,30,30,2275485
BANKNIFTY-I.NFO,03/01/2025,09:31:17,51762.65,51753.15,120,51762.65,15,75,2275485
BANKNIFTY-I.NFO,03/01/2025,09:31:18,51772.25,51760.05,30,51768.25,30,120,2275485
BANKNIFTY-I.NFO,03/01/2025,09:31:20,51767.25,51760.05,30,51765.15,30,15,2275485
BANKNIFTY-I.NFO,03/01/2025,09:31:22,51744.05,51753.15,75,51763.65,30,930,2275485
BANKNIFTY-I.NFO,03/01/2025,09:31:23,51763.35,51747.85,75,51760.9,30,30,2275485
BANKNIFTY-I.NFO,03/01/2025,09:31:25,51749.95,51752.1,30,51760.9,30,105,2275485
BANKNIFTY-I.NFO,03/01/2025,09:31:27,51757.65,51752.1,15,51759.3,30,540,2275485
BANKNIFTY-I.NFO,03/01/2025,09:31:28,51752.1,51744.05,75,51756.4,30,30,2275485
BANKNIFTY-I.NFO,03/01/2025,09:31:30,51756.4,51744.15,120,51756.4,30,15,2275485
BANKNIFTY-I.NFO,03/01/2025,09:31:32,51756.4,51749.95,15,51756.4,30,0,2275485
BANKNIFTY-I.NFO,03/01/2025,09:31:33,51756.75,51756.7,75,51767,150,90,2275485
BANKNIFTY-I.NFO,03/01/2025,09:31:35,51766.95,51756.4,120,51766.95,30,15,2275485
BANKNIFTY-I.NFO,03/01/2025,09:31:37,51756.4,51749.95,15,51755.9,150,210,2275485
BANKNIFTY-I.NFO,03/01/2025,09:31:38,51757.35,51755,30,51755.9,45,90,2275485
BANKNIFTY-I.NFO,03/01/2025,09:31:40,51757.35,51755.05,30,51755.9,45,0,2275485
BANKNIFTY-I.NFO,03/01/2025,09:31:42,51762.7,51755.05,30,51761.1,90,90,2275485
BANKNIFTY-I.NFO,03/01/2025,09:31:43,51762.7,51755.05,30,51764.35,90,0,2275485
BANKNIFTY-I.NFO,03/01/2025,09:31:45,51764.85,51755.75,75,51764.4,15,15,2275485
BANKNIFTY-I.NFO,03/01/2025,09:31:47,51764.85,51755.75,75,51764.4,60,0,2275485
BANKNIFTY-I.NFO,03/01/2025,09:31:48,51764.4,51755.75,75,51764.4,60,30,2275485
BANKNIFTY-I.NFO,03/01/2025,09:31:50,51764.4,51755.05,30,51764.4,45,15,2275485
BANKNIFTY-I.NFO,03/01/2025,09:31:52,51764.4,51755.4,120,51764.4,90,45,2275485
BANKNIFTY-I.NFO,03/01/2025,09:31:53,51764.4,51755.15,75,51764.4,90,15,2275485
BANKNIFTY-I.NFO,03/01/2025,09:31:55,51764.4,51764,90,51764.4,30,60,2275485
BANKNIFTY-I.NFO,03/01/2025,09:31:57,51764,51755.15,75,51764.4,15,90,2275485
BANKNIFTY-I.NFO,03/01/2025,09:31:58,51760,51755.05,30,51760,180,45,2275485
BANKNIFTY-I.NFO,03/01/2025,09:32:00,51760,51755.05,30,51760,165,90,2275485
BANKNIFTY-I.NFO,03/01/2025,09:32:02,51755,51755.05,30,51760,75,165,2275485
BANKNIFTY-I.NFO,03/01/2025,09:32:03,51759.95,51751.35,15,51755.05,15,60,2275485
BANKNIFTY-I.NFO,03/01/2025,09:32:05,51754.45,51754.45,75,51766,45,180,2275485
BANKNIFTY-I.NFO,03/01/2025,09:32:07,51754.45,51764.4,15,51764.95,15,15,2275485
BANKNIFTY-I.NFO,03/01/2025,09:32:08,51764.4,51755.2,75,51764.25,30,30,2275485
BANKNIFTY-I.NFO,03/01/2025,09:32:10,51764.25,51764.5,75,51770,105,30,2275485
BANKNIFTY-I.NFO,03/01/2025,09:32:12,51770,51764.5,60,51770,30,120,2275485
BANKNIFTY-I.NFO,03/01/2025,09:32:13,51773,51770,150,51773,45,150,2275485
BANKNIFTY-I.NFO,03/01/2025,09:32:15,51773,51770.05,30,51775,15,60,2275485
BANKNIFTY-I.NFO,03/01/2025,09:32:17,51783.3,51774.2,75,51788.25,15,195,2275485
BANKNIFTY-I.NFO,03/01/2025,09:32:18,51784.3,51774.2,15,51780.75,30,45,2275485
BANKNIFTY-I.NFO,03/01/2025,09:32:20,51774.2,51770.05,30,51774.45,60,30,2275485
BANKNIFTY-I.NFO,03/01/2025,09:32:22,51770.35,51764.5,60,51771.25,30,225,2275485
BANKNIFTY-I.NFO,03/01/2025,09:32:23,51778.8,51765.2,75,51776.25,15,270,2275485
BANKNIFTY-I.NFO,03/01/2025,09:32:25,51779.6,51771.65,75,51780.95,150,855,2275485
BANKNIFTY-I.NFO,03/01/2025,09:32:27,51783.1,51774.25,30,51781.8,150,195,2275485
BANKNIFTY-I.NFO,03/01/2025,09:32:28,51779.35,51775.8,75,51784.45,150,15,2275485
BANKNIFTY-I.NFO,03/01/2025,09:32:30,51780,51775,60,51783.4,75,135,2275485
BANKNIFTY-I.NFO,03/01/2025,09:32:32,51779.6,51778.45,105,51779.6,75,45,2275485
BANKNIFTY-I.NFO,03/01/2025,09:32:33,51779.5,51775,45,51779.6,60,240,2275485
BANKNIFTY-I.NFO,03/01/2025,09:32:35,51775.25,51771,15,51775.8,45,315,2275485
BANKNIFTY-I.NFO,03/01/2025,09:32:37,51775.8,51771.05,30,51777.3,30,330,2275485
BANKNIFTY-I.NFO,03/01/2025,09:32:38,51775.8,51775,15,51777.3,30,0,2275485
BANKNIFTY-I.NFO,03/01/2025,09:32:40,51775,51771.05,30,51775.9,120,15,2275485
BANKNIFTY-I.NFO,03/01/2025,09:32:41,51774.35,51765.3,75,51775.8,30,1530,2275485
BANKNIFTY-I.NFO,03/01/2025,09:32:43,51772.45,51765,15,51772.7,150,120,2275485
BANKNIFTY-I.NFO,03/01/2025,09:32:45,51771.9,51765,15,51772.7,30,150,2275485
BANKNIFTY-I.NFO,03/01/2025,09:32:46,51772.7,51765,15,51772.65,15,30,2275485
BANKNIFTY-I.NFO,03/01/2025,09:32:48,51765,51755.25,15,51765,90,255,2275485
BANKNIFTY-I.NFO,03/01/2025,09:32:50,51765,51755,150,51761.9,150,0,2275485
BANKNIFTY-I.NFO,03/01/2025,09:32:51,51755,51751.6,15,51756.05,45,150,2275485
BANKNIFTY-I.NFO,03/01/2025,09:32:53,51751.6,51750,390,51752.95,15,60,2275485
BANKNIFTY-I.NFO,03/01/2025,09:32:55,51741.35,51740.25,15,51748.8,15,405,2275485
BANKNIFTY-I.NFO,03/01/2025,09:32:56,51735,51735,105,51736.7,15,240,2275485
BANKNIFTY-I.NFO,03/01/2025,09:32:58,51724,51721.6,15,51730.7,15,360,2275485
BANKNIFTY-I.NFO,03/01/2025,09:33:00,51728.85,51721.6,15,51729.95,15,15,2275485
BANKNIFTY-I.NFO,03/01/2025,09:33:01,51720,51720,465,51729.85,15,240,2275485
BANKNIFTY-I.NFO,03/01/2025,09:33:03,51720,51720,180,51729.8,15,300,2275485
BANKNIFTY-I.NFO,03/01/2025,09:33:05,51729.8,51721.5,150,51729.8,75,15,2275485
BANKNIFTY-I.NFO,03/01/2025,09:33:07,51718.5,51715.2,120,51718.5,180,930,2275485
BANKNIFTY-I.NFO,03/01/2025,09:33:07,51715.2,51715.2,120,51718.5,180,0,2275485
BANKNIFTY-I.NFO,03/01/2025,09:33:08,51718.75,51711,75,51718.45,15,705,2275485
BANKNIFTY-I.NFO,03/01/2025,09:33:08,51711,51711,75,51718.45,15,0,2275485
BANKNIFTY-I.NFO,03/01/2025,09:33:10,51711,51711,30,51717.4,30,60,2275485
BANKNIFTY-I.NFO,03/01/2025,09:33:12,51711,51710.1,30,51711,150,75,2275485
BANKNIFTY-I.NFO,03/01/2025,09:33:13,51710.1,51710.05,60,51710.1,165,45,2275485
BANKNIFTY-I.NFO,03/01/2025,09:33:13,51710.1,51710.05,60,51710.1,165,0,2275485
BANKNIFTY-I.NFO,03/01/2025,09:33:15,51710,51710,120,51710.05,150,150,2275485
BANKNIFTY-I.NFO,03/01/2025,09:33:15,51710,51710,120,51710.05,150,0,2275485
BANKNIFTY-I.NFO,03/01/2025,09:33:17,51708.8,51708.8,360,51710,45,360,2275485
BANKNIFTY-I.NFO,03/01/2025,09:33:17,51708.8,51708.8,360,51710,45,0,2275485
BANKNIFTY-I.NFO,03/01/2025,09:33:18,51710,51708.8,345,51710,165,30,2275485
BANKNIFTY-I.NFO,03/01/2025,09:33:20,51710,51708.8,255,51710,165,120,2275485
BANKNIFTY-I.NFO,03/01/2025,09:33:22,51708.8,51708.8,210,51710,180,60,2275485
BANKNIFTY-I.NFO,03/01/2025,09:33:23,51708.8,51707,300,51708.8,60,240,2275485
BANKNIFTY-I.NFO,03/01/2025,09:33:25,51707,51707,180,51708.8,240,165,2275485
BANKNIFTY-I.NFO,03/01/2025,09:33:25,51707,51707,180,51708.8,240,0,2275485
BANKNIFTY-I.NFO,03/01/2025,09:33:27,51704,51704,90,51708.8,240,765,2275155
BANKNIFTY-I.NFO,03/01/2025,09:33:27,51704,51704,90,51708.8,240,0,2275155
BANKNIFTY-I.NFO,03/01/2025,09:33:28,51708.75,51703,570,51707,15,675,2275155
BANKNIFTY-I.NFO,03/01/2025,09:33:28,51703,51703,570,51707,15,0,2275155
BANKNIFTY-I.NFO,03/01/2025,09:33:30,51703.4,51701,270,51703.45,15,960,2275155
BANKNIFTY-I.NFO,03/01/2025,09:33:30,51701,51701,270,51703.45,15,0,2275155
BANKNIFTY-I.NFO,03/01/2025,09:33:32,51700,51700,1350,51703.45,120,1215,2275155
BANKNIFTY-I.NFO,03/01/2025,09:33:32,51700,51700,1350,51703.45,120,0,2275155
BANKNIFTY-I.NFO,03/01/2025,09:33:33,51703.4,51703,15,51703.4,15,225,2275155
BANKNIFTY-I.NFO,03/01/2025,09:33:35,51710.05,51703,210,51710.1,150,390,2275155
BANKNIFTY-I.NFO,03/01/2025,09:33:37,51704.9,51708.75,15,51710.1,135,165,2275155
BANKNIFTY-I.NFO,03/01/2025,09:33:38,51703.45,51704,15,51708.75,300,60,2275155
BANKNIFTY-I.NFO,03/01/2025,09:33:40,51708.75,51704,15,51708.75,165,195,2275155
BANKNIFTY-I.NFO,03/01/2025,09:33:42,51708.75,51703.45,60,51708.75,105,210,2275155
BANKNIFTY-I.NFO,03/01/2025,09:33:43,51703.4,51703,90,51707,15,150,2275155
BANKNIFTY-I.NFO,03/01/2025,09:33:45,51707,51703.45,15,51707,105,45,2275155
BANKNIFTY-I.NFO,03/01/2025,09:33:47,51707,51705,60,51707,30,270,2275155
BANKNIFTY-I.NFO,03/01/2025,09:33:48,51707,51705,30,51708.7,15,90,2275155
BANKNIFTY-I.NFO,03/01/2025,09:33:50,51705,51705,15,51707,210,15,2275155
BANKNIFTY-I.NFO,03/01/2025,09:33:52,51703.45,51700.6,345,51707,195,75,2275155
BANKNIFTY-I.NFO,03/01/2025,09:33:53,51708.65,51707,270,51708.7,15,435,2275155
BANKNIFTY-I.NFO,03/01/2025,09:33:55,51708.65,51708.65,15,51708.7,45,360,2275155
BANKNIFTY-I.NFO,03/01/2025,09:33:57,51707,51707,30,51708.65,30,105,2275155
BANKNIFTY-I.NFO,03/01/2025,09:33:58,51707,51704,15,51707,855,135,2275155
BANKNIFTY-I.NFO,03/01/2025,09:34:00,51704.8,51702,90,51706.75,15,150,2275155
BANKNIFTY-I.NFO,03/01/2025,09:34:02,51706.75,51702,90,51706.4,15,45,2275155
BANKNIFTY-I.NFO,03/01/2025,09:34:03,51704.8,51702,75,51706.4,30,120,2275155
BANKNIFTY-I.NFO,03/01/2025,09:34:05,51704.8,51702,60,51706.4,60,90,2275155
BANKNIFTY-I.NFO,03/01/2025,09:34:07,51702,51700.2,15,51702,60,120,2275155
BANKNIFTY-I.NFO,03/01/2025,09:34:08,51695,51695,15,51695.4,15,1380,2275155
BANKNIFTY-I.NFO,03/01/2025,09:34:08,51695,51695,15,51695.4,15,0,2275155
BANKNIFTY-I.NFO,03/01/2025,09:34:10,51695.35,51690,60,51695.35,45,195,2275155
BANKNIFTY-I.NFO,03/01/2025,09:34:12,51690,51688.05,195,51695,15,90,2275155
BANKNIFTY-I.NFO,03/01/2025,09:34:12,51690,51688.05,195,51695,15,0,2275155
BANKNIFTY-I.NFO,03/01/2025,09:34:13,51691.35,51687.55,15,51689.85,60,60,2275155
BANKNIFTY-I.NFO,03/01/2025,09:34:15,51685,51685,765,51689.8,30,75,2275155
BANKNIFTY-I.NFO,03/01/2025,09:34:15,51685,51685,765,51689.8,30,0,2275155
BANKNIFTY-I.NFO,03/01/2025,09:34:17,51689.8,51685,690,51689.8,45,150,2275155
BANKNIFTY-I.NFO,03/01/2025,09:34:18,51689.8,51684.1,45,51692.55,15,900,2275155
BANKNIFTY-I.NFO,03/01/2025,09:34:18,51683.9,51684.1,45,51692.55,15,0,2275155
BANKNIFTY-I.NFO,03/01/2025,09:34:20,51692.55,51689.85,30,51692.55,15,30,2275155
BANKNIFTY-I.NFO,03/01/2025,09:34:22,51685.2,51689.8,15,51692,30,165,2275155
BANKNIFTY-I.NFO,03/01/2025,09:34:23,51692.5,51690.95,30,51699,15,165,2275155
BANKNIFTY-I.NFO,03/01/2025,09:34:25,51690,51684.6,45,51697.45,15,525,2275155
BANKNIFTY-I.NFO,03/01/2025,09:34:26,51689.85,51683.95,30,51689.85,60,60,2275155
BANKNIFTY-I.NFO,03/01/2025,09:34:28,51686,51682.35,45,51689.85,60,120,2275155
BANKNIFTY-I.NFO,03/01/2025,09:34:30,51698.15,51683.5,75,51695.75,30,240,2275155
BANKNIFTY-I.NFO,03/01/2025,09:34:30,51683,51683.5,75,51695.75,30,0,2275155
BANKNIFTY-I.NFO,03/01/2025,09:34:31,51689.85,51689.85,30,51698.4,45,15,2275155
BANKNIFTY-I.NFO,03/01/2025,09:34:33,51690,51690,45,51696.25,15,90,2275155
BANKNIFTY-I.NFO,03/01/2025,09:34:35,51695.8,51690,45,51695.25,15,15,2275155
BANKNIFTY-I.NFO,03/01/2025,09:34:36,51695.8,51690.05,30,51695,30,0,2275155
BANKNIFTY-I.NFO,03/01/2025,09:34:38,51690.05,51690,75,51695,45,15,2275155
BANKNIFTY-I.NFO,03/01/2025,09:34:40,51695,51690,60,51695,60,30,2275155
BANKNIFTY-I.NFO,03/01/2025,09:34:41,51695,51689.85,90,51695,15,105,2275155
BANKNIFTY-I.NFO,03/01/2025,09:34:43,51695,51695,30,51695.8,60,180,2275155
BANKNIFTY-I.NFO,03/01/2025,09:34:45,51695,51695.05,15,51695.75,90,0,2275155
BANKNIFTY-I.NFO,03/01/2025,09:34:46,51695.75,51695.25,15,51695.7,30,30,2275155
BANKNIFTY-I.NFO,03/01/2025,09:34:48,51690.05,51690,30,51695.8,60,165,2275155
BANKNIFTY-I.NFO,03/01/2025,09:34:50,51689.85,51695,150,51695.8,45,75,2275155
BANKNIFTY-I.NFO,03/01/2025,09:34:51,51695.8,51695.8,75,51700,45,135,2275155
BANKNIFTY-I.NFO,03/01/2025,09:34:53,51695.8,51696.6,15,51700,45,0,2275155
BANKNIFTY-I.NFO,03/01/2025,09:34:55,51700.9,51700,15,51708.75,15,105,2275155
BANKNIFTY-I.NFO,03/01/2025,09:34:56,51699.35,51699.3,15,51709,15,60,2275155
BANKNIFTY-I.NFO,03/01/2025,09:34:58,51709.2,51700,30,51703.3,120,45,2275155
BANKNIFTY-I.NFO,03/01/2025,09:35:00,51695,51690.05,30,51696.4,15,360,2275155
BANKNIFTY-I.NFO,03/01/2025,09:35:01,51696.35,51690,255,51697,135,810,2275155
BANKNIFTY-I.NFO,03/01/2025,09:35:03,51693.2,51685.9,30,51693.2,30,900,2275155
BANKNIFTY-I.NFO,03/01/2025,09:35:05,51687.95,51697.65,135,51700,405,105,2275155
BANKNIFTY-I.NFO,03/01/2025,09:35:06,51697.65,51697.7,15,51702.85,30,465,2275155
BANKNIFTY-I.NFO,03/01/2025,09:35:08,51697.65,51697.75,15,51702.85,30,30,2275155
BANKNIFTY-I.NFO,03/01/2025,09:35:10,51697.65,51697,150,51697.65,30,270,2275155
BANKNIFTY-I.NFO,03/01/2025,09:35:12,51697,51698.2,15,51707.3,15,15,2275155
BANKNIFTY-I.NFO,03/01/2025,09:35:13,51697,51700.8,15,51707.3,15,0,2275155
BANKNIFTY-I.NFO,03/01/2025,09:35:15,51720,51708.15,15,51720,30,180,2275155
BANKNIFTY-I.NFO,03/01/2025,09:35:17,51719.6,51706.45,15,51720,30,15,2275155
BANKNIFTY-I.NFO,03/01/2025,09:35:18,51719.6,51710,90,51712.35,30,0,2275155
BANKNIFTY-I.NFO,03/01/2025,09:35:20,51709.2,51697.65,60,51709.2,15,180,2275155
BANKNIFTY-I.NFO,03/01/2025,09:35:22,51709.2,51697.65,60,51709.2,15,0,2275155
BANKNIFTY-I.NFO,03/01/2025,09:35:23,51709.2,51700.75,15,51709.2,15,30,2275155
BANKNIFTY-I.NFO,03/01/2025,09:35:25,51697.55,51697,135,51697.55,165,255,2275155
BANKNIFTY-I.NFO,03/01/2025,09:35:27,51697.55,51697,120,51697.55,45,165,2275155
BANKNIFTY-I.NFO,03/01/2025,09:35:28,51704.35,51697.55,15,51700.3,90,180,2275155
BANKNIFTY-I.NFO,03/01/2025,09:35:30,51697.2,51691,15,51696.95,60,120,2275155
BANKNIFTY-I.NFO,03/01/2025,09:35:32,51701.45,51691,15,51700.95,90,60,2275155
BANKNIFTY-I.NFO,03/01/2025,09:35:33,51691,51697,15,51697.55,15,30,2275155
BANKNIFTY-I.NFO,03/01/2025,09:35:35,51697,51690,90,51702.35,150,30,2275155
BANKNIFTY-I.NFO,03/01/2025,09:35:37,51702.25,51686.85,15,51701.55,15,765,2275155
BANKNIFTY-I.NFO,03/01/2025,09:35:38,51699.65,51686.8,15,51699.6,120,75,2275155
BANKNIFTY-I.NFO,03/01/2025,09:35:40,51686.75,51685.2,30,51694.95,60,60,2275155
BANKNIFTY-I.NFO,03/01/2025,09:35:42,51694.9,51685.2,30,51696.1,60,90,2275155
BANKNIFTY-I.NFO,03/01/2025,09:35:43,51685.2,51685.2,15,51690.2,60,45,2275155
BANKNIFTY-I.NFO,03/01/2025,09:35:45,51685,51685,270,51696.85,75,150,2275155
BANKNIFTY-I.NFO,03/01/2025,09:35:47,51686,51686,135,51696.85,60,75,2275155
BANKNIFTY-I.NFO,03/01/2025,09:35:48,51695.3,51685,300,51690,15,255,2275155
BANKNIFTY-I.NFO,03/01/2025,09:35:50,51680,51680,2385,51692.6,60,1020,2275155
BANKNIFTY-I.NFO,03/01/2025,09:35:50,51680,51680,2385,51692.6,60,0,2275155
BANKNIFTY-I.NFO,03/01/2025,09:35:52,51688,51680,2400,51688.65,30,30,2275155
BANKNIFTY-I.NFO,03/01/2025,09:35:53,51688.65,51680.05,30,51688.65,15,75,2275155
BANKNIFTY-I.NFO,03/01/2025,09:35:55,51680.05,51680,2355,51688.65,180,15,2275155
BANKNIFTY-I.NFO,03/01/2025,09:35:57,51684.35,51680,435,51682.65,30,1965,2275155
BANKNIFTY-I.NFO,03/01/2025,09:35:58,51682.2,51680,420,51682.2,30,240,2275155
BANKNIFTY-I.NFO,03/01/2025,09:36:00,51680,51679.8,15,51688.65,225,1170,2275155
BANKNIFTY-I.NFO,03/01/2025,09:36:02,51682.2,51680.25,45,51688.65,225,30,2275155
BANKNIFTY-I.NFO,03/01/2025,09:36:02,51679.8,51680.25,45,51688.65,225,0,2275155
BANKNIFTY-I.NFO,03/01/2025,09:36:03,51686.55,51686.85,45,51696.85,30,270,2275155
BANKNIFTY-I.NFO,03/01/2025,09:36:05,51687,51681.6,30,51690,30,495,2275155
BANKNIFTY-I.NFO,03/01/2025,09:36:07,51696.85,51696.85,135,51700,195,45,2275155
BANKNIFTY-I.NFO,03/01/2025,09:36:08,51696.85,51687.65,15,51700,270,150,2275155
BANKNIFTY-I.NFO,03/01/2025,09:36:10,51700,51682,75,51693.35,15,60,2275155
BANKNIFTY-I.NFO,03/01/2025,09:36:12,51693.35,51682.25,30,51693.35,60,45,2275155
BANKNIFTY-I.NFO,03/01/2025,09:36:13,51693.35,51690.05,30,51693.35,30,45,2275155
BANKNIFTY-I.NFO,03/01/2025,09:36:15,51693.35,51690.05,30,51693.35,30,0,2275155
BANKNIFTY-I.NFO,03/01/2025,09:36:17,51695,51690.1,15,51693.3,15,105,2275155
BANKNIFTY-I.NFO,03/01/2025,09:36:18,51700,51693,60,51700,120,120,2275155
BANKNIFTY-I.NFO,03/01/2025,09:36:20,51693.3,51693,60,51700,90,45,2275155
BANKNIFTY-I.NFO,03/01/2025,09:36:22,51700,51693.05,15,51700,30,75,2275155
BANKNIFTY-I.NFO,03/01/2025,09:36:23,51714.05,51700.45,75,51711.35,120,45,2275155
BANKNIFTY-I.NFO,03/01/2025,09:36:25,51709.75,51697.65,75,51709.25,120,15,2275155
BANKNIFTY-I.NFO,03/01/2025,09:36:27,51709.75,51700.7,75,51713.95,135,0,2275155
BANKNIFTY-I.NFO,03/01/2025,09:36:28,51700.7,51700,15,51710.15,135,45,2277960
BANKNIFTY-I.NFO,03/01/2025,09:36:30,51713.55,51709.75,30,51713.55,135,45,2277960
BANKNIFTY-I.NFO,03/01/2025,09:36:32,51713.5,51709.8,15,51713.1,120,60,2277960
BANKNIFTY-I.NFO,03/01/2025,09:36:33,51711.2,51700,30,51709.45,120,60,2277960
BANKNIFTY-I.NFO,03/01/2025,09:36:35,51700,51693.3,30,51701.7,15,180,2277960
BANKNIFTY-I.NFO,03/01/2025,09:36:37,51703.85,51693,60,51701.7,15,75,2277960
BANKNIFTY-I.NFO,03/01/2025,09:36:38,51705.45,51701.5,15,51701.7,60,45,2277960
BANKNIFTY-I.NFO,03/01/2025,09:36:40,51693,51693.05,15,51701.7,60,195,2277960
BANKNIFTY-I.NFO,03/01/2025,09:36:41,51701.65,51700,15,51702.6,60,60,2277960
BANKNIFTY-I.NFO,03/01/2025,09:36:43,51693.3,51693,45,51701.1,30,75,2277960
BANKNIFTY-I.NFO,03/01/2025,09:36:45,51700.9,51693.05,15,51699.65,30,45,2277960
BANKNIFTY-I.NFO,03/01/2025,09:36:46,51697.65,51693,180,51696.75,45,60,2277960
BANKNIFTY-I.NFO,03/01/2025,09:36:48,51697.65,51694,15,51696.75,30,0,2277960
BANKNIFTY-I.NFO,03/01/2025,09:36:50,51693,51693,120,51696.75,45,90,2277960
BANKNIFTY-I.NFO,03/01/2025,09:36:51,51696.75,51693,120,51696.75,30,15,2277960
BANKNIFTY-I.NFO,03/01/2025,09:36:53,51696.75,51695,75,51696.75,15,30,2277960
BANKNIFTY-I.NFO,03/01/2025,09:36:55,51696.75,51695,75,51704.5,60,15,2277960
BANKNIFTY-I.NFO,03/01/2025,09:36:56,51696.75,51696.75,30,51703.25,60,0,2277960
BANKNIFTY-I.NFO,03/01/2025,09:36:58,51696.75,51696.75,15,51703.25,30,15,2277960
BANKNIFTY-I.NFO,03/01/2025,09:37:01,51701.6,51696.75,15,51698.05,45,60,2277960
BANKNIFTY-I.NFO,03/01/2025,09:37:03,51695.55,51695,150,51696.75,30,75,2277960
BANKNIFTY-I.NFO,03/01/2025,09:37:04,51693,51693,45,51694.05,15,255,2277960
BANKNIFTY-I.NFO,03/01/2025,09:37:06,51689.45,51686,45,51690.2,30,630,2277960
BANKNIFTY-I.NFO,03/01/2025,09:37:08,51690.2,51686,30,51690.2,90,30,2277960
BANKNIFTY-I.NFO,03/01/2025,09:37:09,51690.2,51682.05,30,51690.2,30,120,2277960
BANKNIFTY-I.NFO,03/01/2025,09:37:11,51696.75,51690.5,120,51700,15,165,2277960
BANKNIFTY-I.NFO,03/01/2025,09:37:13,51700,51697.1,120,51705,15,15,2277960
BANKNIFTY-I.NFO,03/01/2025,09:37:14,51700,51700.05,120,51705,15,0,2277960
BANKNIFTY-I.NFO,03/01/2025,09:37:16,51704.95,51700.05,120,51704.95,30,15,2277960
BANKNIFTY-I.NFO,03/01/2025,09:37:18,51704.95,51700.05,120,51704.95,60,15,2277960
BANKNIFTY-I.NFO,03/01/2025,09:37:19,51705,51703.65,120,51710,30,60,2277960
BANKNIFTY-I.NFO,03/01/2025,09:37:21,51710,51700,270,51707.85,30,15,2277960
BANKNIFTY-I.NFO,03/01/2025,09:37:22,51704.25,51700,270,51704.85,15,75,2277960
BANKNIFTY-I.NFO,03/01/2025,09:37:24,51704.25,51700,270,51705,45,0,2277960
BANKNIFTY-I.NFO,03/01/2025,09:37:26,51700,51700,240,51703.2,60,30,2277960
BANKNIFTY-I.NFO,03/01/2025,09:37:28,51703.65,51700,225,51703.65,60,90,2277960
BANKNIFTY-I.NFO,03/01/2025,09:37:29,51696.75,51687,15,51696.85,60,285,2277960
BANKNIFTY-I.NFO,03/01/2025,09:37:31,51696.6,51686.15,75,51696.85,90,45,2277960
BANKNIFTY-I.NFO,03/01/2025,09:37:32,51696.85,51686.85,120,51696.85,45,45,2277960
BANKNIFTY-I.NFO,03/01/2025,09:37:34,51696.85,51690,15,51696.65,60,0,2277960
BANKNIFTY-I.NFO,03/01/2025,09:37:36,51695.45,51695.45,30,51696.6,45,75,2277960
BANKNIFTY-I.NFO,03/01/2025,09:37:37,51695.45,51691,90,51695.5,75,30,2277960
BANKNIFTY-I.NFO,03/01/2025,09:37:39,51691,51691,75,51694.6,30,60,2277960
BANKNIFTY-I.NFO,03/01/2025,09:37:41,51691.5,51688,15,51691.5,15,120,2277960
BANKNIFTY-I.NFO,03/01/2025,09:37:42,51691.5,51686,15,51691.5,60,75,2277960
BANKNIFTY-I.NFO,03/01/2025,09:37:44,51691.5,51686,15,51691.5,75,0,2277960
BANKNIFTY-I.NFO,03/01/2025,09:37:46,51686.05,51686,15,51691.45,60,45,2277960
BANKNIFTY-I.NFO,03/01/2025,09:37:47,51691.4,51686,15,51691.4,30,15,2277960
BANKNIFTY-I.NFO,03/01/2025,09:37:49,51696.2,51689.85,15,51698.85,105,180,2277960
BANKNIFTY-I.NFO,03/01/2025,09:37:51,51696.2,51691.45,105,51697.9,15,0,2277960
BANKNIFTY-I.NFO,03/01/2025,09:37:52,51696.2,51691.45,105,51697.9,45,0,2277960
BANKNIFTY-I.NFO,03/01/2025,09:37:54,51697.9,51697.9,855,51700,15,60,2277960
BANKNIFTY-I.NFO,03/01/2025,09:37:55,51697.9,51697.9,855,51700,30,0,2277960
BANKNIFTY-I.NFO,03/01/2025,09:37:57,51697.9,51697.9,840,51701.35,15,30,2277960
BANKNIFTY-I.NFO,03/01/2025,09:37:59,51702.4,51697.9,840,51706.4,15,300,2277960
BANKNIFTY-I.NFO,03/01/2025,09:38:00,51706.45,51700,15,51712.55,60,60,2277960
BANKNIFTY-I.NFO,03/01/2025,09:38:02,51700,51697.95,120,51711.6,60,180,2277960
BANKNIFTY-I.NFO,03/01/2025,09:38:04,51697.95,51697.9,825,51707.9,60,75,2277960
BANKNIFTY-I.NFO,03/01/2025,09:38:05,51697.9,51695,75,51697.9,60,825,2277960
BANKNIFTY-I.NFO,03/01/2025,09:38:07,51700.5,51691.45,15,51701.4,60,570,2277960
BANKNIFTY-I.NFO,03/01/2025,09:38:09,51690,51690,30,51701.6,30,105,2277960
BANKNIFTY-I.NFO,03/01/2025,09:38:10,51699.2,51690,30,51698.4,60,30,2277960
BANKNIFTY-I.NFO,03/01/2025,09:38:12,51691.45,51690,30,51698.4,30,30,2277960
BANKNIFTY-I.NFO,03/01/2025,09:38:13,51689.85,51686,15,51690.65,60,60,2277960
BANKNIFTY-I.NFO,03/01/2025,09:38:15,51690.45,51685,45,51690.65,15,30,2277960
BANKNIFTY-I.NFO,03/01/2025,09:38:17,51690,51685,45,51694.15,60,30,2277960
BANKNIFTY-I.NFO,03/01/2025,09:38:18,51685,51685,30,51695,75,45,2277960
BANKNIFTY-I.NFO,03/01/2025,09:38:20,51695,51690,105,51690.8,75,45,2277960
BANKNIFTY-I.NFO,03/01/2025,09:38:22,51685,51685,15,51690.75,60,120,2277960
BANKNIFTY-I.NFO,03/01/2025,09:38:23,51685,51685,15,51690,60,0,2277960
BANKNIFTY-I.NFO,03/01/2025,09:38:25,51685,51682.05,30,51689.95,15,15,2277960
BANKNIFTY-I.NFO,03/01/2025,09:38:27,51693.3,51683,120,51695,30,60,2277960
BANKNIFTY-I.NFO,03/01/2025,09:38:28,51693.3,51682.9,120,51695,60,0,2277960
BANKNIFTY-I.NFO,03/01/2025,09:38:30,51693.3,51684.35,15,51695,60,0,2277960
BANKNIFTY-I.NFO,03/01/2025,09:38:32,51685.05,51685,30,51692,15,105,2277960
BANKNIFTY-I.NFO,03/01/2025,09:38:33,51685,51686.45,120,51691.95,30,30,2277960
BANKNIFTY-I.NFO,03/01/2025,09:38:35,51693.3,51690.1,150,51700,105,60,2277960
BANKNIFTY-I.NFO,03/01/2025,09:38:37,51688.6,51685.95,120,51699.95,15,75,2277960
BANKNIFTY-I.NFO,03/01/2025,09:38:38,51688.6,51685,75,51693.25,30,0,2277960
BANKNIFTY-I.NFO,03/01/2025,09:38:40,51693.25,51693.25,15,51699.8,60,45,2277960
BANKNIFTY-I.NFO,03/01/2025,09:38:42,51685.7,51685,75,51695.75,90,30,2277960
BANKNIFTY-I.NFO,03/01/2025,09:38:43,51685,51685,15,51691.65,105,75,2277960
BANKNIFTY-I.NFO,03/01/2025,09:38:45,51693.25,51688.6,15,51693.65,60,15,2277960
BANKNIFTY-I.NFO,03/01/2025,09:38:47,51693.6,51688.6,15,51691,15,30,2277960
BANKNIFTY-I.NFO,03/01/2025,09:38:48,51688.6,51685.7,30,51690.95,30,15,2277960
BANKNIFTY-I.NFO,03/01/2025,09:38:50,51691,51685,15,51690.95,30,180,2277960
BANKNIFTY-I.NFO,03/01/2025,09:38:52,51690.95,51685,15,51690.95,30,30,2277960
BANKNIFTY-I.NFO,03/01/2025,09:38:53,51682.05,51682.05,30,51685,30,75,2277960
BANKNIFTY-I.NFO,03/01/2025,09:38:55,51685,51682.05,30,51684.95,30,30,2277960
BANKNIFTY-I.NFO,03/01/2025,09:38:57,51682.05,51682.05,30,51684.9,15,60,2277960
BANKNIFTY-I.NFO,03/01/2025,09:38:58,51681,51685,30,51690.25,15,180,2277960
BANKNIFTY-I.NFO,03/01/2025,09:39:00,51681,51685,30,51690,15,0,2277960
BANKNIFTY-I.NFO,03/01/2025,09:39:01,51692.05,51685,30,51691.15,60,150,2277960
BANKNIFTY-I.NFO,03/01/2025,09:39:03,51685.1,51685.1,75,51694.1,60,45,2277960
BANKNIFTY-I.NFO,03/01/2025,09:39:05,51685.1,51685.05,15,51694.1,15,0,2277960
BANKNIFTY-I.NFO,03/01/2025,09:39:06,51691.65,51685,30,51693.5,60,75,2277960
BANKNIFTY-I.NFO,03/01/2025,09:39:08,51691.65,51685,30,51690.65,30,0,2277960
BANKNIFTY-I.NFO,03/01/2025,09:39:10,51686,51685.05,30,51690.65,15,60,2277960
BANKNIFTY-I.NFO,03/01/2025,09:39:11,51685,51685.1,15,51695.9,30,90,2277960
BANKNIFTY-I.NFO,03/01/2025,09:39:13,51685,51687,15,51695.5,30,0,2277960
BANKNIFTY-I.NFO,03/01/2025,09:39:15,51685,51688.75,150,51695.1,30,0,2277960
BANKNIFTY-I.NFO,03/01/2025,09:39:16,51695.5,51690,30,51696.2,45,180,2277960
BANKNIFTY-I.NFO,03/01/2025,09:39:18,51689.55,51688.35,75,51700,120,105,2277960
BANKNIFTY-I.NFO,03/01/2025,09:39:20,51696.2,51690.1,120,51700,120,15,2277960
BANKNIFTY-I.NFO,03/01/2025,09:39:21,51693.7,51693.65,15,51700,90,105,2277960
BANKNIFTY-I.NFO,03/01/2025,09:39:23,51700.5,51695.8,120,51701,15,105,2277960
BANKNIFTY-I.NFO,03/01/2025,09:39:25,51697.65,51697.45,105,51710,15,60,2277960
BANKNIFTY-I.NFO,03/01/2025,09:39:26,51698.85,51697.7,90,51710,15,30,2281230
BANKNIFTY-I.NFO,03/01/2025,09:39:28,51710,51701.4,75,51711.6,30,15,2281230
BANKNIFTY-I.NFO,03/01/2025,09:39:30,51705,51699.5,75,51710.6,30,15,2281230
BANKNIFTY-I.NFO,03/01/2025,09:39:31,51703.1,51703.1,75,51713.2,75,90,2281230
BANKNIFTY-I.NFO,03/01/2025,09:39:33,51719,51709.25,75,51719.9,60,165,2281230
BANKNIFTY-I.NFO,03/01/2025,09:39:35,51722,51711.75,75,51722.45,105,180,2281230
BANKNIFTY-I.NFO,03/01/2025,09:39:36,51720,51720,450,51722.4,60,60,2281230
BANKNIFTY-I.NFO,03/01/2025,09:39:38,51723,51722,75,51725,90,270,2281230
BANKNIFTY-I.NFO,03/01/2025,09:39:40,51730.25,51720.05,75,51729.15,15,120,2281230
BANKNIFTY-I.NFO,03/01/2025,09:39:41,51736.45,51729.6,495,51737.05,15,285,2281230
BANKNIFTY-I.NFO,03/01/2025,09:39:43,51736.4,51729.65,30,51736.3,30,180,2281230
BANKNIFTY-I.NFO,03/01/2025,09:39:45,51735,51735,120,51735.5,60,180,2281230
BANKNIFTY-I.NFO,03/01/2025,09:39:46,51715.65,51715.65,15,51728.55,30,1050,2281230
BANKNIFTY-I.NFO,03/01/2025,09:39:48,51726.3,51714.4,75,51726.35,30,75,2281230
BANKNIFTY-I.NFO,03/01/2025,09:39:50,51715.65,51707.1,75,51716.75,105,120,2281230
BANKNIFTY-I.NFO,03/01/2025,09:39:51,51724.5,51712.15,75,51724.6,15,300,2281230
BANKNIFTY-I.NFO,03/01/2025,09:39:53,51721.6,51712.15,75,51721.1,45,30,2281230
BANKNIFTY-I.NFO,03/01/2025,09:39:55,51709.45,51705,15,51706.05,75,105,2281230
BANKNIFTY-I.NFO,03/01/2025,09:39:56,51703.5,51700,30,51703.7,30,120,2281230
BANKNIFTY-I.NFO,03/01/2025,09:39:58,51700,51697.2,15,51698.7,105,30,2281230
BANKNIFTY-I.NFO,03/01/2025,09:40:00,51698.7,51695.1,30,51698.7,15,120,2281230
BANKNIFTY-I.NFO,03/01/2025,09:40:01,51702.65,51698.7,15,51703.85,60,45,2281230
BANKNIFTY-I.NFO,03/01/2025,09:40:03,51706.05,51702.85,45,51706.05,45,90,2281230
BANKNIFTY-I.NFO,03/01/2025,09:40:05,51707.4,51707.4,60,51716.3,75,60,2281230
BANKNIFTY-I.NFO,03/01/2025,09:40:06,51710.45,51713.45,120,51725,15,135,2281230
BANKNIFTY-I.NFO,03/01/2025,09:40:08,51728,51714.15,75,51727.5,90,195,2281230
BANKNIFTY-I.NFO,03/01/2025,09:40:10,51728,51720.1,120,51728,45,0,2281230
BANKNIFTY-I.NFO,03/01/2025,09:40:11,51728,51721.05,120,51728,15,60,2281230
BANKNIFTY-I.NFO,03/01/2025,09:40:13,51735,51729,15,51740,45,75,2281230
BANKNIFTY-I.NFO,03/01/2025,09:40:15,51742,51739.8,30,51742,30,45,2281230
BANKNIFTY-I.NFO,03/01/2025,09:40:16,51749.95,51743.9,120,51750,75,255,2281230
BANKNIFTY-I.NFO,03/01/2025,09:40:18,51755.9,51741.75,120,51756,60,240,2281230
BANKNIFTY-I.NFO,03/01/2025,09:40:20,51756.15,51742,15,51754.35,15,105,2281230
BANKNIFTY-I.NFO,03/01/2025,09:40:21,51757.05,51755.9,15,51756.95,60,60,2281230
BANKNIFTY-I.NFO,03/01/2025,09:40:23,51754.35,51741.35,15,51754.6,75,90,2281230
BANKNIFTY-I.NFO,03/01/2025,09:40:25,51741.45,51750,15,51754,15,45,2281230
BANKNIFTY-I.NFO,03/01/2025,09:40:26,51750.65,51741.4,15,51754,15,90,2281230
BANKNIFTY-I.NFO,03/01/2025,09:40:28,51750,51743.2,75,51754.7,15,255,2281230
BANKNIFTY-I.NFO,03/01/2025,09:40:29,51752.85,51741.45,75,51752.05,60,15,2281230
BANKNIFTY-I.NFO,03/01/2025,09:40:31,51743.5,51741.4,15,51747.55,45,90,2281230
BANKNIFTY-I.NFO,03/01/2025,09:40:33,51743.5,51740.05,30,51745.35,75,120,2281230
BANKNIFTY-I.NFO,03/01/2025,09:40:34,51735,51735,15,51735.25,45,165,2281230
BANKNIFTY-I.NFO,03/01/2025,09:40:36,51741.2,51729,15,51740.65,60,75,2281230
BANKNIFTY-I.NFO,03/01/2025,09:40:38,51736.7,51728.05,15,51735.5,15,60,2281230
BANKNIFTY-I.NFO,03/01/2025,09:40:39,51738.8,51728.05,15,51738.9,60,90,2281230
BANKNIFTY-I.NFO,03/01/2025,09:40:41,51745.6,51734.1,15,51747,300,30,2281230
BANKNIFTY-I.NFO,03/01/2025,09:40:43,51748.5,51735.9,75,51748.6,30,75,2281230
BANKNIFTY-I.NFO,03/01/2025,09:40:44,51747.3,51743.5,15,51747.75,75,45,2281230
BANKNIFTY-I.NFO,03/01/2025,09:40:46,51743.5,51740.2,75,51750,45,30,2281230
BANKNIFTY-I.NFO,03/01/2025,09:40:48,51740.2,51740,15,51750,45,15,2281230
BANKNIFTY-I.NFO,03/01/2025,09:40:49,51740.2,51741,15,51748.5,15,0,2281230
BANKNIFTY-I.NFO,03/01/2025,09:40:51,51745.25,51743,15,51745.25,60,90,2281230
BANKNIFTY-I.NFO,03/01/2025,09:40:53,51750,51743,15,51750,30,105,2281230
BANKNIFTY-I.NFO,03/01/2025,09:40:54,51755.9,51744.45,15,51756,75,105,2281230
BANKNIFTY-I.NFO,03/01/2025,09:40:56,51748,51745.25,120,51751.2,30,30,2281230
BANKNIFTY-I.NFO,03/01/2025,09:40:57,51750,51745.25,120,51749.7,60,15,2281230
BANKNIFTY-I.NFO,03/01/2025,09:40:59,51749.1,51745.25,120,51749.1,30,15,2281230
BANKNIFTY-I.NFO,03/01/2025,09:41:01,51750,51746,15,51750.05,15,150,2281230
BANKNIFTY-I.NFO,03/01/2025,09:41:02,51743,51742,15,51746.3,75,135,2281230
BANKNIFTY-I.NFO,03/01/2025,09:41:04,51752.9,51741.2,15,51754,60,930,2281230
BANKNIFTY-I.NFO,03/01/2025,09:41:06,51750,51742.1,15,51753.35,30,15,2281230
BANKNIFTY-I.NFO,03/01/2025,09:41:07,51742.2,51742.1,15,51743,15,15,2281230
BANKNIFTY-I.NFO,03/01/2025,09:41:09,51755,51750,75,51755,30,45,2281230
BANKNIFTY-I.NFO,03/01/2025,09:41:11,51750,51750.3,15,51761,30,405,2281230
BANKNIFTY-I.NFO,03/01/2025,09:41:12,51750.05,51750.05,15,51761,15,90,2281230
BANKNIFTY-I.NFO,03/01/2025,09:41:14,51755,51750.1,30,51755.15,45,15,2281230
BANKNIFTY-I.NFO,03/01/2025,09:41:16,51751.9,51750.05,15,51751.85,150,120,2281230
BANKNIFTY-I.NFO,03/01/2025,09:41:17,51750.05,51750,90,51750.9,60,60,2281230
BANKNIFTY-I.NFO,03/01/2025,09:41:19,51751.3,51745.05,30,51752.4,120,315,2281230
BANKNIFTY-I.NFO,03/01/2025,09:41:21,51750,51745.05,30,51750,45,105,2281230
BANKNIFTY-I.NFO,03/01/2025,09:41:22,51751.55,51745.05,30,51751.6,120,150,2281230
BANKNIFTY-I.NFO,03/01/2025,09:41:24,51751.75,51745.05,30,51751.85,30,285,2281230
BANKNIFTY-I.NFO,03/01/2025,09:41:26,51745.05,51750,15,51757.5,60,165,2281230
BANKNIFTY-I.NFO,03/01/2025,09:41:27,51752.25,51745.1,15,51749.5,120,105,2281230
BANKNIFTY-I.NFO,03/01/2025,09:41:29,51747.25,51740,30,51747.05,15,60,2281230
BANKNIFTY-I.NFO,03/01/2025,09:41:31,51738.75,51736.7,15,51738.85,45,105,2281230
BANKNIFTY-I.NFO,03/01/2025,09:41:32,51742.3,51735,15,51742,45,150,2281230
BANKNIFTY-I.NFO,03/01/2025,09:41:34,51742.3,51735.05,30,51739.7,105,0,2281230
BANKNIFTY-I.NFO,03/01/2025,09:41:36,51725,51720,15,51725.45,60,2715,2281230
BANKNIFTY-I.NFO,03/01/2025,09:41:37,51733.4,51720,30,51725.45,15,210,2281230
BANKNIFTY-I.NFO,03/01/2025,09:41:39,51733.4,51720.35,135,51725.4,15,0,2281230
BANKNIFTY-I.NFO,03/01/2025,09:41:41,51725.45,51725,120,51728,15,30,2281230
BANKNIFTY-I.NFO,03/01/2025,09:41:42,51728,51725,135,51734.4,60,15,2281230
BANKNIFTY-I.NFO,03/01/2025,09:41:44,51725,51725,180,51730.35,30,15,2281230
BANKNIFTY-I.NFO,03/01/2025,09:41:46,51730.55,51725,180,51731.6,60,15,2281230
BANKNIFTY-I.NFO,03/01/2025,09:41:47,51730.7,51725,180,51731.55,15,30,2281230
BANKNIFTY-I.NFO,03/01/2025,09:41:49,51725,51725,210,51725.4,15,45,2281230
BANKNIFTY-I.NFO,03/01/2025,09:41:51,51720,51716.3,15,51722.9,120,255,2281230
BANKNIFTY-I.NFO,03/01/2025,09:41:52,51716.3,51715,75,51716.15,45,15,2281230
BANKNIFTY-I.NFO,03/01/2025,09:41:54,51709,51707.4,15,51710.5,15,120,2281230
BANKNIFTY-I.NFO,03/01/2025,09:41:56,51710.5,51705,60,51714.3,60,45,2281230
BANKNIFTY-I.NFO,03/01/2025,09:41:57,51710.5,51705,45,51711.55,60,0,2281230
BANKNIFTY-I.NFO,03/01/2025,09:41:59,51710.1,51709,15,51712.05,30,15,2281230
BANKNIFTY-I.NFO,03/01/2025,09:42:01,51718,51710.5,135,51719.5,15,990,2281230
BANKNIFTY-I.NFO,03/01/2025,09:42:02,51710.5,51710.95,135,51719.55,30,15,2281230
BANKNIFTY-I.NFO,03/01/2025,09:42:04,51710.95,51710.95,105,51717.75,90,45,2281230
BANKNIFTY-I.NFO,03/01/2025,09:42:06,51715.55,51710.95,105,51713.25,30,15,2281230
BANKNIFTY-I.NFO,03/01/2025,09:42:07,51713.25,51710.95,15,51713.15,45,120,2281230
BANKNIFTY-I.NFO,03/01/2025,09:42:09,51710.95,51705,60,51707,45,30,2281230
BANKNIFTY-I.NFO,03/01/2025,09:42:11,51705,51701,120,51706.25,90,60,2281230
BANKNIFTY-I.NFO,03/01/2025,09:42:12,51695.05,51695,30,51697.9,15,2070,2281230
BANKNIFTY-I.NFO,03/01/2025,09:42:14,51692,51690,240,51693.9,15,45,2281230
BANKNIFTY-I.NFO,03/01/2025,09:42:16,51690.1,51690,240,51699.7,30,210,2281230
BANKNIFTY-I.NFO,03/01/2025,09:42:17,51699.7,51690,240,51697.7,30,30,2281230
BANKNIFTY-I.NFO,03/01/2025,09:42:19,51696.45,51690,240,51697.65,60,15,2281230
BANKNIFTY-I.NFO,03/01/2025,09:42:21,51697.7,51690,255,51693.95,75,30,2281230
BANKNIFTY-I.NFO,03/01/2025,09:42:22,51690,51690,60,51693.95,15,225,2281230
BANKNIFTY-I.NFO,03/01/2025,09:42:24,51693.95,51690,60,51692.75,45,15,2281230
BANKNIFTY-I.NFO,03/01/2025,09:42:26,51685.1,51681,300,51686.75,30,360,2281230
BANKNIFTY-I.NFO,03/01/2025,09:42:27,51685.1,51681.65,105,51686.75,15,0,2287275
BANKNIFTY-I.NFO,03/01/2025,09:42:29,51681.65,51681.65,165,51683.8,60,45,2287275
BANKNIFTY-I.NFO,03/01/2025,09:42:31,51681.65,51681.65,180,51683.7,60,30,2287275
BANKNIFTY-I.NFO,03/01/2025,09:42:32,51681.65,51681.65,75,51683.7,15,210,2287275
BANKNIFTY-I.NFO,03/01/2025,09:42:34,51684.55,51683.8,75,51685.4,75,120,2287275
BANKNIFTY-I.NFO,03/01/2025,09:42:36,51685.55,51683.8,105,51686.55,135,15,2287275
BANKNIFTY-I.NFO,03/01/2025,09:42:37,51683.8,51683.8,90,51686.35,120,270,2287275
BANKNIFTY-I.NFO,03/01/2025,09:42:39,51685.4,51685.4,90,51687.7,75,75,2287275
BANKNIFTY-I.NFO,03/01/2025,09:42:41,51685.4,51685.4,75,51686.35,30,15,2287275
BANKNIFTY-I.NFO,03/01/2025,09:42:42,51684.05,51682,240,51684.35,60,150,2287275
BANKNIFTY-I.NFO,03/01/2025,09:42:44,51684.35,51682,225,51684.35,15,60,2287275
BANKNIFTY-I.NFO,03/01/2025,09:42:45,51684.35,51682,240,51686.15,45,15,2287275
BANKNIFTY-I.NFO,03/01/2025,09:42:47,51687.45,51686.15,15,51687.8,15,75,2287275
BANKNIFTY-I.NFO,03/01/2025,09:42:49,51688.5,51687.8,15,51689.5,90,45,2287275
BANKNIFTY-I.NFO,03/01/2025,09:42:50,51690.5,51687.8,15,51690.5,45,75,2287275
BANKNIFTY-I.NFO,03/01/2025,09:42:52,51687.8,51688.5,15,51692.7,15,15,2287275
BANKNIFTY-I.NFO,03/01/2025,09:42:54,51700.85,51692.2,165,51700.85,15,225,2287275
BANKNIFTY-I.NFO,03/01/2025,09:42:55,51700.85,51693.5,60,51696.2,45,0,2287275
BANKNIFTY-I.NFO,03/01/2025,09:42:57,51693.5,51693.5,75,51697.75,45,30,2287275
BANKNIFTY-I.NFO,03/01/2025,09:42:59,51693.5,51693.5,90,51696.4,15,0,2287275
BANKNIFTY-I.NFO,03/01/2025,09:43:00,51688.5,51688.5,45,51690.7,30,315,2287275
BANKNIFTY-I.NFO,03/01/2025,09:43:02,51684.35,51684.35,30,51686,45,585,2287275
BANKNIFTY-I.NFO,03/01/2025,09:43:04,51686,51688.6,120,51696.4,15,90,2287275
BANKNIFTY-I.NFO,03/01/2025,09:43:05,51696.4,51690.05,135,51697.75,30,90,2287275
BANKNIFTY-I.NFO,03/01/2025,09:43:07,51693.5,51693.5,45,51699,15,135,2287275
BANKNIFTY-I.NFO,03/01/2025,09:43:09,51690.05,51690.45,75,51699,15,60,2287275
BANKNIFTY-I.NFO,03/01/2025,09:43:10,51699,51696.4,15,51699.3,30,15,2287275
BANKNIFTY-I.NFO,03/01/2025,09:43:12,51706.6,51699.95,60,51706.6,270,75,2287275
BANKNIFTY-I.NFO,03/01/2025,09:43:14,51706.6,51700.3,90,51706.6,270,0,2287275
BANKNIFTY-I.NFO,03/01/2025,09:43:15,51700.3,51700.3,90,51705.15,90,15,2287275
BANKNIFTY-I.NFO,03/01/2025,09:43:17,51684.65,51689.4,15,51703.45,150,750,2287275
BANKNIFTY-I.NFO,03/01/2025,09:43:19,51691,51691.05,45,51702.45,75,30,2287275
BANKNIFTY-I.NFO,03/01/2025,09:43:20,51691.05,51691.05,45,51700.25,75,15,2287275
BANKNIFTY-I.NFO,03/01/2025,09:43:22,51691.05,51691.05,45,51700.2,30,0,2287275
BANKNIFTY-I.NFO,03/01/2025,09:43:24,51700,51691.05,30,51698.7,60,135,2287275
BANKNIFTY-I.NFO,03/01/2025,09:43:25,51694.35,51691.05,60,51697.9,75,15,2287275
BANKNIFTY-I.NFO,03/01/2025,09:43:27,51694.35,51691.05,105,51694.1,75,0,2287275
BANKNIFTY-I.NFO,03/01/2025,09:43:29,51694.1,51691.05,150,51694.3,90,75,2287275
BANKNIFTY-I.NFO,03/01/2025,09:43:30,51693.65,51691.05,150,51694.2,15,30,2287275
BANKNIFTY-I.NFO,03/01/2025,09:43:32,51698.15,51691.05,165,51699.75,15,150,2287275
BANKNIFTY-I.NFO,03/01/2025,09:43:34,51691.05,51691.05,165,51700,120,30,2287275
BANKNIFTY-I.NFO,03/01/2025,09:43:35,51690.05,51686.45,315,51687.65,15,495,2287275
BANKNIFTY-I.NFO,03/01/2025,09:43:37,51686.45,51686.45,285,51688.1,15,30,2287275
BANKNIFTY-I.NFO,03/01/2025,09:43:38,51686.45,51686.45,300,51688.5,30,0,2287275
BANKNIFTY-I.NFO,03/01/2025,09:43:40,51683.3,51680.2,15,51686.7,150,1155,2287275
BANKNIFTY-I.NFO,03/01/2025,09:43:42,51680,51680,735,51685.45,75,135,2287275
BANKNIFTY-I.NFO,03/01/2025,09:43:43,51680,51680,585,51685.45,30,135,2287275
BANKNIFTY-I.NFO,03/01/2025,09:43:45,51680,51680,585,51684.2,15,15,2287275
BANKNIFTY-I.NFO,03/01/2025,09:43:47,51676.45,51676.45,225,51678,15,975,2287275
BANKNIFTY-I.NFO,03/01/2025,09:43:47,51676.45,51676.45,225,51678,15,0,2287275
BANKNIFTY-I.NFO,03/01/2025,09:43:48,51676.45,51676,30,51677.95,15,240,2287275
BANKNIFTY-I.NFO,03/01/2025,09:43:50,51677.1,51676.45,15,51677.95,45,45,2287275
BANKNIFTY-I.NFO,03/01/2025,09:43:52,51675,51675,90,51677.9,165,285,2287275
BANKNIFTY-I.NFO,03/01/2025,09:43:52,51675,51675,90,51677.9,165,0,2287275
BANKNIFTY-I.NFO,03/01/2025,09:43:53,51675,51675,60,51677.85,15,60,2287275
BANKNIFTY-I.NFO,03/01/2025,09:43:55,51675,51675,30,51679.8,75,165,2287275
BANKNIFTY-I.NFO,03/01/2025,09:43:57,51666,51666,180,51671,30,1335,2287275
BANKNIFTY-I.NFO,03/01/2025,09:43:57,51666,51666,180,51671,30,0,2287275
BANKNIFTY-I.NFO,03/01/2025,09:43:58,51671,51666,180,51673.8,75,90,2287275
BANKNIFTY-I.NFO,03/01/2025,09:44:00,51667.4,51660.05,75,51662.35,15,525,2287275
BANKNIFTY-I.NFO,03/01/2025,09:44:00,51660,51660.05,75,51662.35,15,0,2287275
BANKNIFTY-I.NFO,03/01/2025,09:44:02,51652.65,51652.65,15,51660.6,30,930,2287275
BANKNIFTY-I.NFO,03/01/2025,09:44:02,51652.65,51652.65,15,51660.6,30,0,2287275
BANKNIFTY-I.NFO,03/01/2025,09:44:03,51651,51651,375,51652.65,15,405,2287275
BANKNIFTY-I.NFO,03/01/2025,09:44:03,51651,51651,375,51652.65,15,0,2287275
BANKNIFTY-I.NFO,03/01/2025,09:44:05,51652.6,51651,285,51652.6,15,135,2287275
BANKNIFTY-I.NFO,03/01/2025,09:44:07,51651,51651,165,51652.5,15,120,2287275
BANKNIFTY-I.NFO,03/01/2025,09:44:09,51650,51650,660,51650.1,15,990,2287275
BANKNIFTY-I.NFO,03/01/2025,09:44:09,51650,51650,660,51650.1,15,0,2287275
BANKNIFTY-I.NFO,03/01/2025,09:44:10,51652.6,51652.6,330,51653.25,135,300,2287275
BANKNIFTY-I.NFO,03/01/2025,09:44:12,51651,51650,435,51653.25,30,675,2287275
BANKNIFTY-I.NFO,03/01/2025,09:44:14,51652.6,51650,300,51653.25,60,165,2287275
BANKNIFTY-I.NFO,03/01/2025,09:44:15,51651.3,51651.3,435,51651.45,15,105,2287275
BANKNIFTY-I.NFO,03/01/2025,09:44:17,51645.75,51645,45,51646.7,15,930,2287275
BANKNIFTY-I.NFO,03/01/2025,09:44:17,51645.75,51645,45,51646.7,15,0,2287275
BANKNIFTY-I.NFO,03/01/2025,09:44:18,51641.2,51640,105,51649.2,15,585,2287275
BANKNIFTY-I.NFO,03/01/2025,09:44:18,51640,51640,105,51649.2,15,0,2287275
BANKNIFTY-I.NFO,03/01/2025,09:44:20,51647.7,51640.05,105,51646.8,15,105,2287275
BANKNIFTY-I.NFO,03/01/2025,09:44:22,51644.35,51641.2,180,51644.2,75,45,2287275
BANKNIFTY-I.NFO,03/01/2025,09:44:23,51641.2,51640,75,51643.65,15,270,2287275
BANKNIFTY-I.NFO,03/01/2025,09:44:25,51644.2,51640,60,51643.65,15,330,2287275
BANKNIFTY-I.NFO,03/01/2025,09:44:27,51634.3,51630,45,51639.75,75,840,2287275
BANKNIFTY-I.NFO,03/01/2025,09:44:27,51630,51630,45,51639.75,75,0,2287275
BANKNIFTY-I.NFO,03/01/2025,09:44:28,51627,51627,45,51636.85,60,570,2287275
BANKNIFTY-I.NFO,03/01/2025,09:44:28,51627,51627,45,51636.85,60,0,2287275
BANKNIFTY-I.NFO,03/01/2025,09:44:30,51640,51640,75,51643,75,405,2287275
BANKNIFTY-I.NFO,03/01/2025,09:44:32,51638,51638,30,51638.45,15,180,2287275
BANKNIFTY-I.NFO,03/01/2025,09:44:33,51638,51637.25,195,51640.55,45,180,2287275
BANKNIFTY-I.NFO,03/01/2025,09:44:35,51637.25,51638.3,75,51641,45,105,2287275
BANKNIFTY-I.NFO,03/01/2025,09:44:37,51630.05,51630.6,30,51642.4,15,360,2287275
BANKNIFTY-I.NFO,03/01/2025,09:44:38,51646.55,51642.55,15,51646.55,15,105,2287275
BANKNIFTY-I.NFO,03/01/2025,09:44:40,51646.6,51642.55,15,51646.65,30,30,2287275
BANKNIFTY-I.NFO,03/01/2025,09:44:42,51635.25,51637.65,60,51649.2,15,120,2287275
BANKNIFTY-I.NFO,03/01/2025,09:44:43,51653.75,51646.55,15,51653.45,75,345,2287275
BANKNIFTY-I.NFO,03/01/2025,09:44:45,51653.05,51643.45,75,51652.5,30,135,2287275
BANKNIFTY-I.NFO,03/01/2025,09:44:47,51645.4,51642.15,45,51645.75,165,150,2287275
BANKNIFTY-I.NFO,03/01/2025,09:44:48,51643.6,51639.05,15,51645.15,15,210,2287275
BANKNIFTY-I.NFO,03/01/2025,09:44:50,51645.75,51642.25,15,51644.1,45,90,2287275
BANKNIFTY-I.NFO,03/01/2025,09:44:52,51640.1,51640,30,51640.55,45,285,2287275
BANKNIFTY-I.NFO,03/01/2025,09:44:53,51625,51625,165,51627.1,45,1110,2287275
BANKNIFTY-I.NFO,03/01/2025,09:44:53,51625,51625,165,51627.1,45,0,2287275
BANKNIFTY-I.NFO,03/01/2025,09:44:55,51618.55,51616,15,51618.85,60,855,2287275
BANKNIFTY-I.NFO,03/01/2025,09:44:55,51617.3,51616,15,51618.85,60,0,2287275
BANKNIFTY-I.NFO,03/01/2025,09:44:57,51618.85,51616,15,51619.8,15,420,2287275
BANKNIFTY-I.NFO,03/01/2025,09:44:58,51615.65,51617.2,30,51629.15,15,420,2287275
BANKNIFTY-I.NFO,03/01/2025,09:44:58,51613,51617.2,30,51629.15,15,0,2287275
BANKNIFTY-I.NFO,03/01/2025,09:45:00,51613,51614.95,30,51628.8,30,675,2287275
BANKNIFTY-I.NFO,03/01/2025,09:45:02,51620,51615.65,15,51620.5,60,855,2287275
BANKNIFTY-I.NFO,03/01/2025,09:45:02,51612.2,51615.65,15,51620.5,60,0,2287275
BANKNIFTY-I.NFO,03/01/2025,09:45:03,51610,51605.35,30,51621.85,75,3885,2287275
BANKNIFTY-I.NFO,03/01/2025,09:45:03,51601,51605.35,30,51621.85,75,0,2287275
BANKNIFTY-I.NFO,03/01/2025,09:45:05,51615.35,51615.35,15,51616.85,30,5340,2287275
BANKNIFTY-I.NFO,03/01/2025,09:45:05,51593.65,51615.35,15,51616.85,30,0,2287275
BANKNIFTY-I.NFO,03/01/2025,09:45:07,51621.8,51616,15,51621.7,60,315,2287275
BANKNIFTY-I.NFO,03/01/2025,09:45:08,51598.1,51601.7,15,51620.35,15,1035,2287275
BANKNIFTY-I.NFO,03/01/2025,09:45:10,51608.95,51612.65,75,51616,15,2040,2287275
BANKNIFTY-I.NFO,03/01/2025,09:45:10,51585.65,51612.65,75,51616,15,0,2287275
BANKNIFTY-I.NFO,03/01/2025,09:45:12,51598.55,51598.5,15,51617.75,30,2895,2287275
BANKNIFTY-I.NFO,03/01/2025,09:45:13,51618.15,51599.85,30,51616,105,270,2287275
BANKNIFTY-I.NFO,03/01/2025,09:45:15,51587.3,51587.3,90,51600.9,15,1200,2287275
BANKNIFTY-I.NFO,03/01/2025,09:45:15,51580,51587.3,90,51600.9,15,0,2287275
BANKNIFTY-I.NFO,03/01/2025,09:45:17,51600.8,51600.8,15,51606.3,60,225,2287275
BANKNIFTY-I.NFO,03/01/2025,09:45:18,51598,51587.35,75,51599.05,15,120,2287275
BANKNIFTY-I.NFO,03/01/2025,09:45:20,51598.85,51593.3,375,51602.35,15,705,2287275
BANKNIFTY-I.NFO,03/01/2025,09:45:22,51593.3,51594,30,51598.85,30,30,2287275
BANKNIFTY-I.NFO,03/01/2025,09:45:23,51585,51580.2,30,51598.1,15,870,2287275
BANKNIFTY-I.NFO,03/01/2025,09:45:25,51599.25,51585.55,15,51602.3,15,735,2287275
BANKNIFTY-I.NFO,03/01/2025,09:45:27,51580.35,51580.35,15,51599.55,30,705,2291925
BANKNIFTY-I.NFO,03/01/2025,09:45:28,51580.35,51585.05,15,51596.95,15,0,2291925
BANKNIFTY-I.NFO,03/01/2025,09:45:30,51590.4,51590.4,135,51599.35,360,615,2291925
BANKNIFTY-I.NFO,03/01/2025,09:45:32,51591.8,51591.8,30,51599.3,15,105,2291925
BANKNIFTY-I.NFO,03/01/2025,09:45:33,51607,51602.5,15,51616,105,1065,2291925
BANKNIFTY-I.NFO,03/01/2025,09:45:35,51623.65,51608.25,15,51623.65,15,1995,2291925
BANKNIFTY-I.NFO,03/01/2025,09:45:37,51602.1,51600.05,15,51617.45,135,210,2291925
BANKNIFTY-I.NFO,03/01/2025,09:45:38,51610.6,51600,315,51609.5,165,105,2291925
BANKNIFTY-I.NFO,03/01/2025,09:45:40,51603.5,51603.55,15,51607.35,30,75,2291925
BANKNIFTY-I.NFO,03/01/2025,09:45:42,51600,51600,30,51606.15,15,885,2291925
BANKNIFTY-I.NFO,03/01/2025,09:45:43,51600,51599.25,15,51600,1665,210,2291925
BANKNIFTY-I.NFO,03/01/2025,09:45:45,51595.05,51595.05,15,51599.95,30,360,2291925
BANKNIFTY-I.NFO,03/01/2025,09:45:47,51599.25,51595.1,60,51599.25,120,330,2291925
BANKNIFTY-I.NFO,03/01/2025,09:45:48,51599.3,51599.9,120,51615.4,75,1995,2291925
BANKNIFTY-I.NFO,03/01/2025,09:45:50,51615.75,51606.25,120,51619.05,15,30,2291925
BANKNIFTY-I.NFO,03/01/2025,09:45:52,51621.7,51618.6,60,51625,15,255,2291925
BANKNIFTY-I.NFO,03/01/2025,09:45:53,51631.55,51618.6,60,51628,15,60,2291925
BANKNIFTY-I.NFO,03/01/2025,09:45:55,51624.6,51605.15,120,51620.95,75,1845,2291925
BANKNIFTY-I.NFO,03/01/2025,09:45:57,51617.05,51608.25,15,51616.7,30,360,2291925
BANKNIFTY-I.NFO,03/01/2025,09:45:58,51617.05,51608.25,15,51622.55,30,45,2291925
BANKNIFTY-I.NFO,03/01/2025,09:46:00,51621.8,51610.05,15,51626.15,30,3015,2291925
BANKNIFTY-I.NFO,03/01/2025,09:46:02,51632.65,51621.1,255,51632.15,75,435,2291925
BANKNIFTY-I.NFO,03/01/2025,09:46:03,51621.7,51621.7,30,51633.85,45,165,2291925
BANKNIFTY-I.NFO,03/01/2025,09:46:05,51635.15,51621.15,15,51636.15,15,600,2291925
BANKNIFTY-I.NFO,03/01/2025,09:46:07,51622.25,51621.75,30,51632.95,255,15,2291925
BANKNIFTY-I.NFO,03/01/2025,09:46:08,51622,51622.15,120,51632.95,255,30,2291925
BANKNIFTY-I.NFO,03/01/2025,09:46:10,51641.4,51635,15,51641.2,120,1215,2291925
BANKNIFTY-I.NFO,03/01/2025,09:46:12,51642,51635,15,51642.65,30,45,2291925
BANKNIFTY-I.NFO,03/01/2025,09:46:13,51651.35,51642.65,135,51649.9,45,285,2291925
BANKNIFTY-I.NFO,03/01/2025,09:46:15,51653.1,51642.65,120,51651.7,15,150,2291925
BANKNIFTY-I.NFO,03/01/2025,09:46:17,51648.75,51642.65,120,51647.05,75,90,2291925
BANKNIFTY-I.NFO,03/01/2025,09:46:19,51649,51642.65,105,51649.9,15,45,2291925
BANKNIFTY-I.NFO,03/01/2025,09:46:20,51656,51649.9,15,51653.85,75,225,2291925
BANKNIFTY-I.NFO,03/01/2025,09:46:22,51657.05,51649.9,15,51657.3,75,210,2291925
BANKNIFTY-I.NFO,03/01/2025,09:46:24,51653.85,51657.3,60,51660.8,30,510,2291925
BANKNIFTY-I.NFO,03/01/2025,09:46:25,51661.6,51657.3,60,51660.55,30,105,2291925
BANKNIFTY-I.NFO,03/01/2025,09:46:27,51657.3,51657.3,30,51660.45,90,60,2291925
BANKNIFTY-I.NFO,03/01/2025,09:46:29,51653.15,51649.05,30,51662.7,15,210,2291925
BANKNIFTY-I.NFO,03/01/2025,09:46:30,51662.75,51660,90,51664.4,15,405,2291925
BANKNIFTY-I.NFO,03/01/2025,09:46:32,51652.05,51649.1,120,51664.35,30,375,2291925
BANKNIFTY-I.NFO,03/01/2025,09:46:33,51662.55,51649.05,30,51657.95,90,195,2291925
BANKNIFTY-I.NFO,03/01/2025,09:46:35,51655.1,51649,30,51654.95,75,105,2291925
BANKNIFTY-I.NFO,03/01/2025,09:46:37,51661.1,51657.95,30,51662.1,60,120,2291925
BANKNIFTY-I.NFO,03/01/2025,09:46:38,51657.95,51657.95,15,51661.75,30,45,2291925
BANKNIFTY-I.NFO,03/01/2025,09:46:40,51656.25,51654.75,15,51657.95,15,30,2291925
BANKNIFTY-I.NFO,03/01/2025,09:46:42,51657.95,51654.95,45,51658.95,30,75,2291925
BANKNIFTY-I.NFO,03/01/2025,09:46:43,51661.75,51658.95,15,51660.8,75,105,2291925
BANKNIFTY-I.NFO,03/01/2025,09:46:45,51660.85,51657.95,30,51661.95,75,180,2291925
BANKNIFTY-I.NFO,03/01/2025,09:46:47,51662.1,51657.95,30,51659.85,30,45,2291925
BANKNIFTY-I.NFO,03/01/2025,09:46:48,51656.7,51654.95,15,51657.1,30,135,2291925
BANKNIFTY-I.NFO,03/01/2025,09:46:50,51660,51654.95,15,51662.1,60,45,2291925
BANKNIFTY-I.NFO,03/01/2025,09:46:52,51655,51655,525,51657.95,105,75,2291925
BANKNIFTY-I.NFO,03/01/2025,09:46:53,51657.95,51655,225,51657.95,150,390,2291925
BANKNIFTY-I.NFO,03/01/2025,09:46:55,51655,51654.95,15,51657.95,30,390,2291925
BANKNIFTY-I.NFO,03/01/2025,09:46:57,51655.4,51640.05,120,51655.4,15,285,2291925
BANKNIFTY-I.NFO,03/01/2025,09:46:58,51635.1,51635.1,120,51650.15,15,360,2291925
BANKNIFTY-I.NFO,03/01/2025,09:47:00,51640,51630,60,51638,60,30,2291925
BANKNIFTY-I.NFO,03/01/2025,09:47:02,51640.05,51630,60,51637.9,60,60,2291925
BANKNIFTY-I.NFO,03/01/2025,09:47:03,51630,51625,210,51630,15,75,2291925
BANKNIFTY-I.NFO,03/01/2025,09:47:05,51625.1,51625.05,30,51630,15,225,2291925
BANKNIFTY-I.NFO,03/01/2025,09:47:07,51622.25,51621.1,285,51629.95,45,330,2291925
BANKNIFTY-I.NFO,03/01/2025,09:47:08,51622.25,51621.15,30,51629.95,90,0,2291925
BANKNIFTY-I.NFO,03/01/2025,09:47:10,51629.95,51629.95,870,51637.9,75,105,2291925
BANKNIFTY-I.NFO,03/01/2025,09:47:12,51648.35,51637.9,900,51648.95,15,90,2291925
BANKNIFTY-I.NFO,03/01/2025,09:47:13,51632.05,51632,15,51648.2,90,1725,2291925
BANKNIFTY-I.NFO,03/01/2025,09:47:15,51633.9,51631.9,30,51648.2,45,15,2291925
BANKNIFTY-I.NFO,03/01/2025,09:47:17,51631.6,51630.15,45,51647.75,75,630,2291925
BANKNIFTY-I.NFO,03/01/2025,09:47:18,51643.7,51643.7,60,51647.25,75,840,2291925
BANKNIFTY-I.NFO,03/01/2025,09:47:20,51631.7,51630,450,51646.8,45,165,2291925
BANKNIFTY-I.NFO,03/01/2025,09:47:22,51645.25,51630.25,15,51645.2,30,15,2291925
BANKNIFTY-I.NFO,03/01/2025,09:47:23,51645.15,51633.9,15,51645.2,30,30,2291925
BANKNIFTY-I.NFO,03/01/2025,09:47:25,51634.6,51634.55,45,51645.2,30,45,2291925
BANKNIFTY-I.NFO,03/01/2025,09:47:27,51633.95,51634,15,51645.2,30,150,2291925
BANKNIFTY-I.NFO,03/01/2025,09:47:28,51645.05,51636.2,45,51645.15,15,60,2291925
BANKNIFTY-I.NFO,03/01/2025,09:47:30,51633.9,51632.45,75,51645.15,30,150,2291925
BANKNIFTY-I.NFO,03/01/2025,09:47:32,51645.1,51634,30,51645.15,135,45,2291925
BANKNIFTY-I.NFO,03/01/2025,09:47:33,51645.1,51634.55,60,51645.1,15,30,2291925
BANKNIFTY-I.NFO,03/01/2025,09:47:35,51645.1,51634.8,60,51645,15,0,2291925
BANKNIFTY-I.NFO,03/01/2025,09:47:37,51645.1,51634,120,51644.95,30,0,2291925
BANKNIFTY-I.NFO,03/01/2025,09:47:38,51645.1,51634,120,51644.95,60,0,2291925
BANKNIFTY-I.NFO,03/01/2025,09:47:40,51645.1,51634.15,60,51644.9,15,0,2291925
BANKNIFTY-I.NFO,03/01/2025,09:47:42,51644.9,51634.65,60,51644.9,15,45,2291925
BANKNIFTY-I.NFO,03/01/2025,09:47:43,51644.9,51637.1,60,51644.9,75,120,2291925
BANKNIFTY-I.NFO,03/01/2025,09:47:45,51644.9,51643.6,15,51655,15,330,2291925
BANKNIFTY-I.NFO,03/01/2025,09:47:47,51642.95,51637.05,15,51642.95,30,165,2291925
BANKNIFTY-I.NFO,03/01/2025,09:47:48,51642.95,51645.1,15,51654.35,120,60,2291925
BANKNIFTY-I.NFO,03/01/2025,09:47:50,51642.95,51645.1,15,51648.55,120,0,2291925
BANKNIFTY-I.NFO,03/01/2025,09:47:52,51645.1,51635.55,105,51642.95,15,75,2291925
BANKNIFTY-I.NFO,03/01/2025,09:47:53,51642.95,51635.55,90,51642.95,90,60,2291925
BANKNIFTY-I.NFO,03/01/2025,09:47:55,51635,51635,15,51642.95,75,165,2291925
BANKNIFTY-I.NFO,03/01/2025,09:47:57,51642.95,51635,30,51642.95,60,15,2291925
BANKNIFTY-I.NFO,03/01/2025,09:47:58,51642.9,51635,120,51642.95,30,75,2291925
BANKNIFTY-I.NFO,03/01/2025,09:48:00,51637.05,51635,120,51637.05,15,60,2291925
BANKNIFTY-I.NFO,03/01/2025,09:48:02,51635,51635,90,51640,30,210,2291925
BANKNIFTY-I.NFO,03/01/2025,09:48:03,51635,51635,45,51645,75,105,2291925
BANKNIFTY-I.NFO,03/01/2025,09:48:05,51645,51640,15,51644.95,15,60,2291925
BANKNIFTY-I.NFO,03/01/2025,09:48:07,51645,51639,45,51650,15,90,2291925
BANKNIFTY-I.NFO,03/01/2025,09:48:08,51650,51639.85,45,51655,15,15,2291925
BANKNIFTY-I.NFO,03/01/2025,09:48:10,51650,51639.6,45,51655,15,0,2291925
BANKNIFTY-I.NFO,03/01/2025,09:48:12,51659.95,51645,15,51659.95,120,45,2291925
BANKNIFTY-I.NFO,03/01/2025,09:48:13,51642.95,51646.65,75,51660,45,150,2291925
BANKNIFTY-I.NFO,03/01/2025,09:48:15,51659.95,51658.55,15,51660,30,30,2291925
BANKNIFTY-I.NFO,03/01/2025,09:48:16,51658.55,51650,30,51660,30,15,2291925
BANKNIFTY-I.NFO,03/01/2025,09:48:18,51660,51650,15,51664.25,120,60,2291925
BANKNIFTY-I.NFO,03/01/2025,09:48:20,51663.35,51650,15,51661.45,120,15,2291925
BANKNIFTY-I.NFO,03/01/2025,09:48:22,51656.3,51650,15,51661.85,105,210,2291925
BANKNIFTY-I.NFO,03/01/2025,09:48:23,51650,51646.65,75,51662.5,105,15,2291925
BANKNIFTY-I.NFO,03/01/2025,09:48:25,51665.9,51649.85,120,51666.95,90,30,2291925
BANKNIFTY-I.NFO,03/01/2025,09:48:27,51649.85,51650.85,120,51666.95,105,15,2291925
BANKNIFTY-I.NFO,03/01/2025,09:48:28,51666.95,51665,15,51667,15,15,2294055
BANKNIFTY-I.NFO,03/01/2025,09:48:30,51672.75,51665,15,51672.8,30,285,2294055
BANKNIFTY-I.NFO,03/01/2025,09:48:32,51672.2,51659.85,75,51672.25,15,60,2294055
BANKNIFTY-I.NFO,03/01/2025,09:48:33,51670,51670,135,51675,210,15,2294055
BANKNIFTY-I.NFO,03/01/2025,09:48:35,51670,51670,120,51672.65,150,15,2294055
BANKNIFTY-I.NFO,03/01/2025,09:48:37,51675,51670,120,51675,150,105,2294055
BANKNIFTY-I.NFO,03/01/2025,09:48:38,51672.8,51672.8,45,51675,150,105,2294055
BANKNIFTY-I.NFO,03/01/2025,09:48:40,51675,51672.8,15,51675,120,60,2294055
BANKNIFTY-I.NFO,03/01/2025,09:48:42,51674.95,51672.8,15,51676.8,30,135,2294055
BANKNIFTY-I.NFO,03/01/2025,09:48:43,51681,51680.05,15,51687,30,390,2294055
BANKNIFTY-I.NFO,03/01/2025,09:48:45,51680,51675,15,51680.45,60,90,2294055
BANKNIFTY-I.NFO,03/01/2025,09:48:47,51682.85,51675.05,15,51682.95,75,45,2294055
