Ticker,Date,Time,LTP,BuyPrice,BuyQty,SellPrice,SellQty,LTQ,OpenInterest
NIFTY-III.NFO,14/05/2025,09:15:01,24914.3,24932.1,75,24951.6,150,150,386925
NIFTY-III.NFO,14/05/2025,09:15:01,24945,24932.1,75,24951.6,150,0,386925
NIFTY-III.NFO,14/05/2025,09:15:01,24945,24932.1,75,24951.6,150,0,386925
NIFTY-III.NFO,14/05/2025,09:15:01,24914.3,24932.1,75,24951.6,150,0,386925
NIFTY-III.NFO,14/05/2025,09:15:03,24935,24933.8,150,24955.4,150,225,386925
NIFTY-III.NFO,14/05/2025,09:15:04,24935,24938.8,150,24959.1,150,0,386925
NIFTY-III.NFO,14/05/2025,09:15:06,24935,24936.7,225,24959.1,150,0,386925
NIFTY-III.NFO,14/05/2025,09:15:08,24945.8,24945.8,75,24962.6,150,75,386925
NIFTY-III.NFO,14/05/2025,09:15:08,24945.8,24945.8,75,24962.6,150,0,386925
NIFTY-III.NFO,14/05/2025,09:15:09,24965.6,24956.6,75,24975.9,150,300,386925
NIFTY-III.NFO,14/05/2025,09:15:09,24965.6,24956.6,75,24975.9,150,0,386925
NIFTY-III.NFO,14/05/2025,09:15:11,24952.9,24956.1,75,24968.5,150,225,386925
NIFTY-III.NFO,14/05/2025,09:15:12,24955.9,24947.3,75,24965.3,150,75,386925
NIFTY-III.NFO,14/05/2025,09:15:14,24956.4,24947.1,150,24956.5,75,150,386925
NIFTY-III.NFO,14/05/2025,09:15:16,24956.4,24941,75,24956.4,150,75,386925
NIFTY-III.NFO,14/05/2025,09:15:17,24956.4,24944.4,150,24956.1,75,0,386925
NIFTY-III.NFO,14/05/2025,09:15:19,24956.4,24950.1,150,24956.1,75,0,386925
NIFTY-III.NFO,14/05/2025,09:15:20,24950,24944.1,75,24956,150,75,386925
NIFTY-III.NFO,14/05/2025,09:15:22,24940.9,24935.1,150,24955,150,150,386925
NIFTY-III.NFO,14/05/2025,09:15:24,24940.9,24935.1,75,24949.9,150,0,386925
NIFTY-III.NFO,14/05/2025,09:15:25,24940.9,24942.1,75,24949.9,150,0,386925
NIFTY-III.NFO,14/05/2025,09:15:27,24940.9,24946.6,150,24950,525,0,386925
NIFTY-III.NFO,14/05/2025,09:15:29,24940.9,24945,150,24950,525,0,386925
NIFTY-III.NFO,14/05/2025,09:15:30,24940.9,24938.5,150,24947.1,75,75,386925
NIFTY-III.NFO,14/05/2025,09:15:32,24940,24940.9,75,24947,150,75,386925
NIFTY-III.NFO,14/05/2025,09:15:34,24940.9,24935.1,150,24947,150,150,386925
NIFTY-III.NFO,14/05/2025,09:15:35,24940.9,24935,75,24940.8,225,0,386925
NIFTY-III.NFO,14/05/2025,09:15:37,24940.8,24935,75,24940.8,225,75,387300
NIFTY-III.NFO,14/05/2025,09:15:38,24935,24932,75,24939.9,225,75,387300
NIFTY-III.NFO,14/05/2025,09:15:40,24935,24932.7,150,24939.9,150,0,387300
NIFTY-III.NFO,14/05/2025,09:15:42,24935,24937.8,150,24940,375,0,387300
NIFTY-III.NFO,14/05/2025,09:15:43,24935.6,24936.6,150,24940,300,150,387300
NIFTY-III.NFO,14/05/2025,09:15:45,24934.1,24933.7,150,24939.9,150,225,387300
NIFTY-III.NFO,14/05/2025,09:15:47,24934.1,24934.3,150,24935,75,0,387300
NIFTY-III.NFO,14/05/2025,09:15:48,24933.3,24933.3,150,24935,75,75,387300
NIFTY-III.NFO,14/05/2025,09:15:50,24933.5,24935.1,75,24940,300,150,387300
NIFTY-III.NFO,14/05/2025,09:15:51,24933.5,24931,225,24933.3,1350,0,387300
NIFTY-III.NFO,14/05/2025,09:15:53,24933.3,24930.8,75,24932,525,1350,387300
NIFTY-III.NFO,14/05/2025,09:15:55,24931.9,24924,75,24931.8,150,75,387300
NIFTY-III.NFO,14/05/2025,09:15:56,24930.9,24922.6,75,24930.9,75,75,387300
NIFTY-III.NFO,14/05/2025,09:15:58,24930.9,24922.6,375,24930.9,150,0,387300
NIFTY-III.NFO,14/05/2025,09:16:00,24930.9,24919.1,150,24930.9,150,0,387300
NIFTY-III.NFO,14/05/2025,09:16:01,24930.9,24910,150,24922.5,150,0,387300
NIFTY-III.NFO,14/05/2025,09:16:03,24903.8,24900,75,24913.2,150,225,387300
NIFTY-III.NFO,14/05/2025,09:16:03,24903.8,24900,75,24913.2,150,0,387300
NIFTY-III.NFO,14/05/2025,09:16:05,24903.8,24900,150,24910.9,150,0,387300
NIFTY-III.NFO,14/05/2025,09:16:06,24903.8,24905.7,150,24918.8,150,0,387300
NIFTY-III.NFO,14/05/2025,09:16:08,24903.8,24911.7,150,24922.3,150,0,387300
NIFTY-III.NFO,14/05/2025,09:16:09,24903.8,24916.3,150,24925.3,75,0,387300
NIFTY-III.NFO,14/05/2025,09:16:11,24903.8,24921.3,300,24930.8,150,0,387300
NIFTY-III.NFO,14/05/2025,09:16:13,24927.2,24924.5,150,24930.9,75,75,387300
NIFTY-III.NFO,14/05/2025,09:16:14,24927.2,24930.1,300,24930.9,75,0,387300
NIFTY-III.NFO,14/05/2025,09:16:16,24933.3,24926.5,150,24938.4,150,900,387300
NIFTY-III.NFO,14/05/2025,09:16:18,24933.3,24923.6,75,24936.2,150,0,387300
NIFTY-III.NFO,14/05/2025,09:16:19,24933.3,24922.4,75,24934.4,150,0,387300
NIFTY-III.NFO,14/05/2025,09:16:21,24933.3,24923.1,150,24934.9,150,0,387300
NIFTY-III.NFO,14/05/2025,09:16:23,24933.3,24926.6,300,24935,75,0,387300
NIFTY-III.NFO,14/05/2025,09:16:24,24933.3,24928.4,75,24935,75,0,387300
NIFTY-III.NFO,14/05/2025,09:16:26,24933.3,24926.3,150,24935,75,0,387300
NIFTY-III.NFO,14/05/2025,09:16:27,24929.4,24929.4,75,24935,75,75,387300
NIFTY-III.NFO,14/05/2025,09:16:29,24929.4,24923.2,75,24934.9,150,0,387300
NIFTY-III.NFO,14/05/2025,09:16:31,24929.4,24920.7,75,24934.7,150,0,387300
NIFTY-III.NFO,14/05/2025,09:16:32,24929.4,24920.4,75,24934.5,150,0,387300
NIFTY-III.NFO,14/05/2025,09:16:34,24929.4,24923.4,75,24933.4,150,0,387300
NIFTY-III.NFO,14/05/2025,09:16:36,24933.4,24923,150,24934.3,150,150,387300
NIFTY-III.NFO,14/05/2025,09:16:37,24933.4,24929.5,225,24935,75,0,387300
NIFTY-III.NFO,14/05/2025,09:16:39,24928.1,24928.1,75,24935,75,75,387300
NIFTY-III.NFO,14/05/2025,09:16:41,24928.1,24920.9,225,24932.4,150,0,387300
NIFTY-III.NFO,14/05/2025,09:16:42,24928.1,24923.9,225,24929.8,75,0,387300
NIFTY-III.NFO,14/05/2025,09:16:44,24928.1,24926.2,75,24929.8,75,0,387300
NIFTY-III.NFO,14/05/2025,09:16:45,24928.1,24926.4,150,24929.8,75,0,387300
NIFTY-III.NFO,14/05/2025,09:16:47,24929.8,24930.8,75,24935,150,75,387300
NIFTY-III.NFO,14/05/2025,09:16:49,24930.8,24930.6,300,24935,150,150,387300
NIFTY-III.NFO,14/05/2025,09:16:50,24930.8,24930.9,75,24935,150,0,387300
NIFTY-III.NFO,14/05/2025,09:16:52,24930.8,24929.6,150,24935,225,0,387300
NIFTY-III.NFO,14/05/2025,09:16:54,24930.8,24929.8,75,24931.4,75,0,387300
NIFTY-III.NFO,14/05/2025,09:16:55,24930.8,24929.8,75,24931.3,150,0,387300
NIFTY-III.NFO,14/05/2025,09:16:57,24930.8,24929.8,75,24931.4,75,0,387300
NIFTY-III.NFO,14/05/2025,09:16:59,24930.8,24929.9,225,24931.4,75,0,387300
NIFTY-III.NFO,14/05/2025,09:17:00,24931.4,24931.6,300,24935,225,75,387300
NIFTY-III.NFO,14/05/2025,09:17:02,24931.4,24932.8,225,24935,225,0,387300
NIFTY-III.NFO,14/05/2025,09:17:03,24931.4,24931.4,525,24935,225,0,387300
NIFTY-III.NFO,14/05/2025,09:17:05,24935,24936.5,225,24940,525,225,387300
NIFTY-III.NFO,14/05/2025,09:17:07,24935,24937.2,225,24940,525,0,387300
NIFTY-III.NFO,14/05/2025,09:17:08,24940,24940.1,75,24949.3,225,525,387300
NIFTY-III.NFO,14/05/2025,09:17:10,24940,24943.6,75,24949.9,150,0,387300
NIFTY-III.NFO,14/05/2025,09:17:12,24940,24945.1,375,24950,150,0,387300
NIFTY-III.NFO,14/05/2025,09:17:13,24950,24943.7,150,24950,75,75,387300
NIFTY-III.NFO,14/05/2025,09:17:15,24950,24942.6,225,24949.9,150,0,387300
NIFTY-III.NFO,14/05/2025,09:17:16,24950,24940.2,75,24949.9,225,0,387300
NIFTY-III.NFO,14/05/2025,09:17:18,24950,24941.3,225,24949.9,150,0,387300
NIFTY-III.NFO,14/05/2025,09:17:20,24945.4,24936,225,24945.4,150,75,387300
NIFTY-III.NFO,14/05/2025,09:17:21,24945.4,24935.1,225,24944.2,150,0,387300
NIFTY-III.NFO,14/05/2025,09:17:23,24945.4,24935,75,24944,150,0,387300
NIFTY-III.NFO,14/05/2025,09:17:25,24945.4,24935,75,24936,75,0,387300
NIFTY-III.NFO,14/05/2025,09:17:26,24945.4,24935.2,150,24936,75,0,387300
NIFTY-III.NFO,14/05/2025,09:17:28,24936,24935.7,150,24944.4,75,75,387300
NIFTY-III.NFO,14/05/2025,09:17:29,24936,24938.9,225,24945,75,0,387300
NIFTY-III.NFO,14/05/2025,09:17:31,24936,24935.1,150,24944.9,150,0,387300
NIFTY-III.NFO,14/05/2025,09:17:33,24936,24939,150,24945,75,0,387300
NIFTY-III.NFO,14/05/2025,09:17:34,24936,24935.5,150,24944.9,225,0,387300
NIFTY-III.NFO,14/05/2025,09:17:36,24944.9,24937.5,225,24944.9,150,150,387300
NIFTY-III.NFO,14/05/2025,09:17:38,24938.6,24939.7,150,24945,75,225,387300
NIFTY-III.NFO,14/05/2025,09:17:39,24938.6,24941.1,150,24945,75,0,387300
NIFTY-III.NFO,14/05/2025,09:17:41,24938.6,24941.7,300,24945,150,0,387300
NIFTY-III.NFO,14/05/2025,09:17:43,24938.6,24939.9,300,24945,150,0,387300
NIFTY-III.NFO,14/05/2025,09:17:44,24938.6,24941.3,300,24945,150,0,387300
NIFTY-III.NFO,14/05/2025,09:17:46,24943.4,24943.3,75,24945,150,75,387300
NIFTY-III.NFO,14/05/2025,09:17:47,24943.4,24944,75,24945,75,0,387300
NIFTY-III.NFO,14/05/2025,09:17:49,24943.4,24944,75,24945,150,0,387300
NIFTY-III.NFO,14/05/2025,09:17:52,24944,24941.9,150,24945,75,75,387300
NIFTY-III.NFO,14/05/2025,09:17:54,24943,24936.2,225,24946.5,225,150,387300
NIFTY-III.NFO,14/05/2025,09:17:55,24943,24938.4,225,24946.5,225,0,387300
NIFTY-III.NFO,14/05/2025,09:17:57,24943,24938.4,300,24944,75,0,387300
NIFTY-III.NFO,14/05/2025,09:17:59,24943,24939.5,525,24944,75,0,387300
NIFTY-III.NFO,14/05/2025,09:18:00,24943,24940.9,375,24944,75,0,387300
NIFTY-III.NFO,14/05/2025,09:18:02,24946.6,24946.6,225,24950,150,150,387300
NIFTY-III.NFO,14/05/2025,09:18:03,24946.6,24947.6,225,24950,150,0,387300
NIFTY-III.NFO,14/05/2025,09:18:05,24950,24948.5,225,24952.9,75,150,387300
NIFTY-III.NFO,14/05/2025,09:18:07,24950,24946.9,150,24952.9,75,0,387300
NIFTY-III.NFO,14/05/2025,09:18:08,24950,24947,225,24952.9,75,0,387300
NIFTY-III.NFO,14/05/2025,09:18:10,24950,24949.3,150,24952.9,75,0,387300
NIFTY-III.NFO,14/05/2025,09:18:12,24950,24950.1,150,24952.9,75,0,387300
NIFTY-III.NFO,14/05/2025,09:18:13,24950.1,24950.1,75,24952.9,75,75,387300
NIFTY-III.NFO,14/05/2025,09:18:15,24950.1,24950,75,24952.9,75,0,387300
NIFTY-III.NFO,14/05/2025,09:18:16,24950,24949,150,24955,375,150,387300
NIFTY-III.NFO,14/05/2025,09:18:18,24950,24949,225,24955,375,0,387300
NIFTY-III.NFO,14/05/2025,09:18:19,24955,24949,225,24955,300,75,387300
NIFTY-III.NFO,14/05/2025,09:18:21,24955,24948.8,150,24955,300,0,387300
NIFTY-III.NFO,14/05/2025,09:18:23,24955,24949,150,24955,300,0,387300
NIFTY-III.NFO,14/05/2025,09:18:24,24955,24954.3,75,24955,300,0,387300
NIFTY-III.NFO,14/05/2025,09:18:26,24955,24955,150,24960,450,300,387300
NIFTY-III.NFO,14/05/2025,09:18:28,24955,24955.8,75,24960,450,0,387300
NIFTY-III.NFO,14/05/2025,09:18:29,24955,24955,75,24960,450,0,387300
NIFTY-III.NFO,14/05/2025,09:18:31,24955.8,24955.8,75,24960,450,150,387300
NIFTY-III.NFO,14/05/2025,09:18:33,24955.7,24957.5,75,24960,450,150,387300
NIFTY-III.NFO,14/05/2025,09:18:34,24960,24960,150,24969.5,150,450,387000
NIFTY-III.NFO,14/05/2025,09:18:36,24960,24960.7,75,24968.6,225,75,387000
NIFTY-III.NFO,14/05/2025,09:18:38,24960,24961,150,24969.5,150,0,387000
NIFTY-III.NFO,14/05/2025,09:18:39,24960,24962.4,150,24969.6,75,0,387000
NIFTY-III.NFO,14/05/2025,09:18:41,24971.7,24963.4,150,24971.5,150,525,387000
NIFTY-III.NFO,14/05/2025,09:18:41,24971.7,24963.4,150,24971.5,150,0,387000
NIFTY-III.NFO,14/05/2025,09:18:43,24971.7,24963,225,24972,225,0,387000
NIFTY-III.NFO,14/05/2025,09:18:45,24971.7,24964.9,225,24973,75,0,387000
NIFTY-III.NFO,14/05/2025,09:18:46,24971.7,24965.1,225,24973,75,0,387000
NIFTY-III.NFO,14/05/2025,09:18:48,24971.7,24965.4,225,24973,75,0,387000
NIFTY-III.NFO,14/05/2025,09:18:50,24971.7,24968.9,150,24973,75,0,387000
NIFTY-III.NFO,14/05/2025,09:18:51,24971.7,24969.9,225,24973,75,0,387000
NIFTY-III.NFO,14/05/2025,09:18:53,24971.7,24968.1,150,24973,75,0,387000
NIFTY-III.NFO,14/05/2025,09:18:55,24971.7,24967.6,150,24973,75,0,387000
NIFTY-III.NFO,14/05/2025,09:18:56,24970,24967.5,150,24973,75,75,387000
NIFTY-III.NFO,14/05/2025,09:18:58,24970,24967,150,24969.9,75,0,387000
NIFTY-III.NFO,14/05/2025,09:19:00,24970,24968.1,150,24969.9,75,0,387000
NIFTY-III.NFO,14/05/2025,09:19:01,24970,24968.1,225,24969.9,75,0,387000
NIFTY-III.NFO,14/05/2025,09:19:03,24970,24968.4,150,24969.9,75,0,387000
NIFTY-III.NFO,14/05/2025,09:19:05,24968.1,24963,75,24969.9,225,75,387000
NIFTY-III.NFO,14/05/2025,09:19:06,24968.1,24965.1,75,24970,225,0,387000
NIFTY-III.NFO,14/05/2025,09:19:08,24968.1,24968.4,75,24970,225,0,387000
NIFTY-III.NFO,14/05/2025,09:19:10,24969.2,24969.1,150,24970,225,75,387000
NIFTY-III.NFO,14/05/2025,09:19:11,24970,24971.8,600,24973,75,225,387000
NIFTY-III.NFO,14/05/2025,09:19:13,24970,24971.1,150,24973,75,0,387000
NIFTY-III.NFO,14/05/2025,09:19:14,24970,24971.2,150,24973,75,0,387000
NIFTY-III.NFO,14/05/2025,09:19:16,24970,24970,150,24975,150,150,387000
NIFTY-III.NFO,14/05/2025,09:19:16,24973,24970,150,24975,150,0,387000
NIFTY-III.NFO,14/05/2025,09:19:18,24971.6,24971.4,75,24975,150,150,387000
NIFTY-III.NFO,14/05/2025,09:19:19,24971.6,24969.5,375,24975,150,0,387000
NIFTY-III.NFO,14/05/2025,09:19:21,24971.6,24968.3,450,24975,150,0,387000
NIFTY-III.NFO,14/05/2025,09:19:23,24971.6,24971.6,75,24975,150,0,387000
NIFTY-III.NFO,14/05/2025,09:19:24,24971.6,24971.6,150,24975,225,0,387000
NIFTY-III.NFO,14/05/2025,09:19:26,24971.6,24972.2,75,24975,225,0,387000
NIFTY-III.NFO,14/05/2025,09:19:28,24975,24972.4,525,24980.5,225,225,387000
NIFTY-III.NFO,14/05/2025,09:19:28,24975,24972.4,525,24980.5,225,0,387000
NIFTY-III.NFO,14/05/2025,09:19:29,24975,24971.6,75,24975,75,0,387000
NIFTY-III.NFO,14/05/2025,09:19:34,24975,24971.6,150,24980.4,150,75,387000
NIFTY-III.NFO,14/05/2025,09:19:36,24979.2,24971.6,75,24979.2,150,75,387000
NIFTY-III.NFO,14/05/2025,09:19:36,24979.2,24971.6,75,24979.2,150,0,387000
NIFTY-III.NFO,14/05/2025,09:19:38,24979.2,24975,75,24977,225,0,387000
NIFTY-III.NFO,14/05/2025,09:19:39,24979.2,24975,75,24978.5,150,0,387000
NIFTY-III.NFO,14/05/2025,09:19:41,24978.5,24975,75,24978.6,75,75,387000
NIFTY-III.NFO,14/05/2025,09:19:43,24978.5,24975,75,24980.4,150,0,387000
NIFTY-III.NFO,14/05/2025,09:19:44,24980,24975,75,24981,225,75,387000
NIFTY-III.NFO,14/05/2025,09:19:44,24980,24975,75,24981,225,0,387000
NIFTY-III.NFO,14/05/2025,09:19:46,24980,24975,75,24979,225,0,387000
NIFTY-III.NFO,14/05/2025,09:19:48,24979,24971.1,75,24980.9,150,75,387000
NIFTY-III.NFO,14/05/2025,09:19:49,24979,24971.2,150,24980,225,0,387000
NIFTY-III.NFO,14/05/2025,09:19:51,24979,24970.1,150,24980,300,0,387000
NIFTY-III.NFO,14/05/2025,09:19:53,24979,24970,75,24977.3,225,0,387000
NIFTY-III.NFO,14/05/2025,09:19:54,24979,24970.1,150,24978.1,225,0,387000
NIFTY-III.NFO,14/05/2025,09:19:56,24978.1,24970,75,24977.8,150,75,387000
NIFTY-III.NFO,14/05/2025,09:19:58,24978.1,24970,75,24977.5,150,0,387000
NIFTY-III.NFO,14/05/2025,09:19:59,24978.1,24970.1,225,24978.2,150,0,387000
NIFTY-III.NFO,14/05/2025,09:20:01,24978.1,24970,150,24978.7,600,0,387000
NIFTY-III.NFO,14/05/2025,09:20:03,24978.1,24970,150,24974.6,225,0,387000
NIFTY-III.NFO,14/05/2025,09:20:04,24970,24966,150,24976.4,225,150,387000
NIFTY-III.NFO,14/05/2025,09:20:06,24965.7,24965.7,75,24974.3,375,150,387000
NIFTY-III.NFO,14/05/2025,09:20:08,24965.7,24969.7,150,24977.9,150,0,387000
NIFTY-III.NFO,14/05/2025,09:20:09,24965.7,24970.4,150,24977.8,150,0,387000
NIFTY-III.NFO,14/05/2025,09:20:11,24965.7,24971.1,150,24978,75,0,387000
NIFTY-III.NFO,14/05/2025,09:20:13,24965.7,24972.6,225,24978,75,0,387000
NIFTY-III.NFO,14/05/2025,09:20:14,24965.7,24976.8,150,24978,75,0,387000
NIFTY-III.NFO,14/05/2025,09:20:16,24978,24978.3,150,24980,150,75,387000
NIFTY-III.NFO,14/05/2025,09:20:18,24980,24981.2,675,24989.5,75,225,387000
NIFTY-III.NFO,14/05/2025,09:20:19,24980,24982.4,225,24989.9,75,0,387000
NIFTY-III.NFO,14/05/2025,09:20:21,24984.7,24979.7,225,24989.9,225,75,387000
NIFTY-III.NFO,14/05/2025,09:20:21,24984.7,24979.7,225,24989.9,225,0,387000
NIFTY-III.NFO,14/05/2025,09:20:23,24984.7,24981.5,225,24989.9,225,0,387000
NIFTY-III.NFO,14/05/2025,09:20:24,24981.5,24981.4,300,24989.8,150,225,387000
NIFTY-III.NFO,14/05/2025,09:20:26,24981.5,24981.6,375,24989.8,150,0,387000
NIFTY-III.NFO,14/05/2025,09:20:28,24981.5,24981.7,75,24984.7,225,0,387000
NIFTY-III.NFO,14/05/2025,09:20:29,24984.7,24981.8,75,24984.7,150,75,387000
NIFTY-III.NFO,14/05/2025,09:20:31,24981.6,24981.6,450,24984.7,150,75,387000
NIFTY-III.NFO,14/05/2025,09:20:33,24981.6,24982.3,150,24984.7,150,0,387000
NIFTY-III.NFO,14/05/2025,09:20:34,24981.6,24981.6,75,24984.7,150,0,387000
NIFTY-III.NFO,14/05/2025,09:20:36,24981.5,24981.6,150,24984.7,150,75,387000
NIFTY-III.NFO,14/05/2025,09:20:38,24981.5,24983.4,75,24984.7,150,0,387000
NIFTY-III.NFO,14/05/2025,09:20:39,24985,24985.5,525,24990,450,225,387000
NIFTY-III.NFO,14/05/2025,09:20:39,24985,24985.5,525,24990,450,0,387000
NIFTY-III.NFO,14/05/2025,09:20:41,24990,24992.1,150,24995,75,450,387000
NIFTY-III.NFO,14/05/2025,09:20:41,24990,24992.1,150,24995,75,0,387000
NIFTY-III.NFO,14/05/2025,09:20:43,24990,24987.5,75,24994.9,75,0,387000
NIFTY-III.NFO,14/05/2025,09:20:44,24990,24986.5,150,24994.8,150,0,387000
NIFTY-III.NFO,14/05/2025,09:20:46,24990,24989.8,375,24995,75,0,387000
NIFTY-III.NFO,14/05/2025,09:20:48,24990,24990.6,375,24995,75,0,387000
NIFTY-III.NFO,14/05/2025,09:20:49,24994.1,24996.4,375,24998,150,225,387000
NIFTY-III.NFO,14/05/2025,09:20:49,24996,24996.4,375,24998,150,0,387000
NIFTY-III.NFO,14/05/2025,09:20:51,24996.7,24996,375,24998,150,75,387000
NIFTY-III.NFO,14/05/2025,09:20:51,24996.7,24996,375,24998,150,0,387000
NIFTY-III.NFO,14/05/2025,09:20:53,24996.7,24996.4,75,24998,150,0,387000
NIFTY-III.NFO,14/05/2025,09:20:55,25003,24997.2,225,25003,75,1125,387000
NIFTY-III.NFO,14/05/2025,09:20:55,25003,24997.2,225,25003,75,0,387000
NIFTY-III.NFO,14/05/2025,09:20:56,25003,24998.7,450,25000,75,0,387000
NIFTY-III.NFO,14/05/2025,09:20:58,25000,24997.7,375,25003,75,75,387000
NIFTY-III.NFO,14/05/2025,09:21:00,25000,24996.9,150,25003,75,0,387000
NIFTY-III.NFO,14/05/2025,09:21:01,24998.1,24995.7,150,25003,150,75,387000
NIFTY-III.NFO,14/05/2025,09:21:03,24998.1,24995.8,150,25002.9,75,0,387000
NIFTY-III.NFO,14/05/2025,09:21:05,24998.1,24997.7,375,25003,75,0,387000
NIFTY-III.NFO,14/05/2025,09:21:06,24998.1,25000.4,150,25003,150,0,387000
NIFTY-III.NFO,14/05/2025,09:21:08,24998.1,24999.8,150,25003,150,0,387000
NIFTY-III.NFO,14/05/2025,09:21:10,24998.1,25000.2,375,25003,150,0,387000
NIFTY-III.NFO,14/05/2025,09:21:11,25003,24998.8,150,25003,75,75,387000
NIFTY-III.NFO,14/05/2025,09:21:13,25003,24998.8,375,25003,75,0,387000
NIFTY-III.NFO,14/05/2025,09:21:15,24998.8,24999.4,75,25003,75,75,387000
NIFTY-III.NFO,14/05/2025,09:21:16,24998.8,24998.8,525,25003,75,0,387000
NIFTY-III.NFO,14/05/2025,09:21:18,24998.8,24998.4,225,25003,75,0,387000
NIFTY-III.NFO,14/05/2025,09:21:20,24999.4,25000,225,25003,75,300,387000
NIFTY-III.NFO,14/05/2025,09:21:21,24999.4,24998,75,25003,75,0,387000
NIFTY-III.NFO,14/05/2025,09:21:23,24999.4,24990,150,24998.9,150,0,387000
NIFTY-III.NFO,14/05/2025,09:21:25,24999.4,24992.7,150,24998.9,150,0,387000
NIFTY-III.NFO,14/05/2025,09:21:26,24999.4,24990,150,24996.9,225,0,387000
NIFTY-III.NFO,14/05/2025,09:21:28,24990,24980,225,24991.3,225,150,387000
NIFTY-III.NFO,14/05/2025,09:21:30,24990,24980.8,375,24988.7,75,0,387000
NIFTY-III.NFO,14/05/2025,09:21:31,24990,24983.3,150,24988.7,150,0,387000
NIFTY-III.NFO,14/05/2025,09:21:33,24990,24984.5,150,24988.7,75,0,387000
NIFTY-III.NFO,14/05/2025,09:21:35,24990,24986.5,75,24988.7,75,0,387000
NIFTY-III.NFO,14/05/2025,09:21:36,24990,24986.2,150,24988.7,75,0,387000
NIFTY-III.NFO,14/05/2025,09:21:38,24990,24986.2,450,24988.7,75,0,387000
NIFTY-III.NFO,14/05/2025,09:21:40,24990,24986.3,300,24988.7,75,0,387000
NIFTY-III.NFO,14/05/2025,09:21:41,24988.7,24989.6,75,24990,75,150,385500
NIFTY-III.NFO,14/05/2025,09:21:43,24990,24989.4,225,24998.9,225,75,385500
NIFTY-III.NFO,14/05/2025,09:21:45,24990,24993,75,24999,75,0,385500
NIFTY-III.NFO,14/05/2025,09:21:46,24990,24995.1,75,24999,75,0,385500
NIFTY-III.NFO,14/05/2025,09:21:48,24990,24995.5,150,24999,75,0,385500
NIFTY-III.NFO,14/05/2025,09:21:50,24990,24995.6,150,24999,75,0,385500
NIFTY-III.NFO,14/05/2025,09:21:51,24990,24995.8,375,24999,150,0,385500
NIFTY-III.NFO,14/05/2025,09:21:53,24990,24995.2,225,24998,75,0,385500
NIFTY-III.NFO,14/05/2025,09:21:55,24995.2,24996.1,450,24998,75,75,385500
NIFTY-III.NFO,14/05/2025,09:21:56,24995.2,24996.1,375,24998,75,0,385500
NIFTY-III.NFO,14/05/2025,09:21:58,24995.2,24996.5,75,24998,75,0,385500
NIFTY-III.NFO,14/05/2025,09:22:00,24995.2,24996.1,375,24998,75,0,385500
NIFTY-III.NFO,14/05/2025,09:22:01,24995.2,24996.3,150,24998,75,0,385500
NIFTY-III.NFO,14/05/2025,09:22:03,24998,24996.8,75,24998,75,75,385500
NIFTY-III.NFO,14/05/2025,09:22:05,24999,24996.8,75,25000,825,225,385500
NIFTY-III.NFO,14/05/2025,09:22:06,24999,24991.7,75,24999.9,225,0,385500
NIFTY-III.NFO,14/05/2025,09:22:08,24999.9,24993.1,75,24999.9,75,75,385500
NIFTY-III.NFO,14/05/2025,09:22:10,24999.9,24993.3,150,24999.9,150,0,385500
NIFTY-III.NFO,14/05/2025,09:22:11,24999.9,24995.1,375,25000,825,0,385500
NIFTY-III.NFO,14/05/2025,09:22:13,24995.1,24992.4,75,24994.9,75,75,385500
NIFTY-III.NFO,14/05/2025,09:22:15,24992.4,24990,75,24995.9,225,75,385500
NIFTY-III.NFO,14/05/2025,09:22:16,24992.4,24990,75,24995.9,225,0,385500
NIFTY-III.NFO,14/05/2025,09:22:18,24992.4,24990,75,24995,225,0,385500
NIFTY-III.NFO,14/05/2025,09:22:23,24990,24987.9,150,24990,150,75,385500
NIFTY-III.NFO,14/05/2025,09:22:24,24990,24990.8,375,24995.1,75,150,385500
NIFTY-III.NFO,14/05/2025,09:22:26,24990,24992.1,75,24995.1,75,0,385500
NIFTY-III.NFO,14/05/2025,09:22:28,24990,24993.7,75,24995.1,75,0,385500
NIFTY-III.NFO,14/05/2025,09:22:29,24995.1,24994.7,75,24995.8,75,75,385500
NIFTY-III.NFO,14/05/2025,09:22:31,24995.1,24993.3,375,24995.8,75,0,385500
NIFTY-III.NFO,14/05/2025,09:22:33,24995.1,24993.3,375,24994.7,75,0,385500
NIFTY-III.NFO,14/05/2025,09:22:34,24995.1,24993.3,75,24994.7,75,0,385500
NIFTY-III.NFO,14/05/2025,09:22:38,24994.7,24993.8,225,24995.1,75,75,385500
NIFTY-III.NFO,14/05/2025,09:22:39,24994.7,24993.6,75,24995.1,75,0,385500
NIFTY-III.NFO,14/05/2025,09:22:41,24994.7,24993.3,375,24995.1,75,0,385500
NIFTY-III.NFO,14/05/2025,09:22:43,24994.7,24994.1,75,24994.7,75,75,385500
NIFTY-III.NFO,14/05/2025,09:22:44,24994.7,24993.3,375,24994.7,75,0,385500
NIFTY-III.NFO,14/05/2025,09:22:46,24992.4,24992.4,75,24995.8,75,150,385500
NIFTY-III.NFO,14/05/2025,09:22:48,24989.8,24989.5,75,24995.7,150,150,385500
NIFTY-III.NFO,14/05/2025,09:22:49,24989.8,24991.8,75,24995.8,75,0,385500
NIFTY-III.NFO,14/05/2025,09:22:51,24989.8,24993.9,375,24995.8,75,0,385500
NIFTY-III.NFO,14/05/2025,09:22:53,24989.8,24994.3,75,24995.8,75,0,385500
NIFTY-III.NFO,14/05/2025,09:22:55,24989.8,24995.3,75,24995.8,75,0,385500
NIFTY-III.NFO,14/05/2025,09:22:56,24995.8,24995.8,150,24996,450,75,385500
NIFTY-III.NFO,14/05/2025,09:22:58,24999,24998.6,75,24999,75,600,385500
NIFTY-III.NFO,14/05/2025,09:23:00,25000,24999.2,150,25003,225,1125,385500
NIFTY-III.NFO,14/05/2025,09:23:01,25000,24998.8,225,25003,225,0,385500
NIFTY-III.NFO,14/05/2025,09:23:03,25000,25000.5,225,25003,225,0,385500
NIFTY-III.NFO,14/05/2025,09:23:05,25000,24998.3,225,25003,225,0,385500
NIFTY-III.NFO,14/05/2025,09:23:06,25003,25002.9,75,25005,150,225,385500
NIFTY-III.NFO,14/05/2025,09:23:08,25005.6,25005.2,450,25008,150,450,385500
NIFTY-III.NFO,14/05/2025,09:23:08,25005.6,25005.2,450,25008,150,0,385500
NIFTY-III.NFO,14/05/2025,09:23:10,25005.2,25005.3,300,25008,150,75,385500
NIFTY-III.NFO,14/05/2025,09:23:11,25003.1,25002.3,300,25008,150,75,385500
NIFTY-III.NFO,14/05/2025,09:23:13,25003.1,25002.7,225,25005,75,0,385500
NIFTY-III.NFO,14/05/2025,09:23:15,25003.1,25004.1,375,25005,75,0,385500
NIFTY-III.NFO,14/05/2025,09:23:16,25003.1,24996.8,225,25004.9,225,0,385500
NIFTY-III.NFO,14/05/2025,09:23:18,24995,24994.2,450,25004.9,225,150,385500
NIFTY-III.NFO,14/05/2025,09:23:20,24995,24992.9,75,25004.9,225,0,385500
NIFTY-III.NFO,14/05/2025,09:23:21,24995,24991.9,225,25002.3,150,0,385500
NIFTY-III.NFO,14/05/2025,09:23:23,24995,24994.2,225,25002.3,150,0,385500
NIFTY-III.NFO,14/05/2025,09:23:25,24995,24991,300,25002.3,150,0,385500
NIFTY-III.NFO,14/05/2025,09:23:26,24991,24994.1,375,25002.3,150,300,385500
NIFTY-III.NFO,14/05/2025,09:23:28,24991,24995.4,375,25004.8,150,0,385500
NIFTY-III.NFO,14/05/2025,09:23:31,24991,24993.7,375,24999.9,75,0,385500
NIFTY-III.NFO,14/05/2025,09:23:33,24991,24993.8,375,24999.9,75,0,385500
NIFTY-III.NFO,14/05/2025,09:23:35,24991,24994.9,375,24999.9,75,0,385500
NIFTY-III.NFO,14/05/2025,09:23:38,24993.9,24994.1,300,24999.9,75,75,385500
NIFTY-III.NFO,14/05/2025,09:23:40,24993.9,24995.4,300,24999.9,75,0,385500
NIFTY-III.NFO,14/05/2025,09:23:41,24993.9,24996.9,300,24999.9,75,0,385500
NIFTY-III.NFO,14/05/2025,09:23:43,24997.2,24996.7,225,24999.9,75,75,385500
NIFTY-III.NFO,14/05/2025,09:23:45,24997.2,24996.7,225,24999.9,75,0,385500
NIFTY-III.NFO,14/05/2025,09:23:48,24997.2,24995.5,375,24999.9,75,0,385500
NIFTY-III.NFO,14/05/2025,09:23:49,24997.2,24996.8,225,24999.9,75,0,385500
NIFTY-III.NFO,14/05/2025,09:23:51,24997.2,24998.5,375,24999.9,75,0,385500
NIFTY-III.NFO,14/05/2025,09:23:53,24997.2,24996.9,375,24999.9,75,0,385500
NIFTY-III.NFO,14/05/2025,09:23:54,24997.2,24998.8,375,24999.9,75,0,385500
NIFTY-III.NFO,14/05/2025,09:23:56,24997.2,24997.9,375,24999.9,75,0,385500
NIFTY-III.NFO,14/05/2025,09:23:58,24997.2,24998.2,375,24999.9,75,0,385500
NIFTY-III.NFO,14/05/2025,09:23:59,24997.2,24999.3,750,24999.9,75,0,385500
NIFTY-III.NFO,14/05/2025,09:24:01,24997.2,24998.3,375,24999.9,75,0,385500
NIFTY-III.NFO,14/05/2025,09:24:04,24997.2,24997.8,375,24999.9,75,0,385500
NIFTY-III.NFO,14/05/2025,09:24:06,24998.5,24997.4,375,24999.9,75,75,385500
NIFTY-III.NFO,14/05/2025,09:24:08,24998.5,24994.3,375,24999.9,75,0,385500
NIFTY-III.NFO,14/05/2025,09:24:09,24998.5,24992.8,375,24999.8,225,0,385500
NIFTY-III.NFO,14/05/2025,09:24:11,24998.5,24995.2,375,24999.9,75,0,385500
NIFTY-III.NFO,14/05/2025,09:24:13,24998.5,24996.2,375,24999.9,75,0,385500
NIFTY-III.NFO,14/05/2025,09:24:14,24998.5,24998.8,375,24999.9,75,0,385500
NIFTY-III.NFO,14/05/2025,09:24:16,24998.5,24999.4,375,24999.9,75,0,385500
NIFTY-III.NFO,14/05/2025,09:24:18,25000,24999.8,375,25005,150,300,385500
NIFTY-III.NFO,14/05/2025,09:24:19,25005,25005,1275,25007.8,150,225,385500
NIFTY-III.NFO,14/05/2025,09:24:21,25005,25005,1200,25007.8,225,75,385500
NIFTY-III.NFO,14/05/2025,09:24:23,25005,25005,900,25007.8,150,300,385500
NIFTY-III.NFO,14/05/2025,09:24:24,25007.8,25005,900,25007.9,150,75,385500
NIFTY-III.NFO,14/05/2025,09:24:24,25007.8,25005,900,25007.9,150,0,385500
NIFTY-III.NFO,14/05/2025,09:24:26,25007.8,25005,825,25007.8,150,150,385500
NIFTY-III.NFO,14/05/2025,09:24:28,25005,25005,675,25007.8,300,150,385500
NIFTY-III.NFO,14/05/2025,09:24:29,25005,25000.5,375,25005,75,675,385500
NIFTY-III.NFO,14/05/2025,09:24:31,25005,25000.6,75,25005,75,0,385500
NIFTY-III.NFO,14/05/2025,09:24:33,25005,25000.9,75,25005,75,0,385500
NIFTY-III.NFO,14/05/2025,09:24:34,25005,25004,375,25005,75,0,385500
NIFTY-III.NFO,14/05/2025,09:24:36,25005,25000,75,25004.9,150,0,385500
NIFTY-III.NFO,14/05/2025,09:24:38,24998.9,24999.5,375,25005,75,375,384975
NIFTY-III.NFO,14/05/2025,09:24:39,24998.9,24997.6,75,25004.9,225,0,384975
NIFTY-III.NFO,14/05/2025,09:24:41,24998.9,25000,75,25004.9,225,0,384975
NIFTY-III.NFO,14/05/2025,09:24:43,25000,24995.7,375,25004.2,150,75,384975
NIFTY-III.NFO,14/05/2025,09:24:44,25000,24996.2,150,25004.2,150,0,384975
NIFTY-III.NFO,14/05/2025,09:24:46,25000,24997.2,450,25004.8,150,0,384975
NIFTY-III.NFO,14/05/2025,09:24:49,25004.8,24997.4,75,25004.9,75,75,384975
NIFTY-III.NFO,14/05/2025,09:24:51,25004.8,24999.4,75,25005,150,0,384975
NIFTY-III.NFO,14/05/2025,09:24:53,25004.8,24998.3,75,25004.9,75,0,384975
NIFTY-III.NFO,14/05/2025,09:24:54,25004.8,24998,75,25004.9,225,0,384975
NIFTY-III.NFO,14/05/2025,09:24:56,25004.8,24998.7,75,25005,75,0,384975
NIFTY-III.NFO,14/05/2025,09:24:57,25004.8,25000.1,75,25005,75,0,384975
NIFTY-III.NFO,14/05/2025,09:24:59,25004.8,25000,75,25005,75,0,384975
NIFTY-III.NFO,14/05/2025,09:25:01,25004.8,25000.4,75,25004.9,75,0,384975
NIFTY-III.NFO,14/05/2025,09:25:02,25004.8,25001.5,75,25005,75,0,384975
NIFTY-III.NFO,14/05/2025,09:25:04,25004.8,25004.3,75,25005,75,0,384975
NIFTY-III.NFO,14/05/2025,09:25:06,25004.8,25004,75,25005,75,0,384975
NIFTY-III.NFO,14/05/2025,09:25:07,25005,25006,75,25007.8,150,75,384975
NIFTY-III.NFO,14/05/2025,09:25:09,25009,25007.3,75,25010,300,375,384975
NIFTY-III.NFO,14/05/2025,09:25:09,25009,25007.3,75,25010,300,0,384975
NIFTY-III.NFO,14/05/2025,09:25:11,25009,25006.6,75,25010,300,0,384975
NIFTY-III.NFO,14/05/2025,09:25:12,25009,25007.4,75,25010,300,0,384975
NIFTY-III.NFO,14/05/2025,09:25:14,25011,25009.5,75,25011,75,375,384975
NIFTY-III.NFO,14/05/2025,09:25:14,25011,25009.5,75,25011,75,0,384975
NIFTY-III.NFO,14/05/2025,09:25:16,25011,25010.6,75,25017.5,150,75,384975
NIFTY-III.NFO,14/05/2025,09:25:18,25011,25012,75,25018.6,75,0,384975
NIFTY-III.NFO,14/05/2025,09:25:19,25014.5,25014.4,375,25018.6,75,300,384975
NIFTY-III.NFO,14/05/2025,09:25:19,25014.9,25014.4,375,25018.6,75,0,384975
NIFTY-III.NFO,14/05/2025,09:25:21,25014.5,25012.9,375,25018.6,75,0,384975
NIFTY-III.NFO,14/05/2025,09:25:22,25014.5,25011.9,75,25017.6,75,0,384975
NIFTY-III.NFO,14/05/2025,09:25:24,25014.5,25014.1,375,25017.6,75,0,384975
NIFTY-III.NFO,14/05/2025,09:25:27,25014.5,25014.1,375,25019.9,150,0,384975
NIFTY-III.NFO,14/05/2025,09:25:29,25014.5,25014.1,375,25019.4,75,0,384975
NIFTY-III.NFO,14/05/2025,09:25:31,25014.5,25011,75,25018.5,225,0,384975
NIFTY-III.NFO,14/05/2025,09:25:32,25018.6,25014.6,375,25015,75,75,384975
NIFTY-III.NFO,14/05/2025,09:25:32,25018.6,25014.6,375,25015,75,0,384975
NIFTY-III.NFO,14/05/2025,09:25:34,25015,25014.6,375,25019.6,75,75,384975
NIFTY-III.NFO,14/05/2025,09:25:36,25015,25014.5,75,25018.6,150,0,384975
NIFTY-III.NFO,14/05/2025,09:25:37,25015,25014.5,75,25018.6,75,0,384975
NIFTY-III.NFO,14/05/2025,09:25:39,25015,25014.5,75,25015,450,0,384975
NIFTY-III.NFO,14/05/2025,09:25:41,25014.5,25011,75,25015,450,75,384975
NIFTY-III.NFO,14/05/2025,09:25:42,25011,25007,375,25014.9,225,150,384975
NIFTY-III.NFO,14/05/2025,09:25:44,25011,25007,375,25014.9,225,0,384975
NIFTY-III.NFO,14/05/2025,09:25:46,25011,25007.1,375,25014.9,225,0,384975
NIFTY-III.NFO,14/05/2025,09:25:47,25011,25007.1,750,25011,75,0,384975
NIFTY-III.NFO,14/05/2025,09:25:49,25011,25008.2,375,25011,75,0,384975
NIFTY-III.NFO,14/05/2025,09:25:51,25011,25010.5,375,25011,75,0,384975
NIFTY-III.NFO,14/05/2025,09:25:52,25011,25012.6,375,25015,450,75,384975
NIFTY-III.NFO,14/05/2025,09:25:54,25014.8,25014.5,375,25015,450,75,384975
NIFTY-III.NFO,14/05/2025,09:25:56,25014.8,25014.4,375,25015,450,0,384975
NIFTY-III.NFO,14/05/2025,09:25:57,25014.8,25013.8,375,25015,450,0,384975
NIFTY-III.NFO,14/05/2025,09:25:59,25014.8,25012.7,375,25015,450,0,384975
NIFTY-III.NFO,14/05/2025,09:26:01,25015,25013.7,225,25015,75,375,384975
NIFTY-III.NFO,14/05/2025,09:26:02,25015.2,25015.5,75,25020,525,300,384975
NIFTY-III.NFO,14/05/2025,09:26:02,25019,25015.5,75,25020,525,0,384975
NIFTY-III.NFO,14/05/2025,09:26:04,25015.2,25019.1,225,25020,525,0,384975
NIFTY-III.NFO,14/05/2025,09:26:07,25015.2,25018.3,225,25020,525,0,384975
NIFTY-III.NFO,14/05/2025,09:26:09,25020,25017.3,600,25020,450,75,384975
NIFTY-III.NFO,14/05/2025,09:26:09,25020,25017.3,600,25020,450,0,384975
NIFTY-III.NFO,14/05/2025,09:26:11,25017.3,25017.3,300,25020,450,300,384975
NIFTY-III.NFO,14/05/2025,09:26:12,25017.3,25017.3,300,25020,450,0,384975
NIFTY-III.NFO,14/05/2025,09:26:14,25017.3,25018.7,225,25020,450,0,384975
NIFTY-III.NFO,14/05/2025,09:26:16,25017.3,25015.4,225,25020,450,0,384975
NIFTY-III.NFO,14/05/2025,09:26:19,25015.4,25016,150,25020,450,75,384975
NIFTY-III.NFO,14/05/2025,09:26:21,25015.4,25016.5,150,25020,450,0,384975
NIFTY-III.NFO,14/05/2025,09:26:22,25015.4,25015.5,150,25019.9,150,0,384975
NIFTY-III.NFO,14/05/2025,09:26:24,25015.5,25012.8,375,25019.9,225,150,384975
NIFTY-III.NFO,14/05/2025,09:26:26,25015.5,25011.2,600,25019.9,225,0,384975
NIFTY-III.NFO,14/05/2025,09:26:27,25015.5,25015,75,25018.7,150,0,384975
NIFTY-III.NFO,14/05/2025,09:26:29,25015.5,25015,75,25020,450,0,384975
NIFTY-III.NFO,14/05/2025,09:26:36,25015.5,25015,75,25019.9,150,0,384975
NIFTY-III.NFO,14/05/2025,09:26:37,25015.5,25015,75,25015.5,75,0,384975
NIFTY-III.NFO,14/05/2025,09:26:41,25015.5,25015,75,25015.5,150,0,384975
NIFTY-III.NFO,14/05/2025,09:26:51,25015.5,25015,225,25015.5,150,0,384975
NIFTY-III.NFO,14/05/2025,09:26:52,25015.5,25015,150,25015.5,150,75,384975
NIFTY-III.NFO,14/05/2025,09:26:54,25015.5,25015,150,25015.5,150,0,384975
NIFTY-III.NFO,14/05/2025,09:26:59,25015,25015,75,25015.5,150,75,384975
NIFTY-III.NFO,14/05/2025,09:27:00,25015,25015,75,25015.5,150,0,384975
NIFTY-III.NFO,14/05/2025,09:27:04,25015,25012.7,375,25015,75,75,384975
NIFTY-III.NFO,14/05/2025,09:27:05,25015,25015,375,25015.5,150,75,384975
NIFTY-III.NFO,14/05/2025,09:27:07,25015.5,25015.3,75,25020,450,150,384975
NIFTY-III.NFO,14/05/2025,09:27:09,25015.5,25016.3,375,25020,525,0,384975
NIFTY-III.NFO,14/05/2025,09:27:10,25015.5,25016.1,375,25020,525,0,384975
NIFTY-III.NFO,14/05/2025,09:27:12,25015.5,25017,75,25020,525,0,384975
NIFTY-III.NFO,14/05/2025,09:27:14,25015.5,25016.6,375,25020,525,0,384975
NIFTY-III.NFO,14/05/2025,09:27:15,25015.5,25016.1,225,25020,525,0,384975
NIFTY-III.NFO,14/05/2025,09:27:17,25015.5,25016.4,375,25020,525,0,384975
NIFTY-III.NFO,14/05/2025,09:27:19,25015.5,25017.6,375,25020,525,0,384975
NIFTY-III.NFO,14/05/2025,09:27:20,25015.5,25017.7,375,25020,525,0,384975
NIFTY-III.NFO,14/05/2025,09:27:22,25015.5,25018,375,25020,525,0,384975
NIFTY-III.NFO,14/05/2025,09:27:23,25015.5,25018.1,375,25020,525,0,384975
NIFTY-III.NFO,14/05/2025,09:27:25,25020,25019.8,375,25025,450,525,384975
NIFTY-III.NFO,14/05/2025,09:27:27,25018.8,25019.3,450,25025,450,75,384975
NIFTY-III.NFO,14/05/2025,09:27:29,25018.8,25021.5,375,25025,450,0,384975
NIFTY-III.NFO,14/05/2025,09:27:30,25018.8,25022.4,375,25025,450,0,384975
NIFTY-III.NFO,14/05/2025,09:27:34,25018.8,25023.9,375,25025,450,0,384975
NIFTY-III.NFO,14/05/2025,09:27:35,25018.8,25023.7,75,25025,450,0,384975
NIFTY-III.NFO,14/05/2025,09:27:37,25018.8,25023,375,25025,450,0,384975
NIFTY-III.NFO,14/05/2025,09:27:38,25018.8,25022.5,375,25025,450,0,384975
NIFTY-III.NFO,14/05/2025,09:27:40,25018.8,25023.2,375,25025,750,0,384975
NIFTY-III.NFO,14/05/2025,09:27:42,25018.8,25021.1,375,25025,750,0,384975
NIFTY-III.NFO,14/05/2025,09:27:45,25018.8,25022.9,375,25025,750,0,384975
NIFTY-III.NFO,14/05/2025,09:27:47,25018.8,25023.1,375,25025,750,0,384975
NIFTY-III.NFO,14/05/2025,09:27:48,25018.8,25022.3,375,25025,750,0,384975
NIFTY-III.NFO,14/05/2025,09:27:50,25018.8,25021.5,375,25025,750,0,384975
NIFTY-III.NFO,14/05/2025,09:27:52,25018.8,25019.9,375,25024.9,150,0,384975
NIFTY-III.NFO,14/05/2025,09:27:53,25019.9,25020.6,375,25025,750,75,384075
NIFTY-III.NFO,14/05/2025,09:27:55,25019.9,25020.2,75,25025,750,0,384075
NIFTY-III.NFO,14/05/2025,09:27:57,25019.9,25020.9,75,25025,750,0,384075
NIFTY-III.NFO,14/05/2025,09:27:58,25019.9,25021.1,75,25025,750,0,384075
NIFTY-III.NFO,14/05/2025,09:28:00,25019.9,25020.3,75,25025,750,0,384075
NIFTY-III.NFO,14/05/2025,09:28:02,25019.9,25020.6,375,25025,750,0,384075
NIFTY-III.NFO,14/05/2025,09:28:03,25019.9,25021.7,375,25025,825,0,384075
NIFTY-III.NFO,14/05/2025,09:28:05,25019.9,25021.6,375,25025,825,0,384075
NIFTY-III.NFO,14/05/2025,09:28:07,25021.6,25021.5,225,25025,525,300,384075
NIFTY-III.NFO,14/05/2025,09:28:07,25021.6,25021.5,225,25025,525,0,384075
NIFTY-III.NFO,14/05/2025,09:28:08,25021.6,25023.4,150,25025,525,0,384075
NIFTY-III.NFO,14/05/2025,09:28:10,25021.6,25023.8,150,25025,525,0,384075
NIFTY-III.NFO,14/05/2025,09:28:12,25021.6,25024.4,150,25025,525,0,384075
NIFTY-III.NFO,14/05/2025,09:28:13,25025,25024.8,75,25027,150,525,384075
NIFTY-III.NFO,14/05/2025,09:28:13,25025,25024.8,75,25027,150,0,384075
NIFTY-III.NFO,14/05/2025,09:28:15,25025.8,25025.6,75,25027,150,75,384075
NIFTY-III.NFO,14/05/2025,09:28:15,25025.8,25025.6,75,25027,150,0,384075
NIFTY-III.NFO,14/05/2025,09:28:17,25025.8,25025.6,75,25027,150,0,384075
NIFTY-III.NFO,14/05/2025,09:28:18,25025.8,25025.7,75,25027,150,0,384075
NIFTY-III.NFO,14/05/2025,09:28:20,25025.8,25025.2,75,25027,150,0,384075
NIFTY-III.NFO,14/05/2025,09:28:21,25027,25026.5,75,25027,75,75,384075
NIFTY-III.NFO,14/05/2025,09:28:21,25027,25026.5,75,25027,75,0,384075
NIFTY-III.NFO,14/05/2025,09:28:23,25024.7,25025.1,750,25027,75,75,384075
NIFTY-III.NFO,14/05/2025,09:28:25,25024.7,25026,75,25027,75,0,384075
NIFTY-III.NFO,14/05/2025,09:28:26,25024.7,25025.4,75,25027,75,0,384075
NIFTY-III.NFO,14/05/2025,09:28:30,25024.7,25026.2,750,25027,75,0,384075
NIFTY-III.NFO,14/05/2025,09:28:31,25027,25026.5,75,25027.2,75,75,384075
NIFTY-III.NFO,14/05/2025,09:28:33,25027.2,25028,75,25029.1,75,75,384075
NIFTY-III.NFO,14/05/2025,09:28:33,25027.2,25028,75,25029.1,75,0,384075
NIFTY-III.NFO,14/05/2025,09:28:35,25030,25030.1,675,25035,75,375,384075
NIFTY-III.NFO,14/05/2025,09:28:35,25030,25030.1,675,25035,75,0,384075
NIFTY-III.NFO,14/05/2025,09:28:36,25030,25031.2,750,25035,75,0,384075
NIFTY-III.NFO,14/05/2025,09:28:38,25031.2,25032.9,75,25035,75,75,384075
NIFTY-III.NFO,14/05/2025,09:28:38,25031.2,25032.9,75,25035,75,0,384075
NIFTY-III.NFO,14/05/2025,09:28:40,25031.2,25033.6,75,25035,150,0,384075
NIFTY-III.NFO,14/05/2025,09:28:41,25031.2,25032.2,600,25035,150,0,384075
NIFTY-III.NFO,14/05/2025,09:28:43,25031.2,25032.6,75,25035,150,0,384075
NIFTY-III.NFO,14/05/2025,09:28:45,25035,25033.8,75,25035,75,150,384075
NIFTY-III.NFO,14/05/2025,09:28:45,25035,25033.8,75,25035,75,0,384075
NIFTY-III.NFO,14/05/2025,09:28:46,25034.6,25035.4,375,25039.9,150,150,384075
NIFTY-III.NFO,14/05/2025,09:28:48,25034.6,25034.9,150,25040,300,0,384075
NIFTY-III.NFO,14/05/2025,09:28:50,25034.6,25035.5,900,25040,300,0,384075
NIFTY-III.NFO,14/05/2025,09:28:51,25034.6,25036.8,525,25040,300,0,384075
NIFTY-III.NFO,14/05/2025,09:28:55,25034.6,25037,150,25040,300,0,384075
NIFTY-III.NFO,14/05/2025,09:28:56,25034.6,25037,375,25040,300,0,384075
NIFTY-III.NFO,14/05/2025,09:28:58,25034.6,25038,375,25040,375,0,384075
NIFTY-III.NFO,14/05/2025,09:29:00,25034.6,25038.1,150,25040,450,0,384075
NIFTY-III.NFO,14/05/2025,09:29:01,25036.9,25038.4,300,25040,450,75,384075
NIFTY-III.NFO,14/05/2025,09:29:01,25036.9,25038.4,300,25040,450,0,384075
NIFTY-III.NFO,14/05/2025,09:29:03,25038.7,25038.4,225,25040,450,75,384075
NIFTY-III.NFO,14/05/2025,09:29:03,25038.7,25038.4,225,25040,450,0,384075
NIFTY-III.NFO,14/05/2025,09:29:05,25038.7,25037.7,525,25040,450,0,384075
NIFTY-III.NFO,14/05/2025,09:29:06,25038.7,25038.4,225,25040,450,0,384075
NIFTY-III.NFO,14/05/2025,09:29:08,25038.4,25038,150,25040,450,75,384075
NIFTY-III.NFO,14/05/2025,09:29:10,25037.9,25034.9,375,25040,150,300,384075
NIFTY-III.NFO,14/05/2025,09:29:11,25037.9,25034.4,375,25039.9,150,0,384075
NIFTY-III.NFO,14/05/2025,09:29:13,25038,25030,75,25038.1,225,75,384075
NIFTY-III.NFO,14/05/2025,09:29:15,25038,25030,75,25035.2,150,0,384075
NIFTY-III.NFO,14/05/2025,09:29:16,25038,25030,75,25034.9,225,0,384075
NIFTY-III.NFO,14/05/2025,09:29:18,25034.9,25030,75,25034.9,150,75,384075
NIFTY-III.NFO,14/05/2025,09:29:20,25034.9,25030,75,25034.9,75,0,384075
NIFTY-III.NFO,14/05/2025,09:29:21,25034.9,25030,75,25034.9,225,0,384075
NIFTY-III.NFO,14/05/2025,09:29:23,25034.9,25030,75,25034.9,300,75,384075
NIFTY-III.NFO,14/05/2025,09:29:25,25030,25024.5,150,25033.4,150,75,384075
NIFTY-III.NFO,14/05/2025,09:29:26,25030,25024.1,150,25033,150,0,384075
NIFTY-III.NFO,14/05/2025,09:29:28,25030,25022.4,525,25031.4,150,0,384075
NIFTY-III.NFO,14/05/2025,09:29:30,25030,25019.9,750,25031.4,150,0,384075
NIFTY-III.NFO,14/05/2025,09:29:31,25030,25019.9,150,25028.8,225,0,384075
NIFTY-III.NFO,14/05/2025,09:29:33,25030,25019.9,150,25027.7,150,0,384075
NIFTY-III.NFO,14/05/2025,09:29:35,25026.5,25013.2,75,25023.9,150,225,384075
NIFTY-III.NFO,14/05/2025,09:29:37,25026.5,25012,150,25021.7,150,0,384075
NIFTY-III.NFO,14/05/2025,09:29:38,25021,25015.2,75,25023.6,225,75,384075
NIFTY-III.NFO,14/05/2025,09:29:40,25021,25016.9,225,25025.3,150,0,384075
NIFTY-III.NFO,14/05/2025,09:29:42,25021,25018.8,150,25027.1,150,0,384075
NIFTY-III.NFO,14/05/2025,09:29:43,25021,25019.5,150,25028.3,225,0,384075
NIFTY-III.NFO,14/05/2025,09:29:45,25021,25021.8,75,25028.4,150,0,384075
NIFTY-III.NFO,14/05/2025,09:29:47,25028.4,25021.5,75,25028.4,150,75,384075
NIFTY-III.NFO,14/05/2025,09:29:48,25028.4,25023.3,225,25031.6,150,0,384075
NIFTY-III.NFO,14/05/2025,09:29:50,25028.4,25024.2,150,25025,75,0,384075
NIFTY-III.NFO,14/05/2025,09:29:52,25025,25025.6,75,25028,75,75,384075
NIFTY-III.NFO,14/05/2025,09:29:53,25025,25024.2,75,25028,150,0,384075
NIFTY-III.NFO,14/05/2025,09:29:55,25025,25025,225,25028,150,0,384075
NIFTY-III.NFO,14/05/2025,09:29:57,25022.9,25023.4,150,25025,75,75,384075
NIFTY-III.NFO,14/05/2025,09:29:58,25028,25019.4,150,25028.3,225,225,384075
NIFTY-III.NFO,14/05/2025,09:30:00,25028,25016.9,150,25025.1,150,0,384075
NIFTY-III.NFO,14/05/2025,09:30:02,25028,25018.2,225,25028.2,150,0,384075
NIFTY-III.NFO,14/05/2025,09:30:03,25028,25020.3,225,25028.2,150,0,384075
NIFTY-III.NFO,14/05/2025,09:30:05,25028,25022.6,150,25028.4,75,0,384075
NIFTY-III.NFO,14/05/2025,09:30:07,25028,25023.7,150,25028.4,75,0,384075
NIFTY-III.NFO,14/05/2025,09:30:08,25028,25023.1,150,25028.4,75,0,384075
NIFTY-III.NFO,14/05/2025,09:30:10,25028,25021.4,150,25028.3,225,0,384075
NIFTY-III.NFO,14/05/2025,09:30:12,25028,25018.1,225,25028.3,225,0,384075
NIFTY-III.NFO,14/05/2025,09:30:13,25028,25016.9,150,25026.1,525,0,384075
NIFTY-III.NFO,14/05/2025,09:30:15,25028,25018,150,25024.9,225,0,384075
NIFTY-III.NFO,14/05/2025,09:30:17,25028,25012.9,225,25022.3,225,0,384075
NIFTY-III.NFO,14/05/2025,09:30:18,25028,25011.9,225,25021.7,225,0,384075
NIFTY-III.NFO,14/05/2025,09:30:20,25028,25005.6,150,25014.1,150,0,384075
NIFTY-III.NFO,14/05/2025,09:30:21,25028,25003.4,525,25013.3,150,0,384075
NIFTY-III.NFO,14/05/2025,09:30:23,25028,25004.5,225,25014,225,0,384075
NIFTY-III.NFO,14/05/2025,09:30:25,25028,25005.3,225,25013.4,225,0,384075
NIFTY-III.NFO,14/05/2025,09:30:26,25006.6,25005.8,75,25011,75,75,384075
NIFTY-III.NFO,14/05/2025,09:30:28,25006.6,25002.7,75,25010.9,225,0,384075
NIFTY-III.NFO,14/05/2025,09:30:30,25006.6,25003.5,150,25010.8,75,0,384075
NIFTY-III.NFO,14/05/2025,09:30:31,25006.6,25004.3,75,25010.7,150,0,384075
NIFTY-III.NFO,14/05/2025,09:30:33,25006.6,25001.7,150,25010.7,225,0,384075
NIFTY-III.NFO,14/05/2025,09:30:35,25006.6,25000.1,75,25010.5,225,0,384075
NIFTY-III.NFO,14/05/2025,09:30:36,25006.6,25000,750,25006.5,225,0,384075
NIFTY-III.NFO,14/05/2025,09:30:38,25006.6,25000,750,25007.2,150,0,384075
NIFTY-III.NFO,14/05/2025,09:30:40,25006.6,25000,750,25007.6,150,0,384075
NIFTY-III.NFO,14/05/2025,09:30:41,25000.1,24999,150,25007.4,150,75,383550
NIFTY-III.NFO,14/05/2025,09:30:43,25000.1,24998.7,375,25000,300,0,383550
NIFTY-III.NFO,14/05/2025,09:30:45,25000.1,24999.2,150,25000,300,0,383550
NIFTY-III.NFO,14/05/2025,09:30:46,25000,24998.5,150,25000,150,150,383550
NIFTY-III.NFO,14/05/2025,09:30:48,25000,24994.1,375,25000,225,0,383550
NIFTY-III.NFO,14/05/2025,09:30:50,25000,24994.9,150,25000,225,0,383550
NIFTY-III.NFO,14/05/2025,09:30:51,25000,24992.9,150,25000,225,0,383550
NIFTY-III.NFO,14/05/2025,09:30:53,25000,24995.9,375,25000,375,0,383550
NIFTY-III.NFO,14/05/2025,09:30:55,25000,24997.6,375,25000,450,0,383550
NIFTY-III.NFO,14/05/2025,09:30:56,25000.1,25000.2,450,25008,150,525,383550
NIFTY-III.NFO,14/05/2025,09:30:58,25000.1,25001.1,375,25008,150,0,383550
NIFTY-III.NFO,14/05/2025,09:31:00,25000.1,25002.2,375,25008,75,0,383550
NIFTY-III.NFO,14/05/2025,09:31:01,25000.1,25003.4,375,25008,75,0,383550
NIFTY-III.NFO,14/05/2025,09:31:05,25000.1,25005.8,375,25008,75,0,383550
NIFTY-III.NFO,14/05/2025,09:31:06,25000.1,25006.9,375,25008,75,0,383550
NIFTY-III.NFO,14/05/2025,09:31:08,25008,25010.1,300,25018.5,150,75,383550
NIFTY-III.NFO,14/05/2025,09:31:10,25008,25007.5,375,25016.8,150,0,383550
NIFTY-III.NFO,14/05/2025,09:31:11,25008,25006.5,450,25015.7,225,0,383550
NIFTY-III.NFO,14/05/2025,09:31:13,25008,25004.9,75,25015.4,225,0,383550
NIFTY-III.NFO,14/05/2025,09:31:15,25008,25002.8,300,25010.9,150,0,383550
NIFTY-III.NFO,14/05/2025,09:31:16,25008,24999.4,375,25009.6,150,0,383550
NIFTY-III.NFO,14/05/2025,09:31:18,25008,25000.3,375,25008.9,225,0,383550
NIFTY-III.NFO,14/05/2025,09:31:20,25008,25002.6,450,25011,150,0,383550
NIFTY-III.NFO,14/05/2025,09:31:21,25008,25004,300,25010.3,150,0,383550
NIFTY-III.NFO,14/05/2025,09:31:23,25005,25002.1,300,25010.7,150,75,383550
NIFTY-III.NFO,14/05/2025,09:31:25,25005,25000.9,300,25010.7,150,0,383550
NIFTY-III.NFO,14/05/2025,09:31:26,25005,25000,75,25009.1,150,0,383550
NIFTY-III.NFO,14/05/2025,09:31:28,25007.3,25000,75,25006.9,150,75,383550
NIFTY-III.NFO,14/05/2025,09:31:30,25007.3,25000,75,25005.9,225,0,383550
NIFTY-III.NFO,14/05/2025,09:31:31,25007.3,25001,75,25006.9,150,0,383550
NIFTY-III.NFO,14/05/2025,09:31:35,25007.3,25001,75,25008.3,150,0,383550
NIFTY-III.NFO,14/05/2025,09:31:36,25007.3,25002.9,150,25009.5,150,0,383550
NIFTY-III.NFO,14/05/2025,09:31:38,25007.3,25001.9,525,25009.5,225,0,383550
NIFTY-III.NFO,14/05/2025,09:31:40,25007.3,25002.6,300,25009.5,150,0,383550
NIFTY-III.NFO,14/05/2025,09:31:41,25007.3,25003,75,25009.5,150,0,383550
NIFTY-III.NFO,14/05/2025,09:31:43,25007.3,25001,75,25008.5,225,0,383550
NIFTY-III.NFO,14/05/2025,09:31:45,25007.3,25002.7,75,25008.6,75,0,383550
NIFTY-III.NFO,14/05/2025,09:31:46,25007.3,25001.9,75,25005,150,0,383550
NIFTY-III.NFO,14/05/2025,09:31:48,25007.3,25001.7,75,25005,150,0,383550
NIFTY-III.NFO,14/05/2025,09:31:50,25007.3,25003.1,300,25005,150,0,383550
NIFTY-III.NFO,14/05/2025,09:31:53,25001.8,25001,75,25005,150,150,383550
NIFTY-III.NFO,14/05/2025,09:31:55,25001.8,25001,75,25004.9,150,0,383550
NIFTY-III.NFO,14/05/2025,09:31:56,25001,25000,75,25004.9,225,75,383550
NIFTY-III.NFO,14/05/2025,09:31:58,25001,25000,75,25004.9,150,0,383550
NIFTY-III.NFO,14/05/2025,09:32:00,25001,25000,75,25005,150,0,383550
NIFTY-III.NFO,14/05/2025,09:32:01,25001,25000.2,225,25005,150,0,383550
NIFTY-III.NFO,14/05/2025,09:32:03,25001,25001.8,225,25005,150,0,383550
NIFTY-III.NFO,14/05/2025,09:32:06,25001,25001.8,375,25005,150,0,383550
NIFTY-III.NFO,14/05/2025,09:32:08,25001,25001,150,25005,150,0,383550
NIFTY-III.NFO,14/05/2025,09:32:10,25001,25002,225,25005,150,0,383550
NIFTY-III.NFO,14/05/2025,09:32:11,25001,25001,150,25004.9,150,0,383550
NIFTY-III.NFO,14/05/2025,09:32:13,25000,24996.2,375,25004.5,225,225,383550
NIFTY-III.NFO,14/05/2025,09:32:15,25000,24992.8,450,25002.6,150,0,383550
NIFTY-III.NFO,14/05/2025,09:32:16,25000,24992.8,375,25001.4,150,0,383550
NIFTY-III.NFO,14/05/2025,09:32:18,25000,24994.3,375,25000,150,0,383550
NIFTY-III.NFO,14/05/2025,09:32:20,25000,24993.1,375,25000,225,0,383550
NIFTY-III.NFO,14/05/2025,09:32:21,25000,24994.4,225,25000,150,0,383550
NIFTY-III.NFO,14/05/2025,09:32:23,24994.4,24994.3,150,24999.9,150,75,383550
NIFTY-III.NFO,14/05/2025,09:32:25,24994.3,24993.6,150,25000,150,150,383550
NIFTY-III.NFO,14/05/2025,09:32:26,24994.3,24994.6,375,25000,300,0,383550
NIFTY-III.NFO,14/05/2025,09:32:28,24994.3,24993.7,375,25000,300,0,383550
NIFTY-III.NFO,14/05/2025,09:32:30,24994.3,24995.7,375,25000,900,0,383550
NIFTY-III.NFO,14/05/2025,09:32:31,24994.3,24998.1,375,25000,900,0,383550
NIFTY-III.NFO,14/05/2025,09:32:33,24994.3,24997.3,375,25000,900,0,383550
NIFTY-III.NFO,14/05/2025,09:32:36,24997.3,24995.3,300,25000,900,75,383550
NIFTY-III.NFO,14/05/2025,09:32:38,24997.3,24992,300,24999.9,225,0,383550
NIFTY-III.NFO,14/05/2025,09:32:40,24997.3,24991.2,150,24999.9,225,0,383550
NIFTY-III.NFO,14/05/2025,09:32:41,24997.3,24991,300,24999.9,225,0,383550
NIFTY-III.NFO,14/05/2025,09:32:43,24997.3,24990.5,375,24999.4,150,0,383550
NIFTY-III.NFO,14/05/2025,09:32:45,24997.3,24990,150,24999.8,150,0,383550
NIFTY-III.NFO,14/05/2025,09:32:46,24997.3,24990,75,24997.1,225,0,383550
NIFTY-III.NFO,14/05/2025,09:32:51,24997.3,24990,150,24998.3,150,0,383550
NIFTY-III.NFO,14/05/2025,09:32:53,24997.3,24990,75,24997.5,225,0,383550
NIFTY-III.NFO,14/05/2025,09:32:56,24997.3,24991,75,24998.8,150,0,383550
NIFTY-III.NFO,14/05/2025,09:32:58,24997.3,24991,75,24995.1,75,0,383550
NIFTY-III.NFO,14/05/2025,09:33:00,24997.3,24991,75,24993.4,225,0,383550
NIFTY-III.NFO,14/05/2025,09:33:05,24991,24990,75,24993,225,75,383550
NIFTY-III.NFO,14/05/2025,09:33:06,24990,24985,75,24991.4,225,75,383550
NIFTY-III.NFO,14/05/2025,09:33:08,24990,24985,75,24991,225,0,383550
NIFTY-III.NFO,14/05/2025,09:33:10,24990,24985,75,24990,225,0,383550
NIFTY-III.NFO,14/05/2025,09:33:11,24985,24980,225,24987.6,225,75,383550
NIFTY-III.NFO,14/05/2025,09:33:13,24980,24981.6,150,24985,750,75,383550
NIFTY-III.NFO,14/05/2025,09:33:15,24980,24982.5,300,24985,750,0,383550
NIFTY-III.NFO,14/05/2025,09:33:16,24985,24984.4,525,24985,450,300,383550
NIFTY-III.NFO,14/05/2025,09:33:18,24986.2,24989.5,75,24997.8,150,525,383550
NIFTY-III.NFO,14/05/2025,09:33:20,24986.2,24989.3,75,24998,150,0,383550
NIFTY-III.NFO,14/05/2025,09:33:21,24986.2,24991.9,300,24999.9,225,0,383550
NIFTY-III.NFO,14/05/2025,09:33:23,24986.2,24993.8,225,25000,750,0,383550
NIFTY-III.NFO,14/05/2025,09:33:25,24986.2,24995.7,375,25000,750,0,383550
NIFTY-III.NFO,14/05/2025,09:33:26,24986.2,24993.8,75,25000,750,0,383550
NIFTY-III.NFO,14/05/2025,09:33:28,24986.2,24994.8,375,25000,750,0,383550
NIFTY-III.NFO,14/05/2025,09:33:30,25000,24994.8,375,25000,675,75,383550
NIFTY-III.NFO,14/05/2025,09:33:31,25000,24994.8,375,25000,675,0,383550
NIFTY-III.NFO,14/05/2025,09:33:33,25000,24995.9,375,25000,750,0,383550
NIFTY-III.NFO,14/05/2025,09:33:35,25000,24996.1,75,25000,750,0,383550
NIFTY-III.NFO,14/05/2025,09:33:36,25000,24999.2,375,25000,750,0,383550
NIFTY-III.NFO,14/05/2025,09:33:38,25000,25003,375,25009.8,150,750,382875
NIFTY-III.NFO,14/05/2025,09:33:40,25000,25001.7,375,25009.5,225,0,382875
NIFTY-III.NFO,14/05/2025,09:33:41,25000,24999.3,450,25009.1,150,0,382875
NIFTY-III.NFO,14/05/2025,09:33:43,25000,25000,75,25008.2,150,0,382875
NIFTY-III.NFO,14/05/2025,09:33:46,25000.2,25000,150,25008.5,225,150,382875
NIFTY-III.NFO,14/05/2025,09:33:48,25000.2,25000,150,25008.3,225,0,382875
NIFTY-III.NFO,14/05/2025,09:33:50,25000.2,25000,75,25006.3,225,0,382875
NIFTY-III.NFO,14/05/2025,09:33:53,25000,24994.5,225,25004.4,150,75,382875
NIFTY-III.NFO,14/05/2025,09:33:55,25000,24993.5,300,25004,150,0,382875
NIFTY-III.NFO,14/05/2025,09:33:57,25000,24992.4,375,25001.4,150,0,382875
NIFTY-III.NFO,14/05/2025,09:33:58,25000,24988,75,24995.8,225,0,382875
NIFTY-III.NFO,14/05/2025,09:34:00,25000,24988,75,24994.8,225,0,382875
NIFTY-III.NFO,14/05/2025,09:34:02,25000,24988,75,24993.5,150,0,382875
NIFTY-III.NFO,14/05/2025,09:34:03,25000,24988,75,24992.2,225,0,382875
NIFTY-III.NFO,14/05/2025,09:34:05,24988,24980.1,225,24990.6,150,75,382875
NIFTY-III.NFO,14/05/2025,09:34:07,24988,24980,225,24987.4,150,0,382875
NIFTY-III.NFO,14/05/2025,09:34:08,24980,24977.7,75,24984,150,225,382875
NIFTY-III.NFO,14/05/2025,09:34:10,24980,24977.7,75,24983.5,225,0,382875
NIFTY-III.NFO,14/05/2025,09:34:12,24980,24977.7,75,24984.4,150,0,382875
NIFTY-III.NFO,14/05/2025,09:34:13,24980,24977.7,75,24983.1,150,0,382875
NIFTY-III.NFO,14/05/2025,09:34:15,24980,24977.7,75,24982.1,225,0,382875
NIFTY-III.NFO,14/05/2025,09:34:17,24977.7,24975,75,24978.2,150,75,382875
NIFTY-III.NFO,14/05/2025,09:34:18,24977.7,24975,75,24979.2,150,0,382875
NIFTY-III.NFO,14/05/2025,09:34:20,24975,24967.9,450,24977,150,75,382875
NIFTY-III.NFO,14/05/2025,09:34:21,24975,24969.4,600,24977.7,225,0,382875
NIFTY-III.NFO,14/05/2025,09:34:23,24975,24965.5,75,24976.3,150,0,382875
NIFTY-III.NFO,14/05/2025,09:34:25,24965.1,24966.4,225,24977.2,150,750,382875
NIFTY-III.NFO,14/05/2025,09:34:26,24965.1,24966.4,225,24977.2,150,0,382875
NIFTY-III.NFO,14/05/2025,09:34:28,24965.1,24965.2,150,24976,150,0,382875
NIFTY-III.NFO,14/05/2025,09:34:30,24965.1,24964.9,375,24976.8,150,0,382875
NIFTY-III.NFO,14/05/2025,09:34:31,24965.1,24965.3,375,24976.8,150,0,382875
NIFTY-III.NFO,14/05/2025,09:34:33,24965.1,24964.9,375,24976.8,150,0,382875
NIFTY-III.NFO,14/05/2025,09:34:35,24966.4,24965.1,75,24976.8,150,75,382875
NIFTY-III.NFO,14/05/2025,09:34:36,24966.4,24962.7,375,24976.2,150,0,382875
NIFTY-III.NFO,14/05/2025,09:34:38,24966.4,24964.7,525,24975.9,525,0,382875
NIFTY-III.NFO,14/05/2025,09:34:40,24966.4,24964.4,375,24974.8,150,0,382875
NIFTY-III.NFO,14/05/2025,09:34:41,24966.4,24964.2,375,24973.4,150,0,382875
NIFTY-III.NFO,14/05/2025,09:34:43,24964.1,24965.2,375,24974.3,225,75,382875
NIFTY-III.NFO,14/05/2025,09:34:45,24964.1,24968.9,375,24977.8,150,0,382875
NIFTY-III.NFO,14/05/2025,09:34:46,24964.1,24969.2,375,24978.2,225,0,382875
NIFTY-III.NFO,14/05/2025,09:34:48,24968,24966,375,24977.6,150,75,382875
NIFTY-III.NFO,14/05/2025,09:34:50,24968,24966.2,375,24975.4,150,0,382875
NIFTY-III.NFO,14/05/2025,09:34:51,24968,24967,375,24976.4,150,0,382875
NIFTY-III.NFO,14/05/2025,09:34:53,24968,24964.1,75,24975,150,0,382875
NIFTY-III.NFO,14/05/2025,09:34:55,24968,24967,75,24974.6,150,0,382875
NIFTY-III.NFO,14/05/2025,09:34:56,24968,24967,75,24972,225,0,382875
NIFTY-III.NFO,14/05/2025,09:34:58,24968,24967,75,24973.9,225,0,382875
NIFTY-III.NFO,14/05/2025,09:35:00,24968,24968,300,24977.8,150,75,382875
NIFTY-III.NFO,14/05/2025,09:35:01,24968,24969.5,375,24980.1,150,0,382875
NIFTY-III.NFO,14/05/2025,09:35:03,24968,24967,75,24979.7,150,0,382875
NIFTY-III.NFO,14/05/2025,09:35:05,24967,24964.1,75,24969.9,225,75,382875
NIFTY-III.NFO,14/05/2025,09:35:06,24964.1,24963,300,24968.6,150,75,382875
NIFTY-III.NFO,14/05/2025,09:35:08,24964.1,24963,300,24966.5,225,0,382875
NIFTY-III.NFO,14/05/2025,09:35:10,24964.1,24964,75,24971.6,150,0,382875
NIFTY-III.NFO,14/05/2025,09:35:11,24964.1,24964.2,375,24969,75,0,382875
NIFTY-III.NFO,14/05/2025,09:35:13,24964.1,24964,75,24968.9,225,0,382875
NIFTY-III.NFO,14/05/2025,09:35:15,24964.1,24964,75,24969,75,0,382875
NIFTY-III.NFO,14/05/2025,09:35:21,24964.1,24965.7,75,24969,75,0,382875
NIFTY-III.NFO,14/05/2025,09:35:23,24964.1,24967,75,24969,75,0,382875
NIFTY-III.NFO,14/05/2025,09:35:25,24969,24967,75,24977.9,225,75,382875
NIFTY-III.NFO,14/05/2025,09:35:26,24969,24967.4,375,24977.6,225,0,382875
NIFTY-III.NFO,14/05/2025,09:35:28,24977.6,24964.4,75,24969,75,75,382875
NIFTY-III.NFO,14/05/2025,09:35:30,24977.6,24964.8,75,24969,75,0,382875
NIFTY-III.NFO,14/05/2025,09:35:31,24977.6,24964,375,24969,75,0,382875
NIFTY-III.NFO,14/05/2025,09:35:33,24977.6,24965.5,450,24969,75,0,382875
NIFTY-III.NFO,14/05/2025,09:35:35,24977.6,24965.6,75,24974.8,225,0,382875
NIFTY-III.NFO,14/05/2025,09:35:36,24977.6,24965.7,75,24974.8,225,0,382875
NIFTY-III.NFO,14/05/2025,09:35:38,24977.6,24965.7,75,24973.7,225,0,382875
NIFTY-III.NFO,14/05/2025,09:35:40,24977.6,24968.1,75,24977,225,0,382875
NIFTY-III.NFO,14/05/2025,09:35:41,24977.6,24967.9,75,24977,225,0,382875
NIFTY-III.NFO,14/05/2025,09:35:43,24977.6,24967.2,75,24977,225,0,382875
NIFTY-III.NFO,14/05/2025,09:35:45,24977.6,24971.7,375,24978.3,225,0,382875
NIFTY-III.NFO,14/05/2025,09:35:46,24977.6,24971.6,375,24978.3,150,0,382875
NIFTY-III.NFO,14/05/2025,09:35:48,24977.6,24975.7,375,24980,150,0,382875
NIFTY-III.NFO,14/05/2025,09:35:50,24980,24982.4,375,24990,150,150,382875
NIFTY-III.NFO,14/05/2025,09:35:51,24980,24983.5,75,24992.4,150,0,382875
NIFTY-III.NFO,14/05/2025,09:35:53,24995.8,24994.9,375,25006.9,150,75,382875
NIFTY-III.NFO,14/05/2025,09:35:55,24995.8,24999.9,375,25009.2,75,0,382875
NIFTY-III.NFO,14/05/2025,09:35:57,24995.8,25000.2,600,25012.6,150,0,382875
NIFTY-III.NFO,14/05/2025,09:35:58,24995.8,24993.6,600,24999.1,150,0,382875
NIFTY-III.NFO,14/05/2025,09:36:00,24995.8,24985.4,600,24996.1,150,0,382875
NIFTY-III.NFO,14/05/2025,09:36:02,24995.8,24986.2,600,24995.1,150,0,382875
NIFTY-III.NFO,14/05/2025,09:36:03,24995.8,24982.8,600,24995.1,225,0,382875
NIFTY-III.NFO,14/05/2025,09:36:05,24995.8,24983.3,600,24991,150,0,382875
NIFTY-III.NFO,14/05/2025,09:36:07,24995.8,24976.4,600,24987.3,525,0,382875
NIFTY-III.NFO,14/05/2025,09:36:08,24995.8,24981.5,600,24988.9,150,0,382875
NIFTY-III.NFO,14/05/2025,09:36:10,24995.8,24982.7,600,24990.2,150,0,382875
NIFTY-III.NFO,14/05/2025,09:36:12,24995.8,24983.8,600,24991.1,150,0,382875
NIFTY-III.NFO,14/05/2025,09:36:13,24995.8,24985.1,600,24993.3,150,0,382875
NIFTY-III.NFO,14/05/2025,09:36:15,24995.8,24987.3,600,24995.1,150,0,382875
NIFTY-III.NFO,14/05/2025,09:36:17,24995.8,24980.1,375,24994.5,150,0,382875
NIFTY-III.NFO,14/05/2025,09:36:18,24995.8,24984.6,600,24993.2,150,0,382875
NIFTY-III.NFO,14/05/2025,09:36:20,24995.8,24984.9,600,24993.2,150,0,382875
NIFTY-III.NFO,14/05/2025,09:36:22,24995.8,24984.9,600,24994.5,150,0,382875
NIFTY-III.NFO,14/05/2025,09:36:23,24995.8,24986.5,600,24993,150,0,382875
NIFTY-III.NFO,14/05/2025,09:36:25,24995.8,24982.8,600,24993,150,0,382875
NIFTY-III.NFO,14/05/2025,09:36:27,24995.8,24983.2,600,24989.6,225,0,382875
NIFTY-III.NFO,14/05/2025,09:36:28,24995.8,24984,600,24992.3,225,0,382875
NIFTY-III.NFO,14/05/2025,09:36:30,24995.8,24986.2,600,24993,225,0,382875
NIFTY-III.NFO,14/05/2025,09:36:31,24987.8,24989.4,525,24993.5,75,75,382875
NIFTY-III.NFO,14/05/2025,09:36:33,24987.8,24990.2,525,24993.5,75,0,382875
NIFTY-III.NFO,14/05/2025,09:36:35,24987.8,24989.4,525,24993.5,75,0,382875
NIFTY-III.NFO,14/05/2025,09:36:36,24990.5,24987.4,450,24993.5,75,75,382875
NIFTY-III.NFO,14/05/2025,09:36:38,24990.5,24991.6,450,24995.8,75,0,382875
NIFTY-III.NFO,14/05/2025,09:36:40,24990.5,24993.8,450,24995.8,75,0,382875
NIFTY-III.NFO,14/05/2025,09:36:41,24990.5,24993.6,450,24995.8,75,0,382875
NIFTY-III.NFO,14/05/2025,09:36:43,24990.5,24993.9,450,24995.8,75,0,382875
NIFTY-III.NFO,14/05/2025,09:36:45,24990.5,24992.9,450,24995.8,75,0,382875
NIFTY-III.NFO,14/05/2025,09:36:46,24990.5,24992,450,24995.8,75,0,382875
NIFTY-III.NFO,14/05/2025,09:36:48,24990.5,24988.9,450,24995.4,225,0,382875
NIFTY-III.NFO,14/05/2025,09:36:50,24990.5,24990.2,450,24995.8,75,0,382875
NIFTY-III.NFO,14/05/2025,09:36:51,24990.5,24993.1,450,24995.8,75,0,382875
NIFTY-III.NFO,14/05/2025,09:36:53,24990.5,24986.7,375,24995.8,75,0,382875
NIFTY-III.NFO,14/05/2025,09:36:55,24990.5,24991.7,450,24995.8,75,0,382875
NIFTY-III.NFO,14/05/2025,09:36:56,24990.5,24987.6,450,24994.7,225,0,382875
NIFTY-III.NFO,14/05/2025,09:36:58,24990.5,24985.5,450,24991.5,150,0,382875
NIFTY-III.NFO,14/05/2025,09:37:00,24985.5,24985.5,375,24994.2,150,75,382575
NIFTY-III.NFO,14/05/2025,09:37:01,24985.5,24991.1,375,24995.8,75,0,382575
NIFTY-III.NFO,14/05/2025,09:37:03,24985.5,24992.3,375,24995.8,75,0,382575
NIFTY-III.NFO,14/05/2025,09:37:05,24985.5,24992.4,375,24995.8,75,0,382575
NIFTY-III.NFO,14/05/2025,09:37:06,24985.5,24987.2,375,24992.3,375,0,382575
NIFTY-III.NFO,14/05/2025,09:37:08,24985.5,24985.3,375,24990.7,375,0,382575
NIFTY-III.NFO,14/05/2025,09:37:10,24985.5,24986.6,375,24992.2,375,0,382575
NIFTY-III.NFO,14/05/2025,09:37:11,24985.5,24986.7,375,24991.1,375,0,382575
NIFTY-III.NFO,14/05/2025,09:37:13,24985.5,24989.8,375,24994.8,150,0,382575
NIFTY-III.NFO,14/05/2025,09:37:15,24985.5,24987.8,375,24993.2,225,0,382575
NIFTY-III.NFO,14/05/2025,09:37:16,24985.5,24986,75,24993.2,225,0,382575
NIFTY-III.NFO,14/05/2025,09:37:18,24985.5,24986,75,24992,225,0,382575
NIFTY-III.NFO,14/05/2025,09:37:20,24985.5,24986.5,375,24994.3,225,0,382575
NIFTY-III.NFO,14/05/2025,09:37:21,24985.5,24986,75,24991.7,150,0,382575
NIFTY-III.NFO,14/05/2025,09:37:23,24985.5,24986,75,24990.3,375,0,382575
NIFTY-III.NFO,14/05/2025,09:37:25,24986,24985,75,24988.3,225,75,382575
NIFTY-III.NFO,14/05/2025,09:37:26,24985,24981,150,24987.6,225,75,382575
NIFTY-III.NFO,14/05/2025,09:37:28,24985,24981,150,24985.9,150,0,382575
NIFTY-III.NFO,14/05/2025,09:37:30,24985,24981,150,24989.1,150,0,382575
NIFTY-III.NFO,14/05/2025,09:37:31,24985,24981.7,375,24989.1,150,0,382575
NIFTY-III.NFO,14/05/2025,09:37:33,24985,24981,150,24988,225,0,382575
NIFTY-III.NFO,14/05/2025,09:37:35,24985,24981,150,24986.8,225,0,382575
NIFTY-III.NFO,14/05/2025,09:37:36,24985,24981,150,24983.6,375,0,382575
NIFTY-III.NFO,14/05/2025,09:37:38,24981,24978.4,375,24983.6,375,150,382575
NIFTY-III.NFO,14/05/2025,09:37:40,24981,24975.5,375,24983.5,225,0,382575
NIFTY-III.NFO,14/05/2025,09:37:41,24981,24975,75,24978.2,150,0,382575
NIFTY-III.NFO,14/05/2025,09:37:43,24981,24975.1,375,24982.8,150,0,382575
NIFTY-III.NFO,14/05/2025,09:37:45,24981,24975,75,24981.7,600,0,382575
NIFTY-III.NFO,14/05/2025,09:37:46,24981,24975.3,375,24983.5,225,0,382575
NIFTY-III.NFO,14/05/2025,09:37:48,24981,24980.6,150,24991,75,0,382575
NIFTY-III.NFO,14/05/2025,09:37:50,24981,24988.8,375,24994.9,225,0,382575
NIFTY-III.NFO,14/05/2025,09:37:51,24995.8,24993,75,24999,150,375,382575
NIFTY-III.NFO,14/05/2025,09:37:53,24995.8,24994.7,75,24999,150,0,382575
NIFTY-III.NFO,14/05/2025,09:37:55,24995.8,24993.1,75,24999,150,0,382575
NIFTY-III.NFO,14/05/2025,09:37:56,24995.8,24989,75,24998.9,150,0,382575
NIFTY-III.NFO,14/05/2025,09:37:58,24995.8,24991.8,75,24998.8,75,0,382575
NIFTY-III.NFO,14/05/2025,09:38:00,24995.8,24991.8,75,24999,225,0,382575
NIFTY-III.NFO,14/05/2025,09:38:01,24995.8,24992.2,75,24999,225,0,382575
NIFTY-III.NFO,14/05/2025,09:38:03,24995.8,24993.7,75,24999,150,0,382575
NIFTY-III.NFO,14/05/2025,09:38:05,24995.8,24991.1,75,24999,150,0,382575
NIFTY-III.NFO,14/05/2025,09:38:06,24995.8,24996.1,75,24999,150,0,382575
NIFTY-III.NFO,14/05/2025,09:38:08,24995.8,24996.3,75,24999,150,0,382575
NIFTY-III.NFO,14/05/2025,09:38:10,25000,24999.4,75,25008.5,150,225,382575
NIFTY-III.NFO,14/05/2025,09:38:12,25006.4,24995.9,75,25006.4,150,75,382575
NIFTY-III.NFO,14/05/2025,09:38:13,25006.4,24992.9,75,25002.6,150,0,382575
NIFTY-III.NFO,14/05/2025,09:38:15,25006.4,24990.2,75,25001.5,150,0,382575
NIFTY-III.NFO,14/05/2025,09:38:16,25006.4,24989,75,25000.2,225,0,382575
NIFTY-III.NFO,14/05/2025,09:38:18,25006.4,24988.6,75,24998.1,150,0,382575
NIFTY-III.NFO,14/05/2025,09:38:20,25006.4,24987.8,75,24999,150,0,382575
NIFTY-III.NFO,14/05/2025,09:38:22,25006.4,24989.2,75,24999,150,0,382575
NIFTY-III.NFO,14/05/2025,09:38:23,25006.4,24989.2,75,24997.8,225,0,382575
NIFTY-III.NFO,14/05/2025,09:38:25,25006.4,24992.1,75,25000.1,150,0,382575
NIFTY-III.NFO,14/05/2025,09:38:27,25006.4,24990.6,75,25000.5,225,0,382575
NIFTY-III.NFO,14/05/2025,09:38:28,24991.8,24990.6,75,24998.9,225,75,382575
NIFTY-III.NFO,14/05/2025,09:38:30,24991.8,24990.6,75,25001,150,0,382575
NIFTY-III.NFO,14/05/2025,09:38:32,24991.8,24989.3,75,25001,525,0,382575
NIFTY-III.NFO,14/05/2025,09:38:33,24991.8,24982.2,150,24993.4,150,0,382575
NIFTY-III.NFO,14/05/2025,09:38:35,24993.4,24982.2,150,24989.5,150,150,382575
NIFTY-III.NFO,14/05/2025,09:38:37,24993.4,24984,150,24993.2,150,0,382575
NIFTY-III.NFO,14/05/2025,09:38:38,24993.4,24983.9,150,24992.4,225,0,382575
NIFTY-III.NFO,14/05/2025,09:38:40,24993.4,24980.6,150,24991.2,225,0,382575
NIFTY-III.NFO,14/05/2025,09:38:42,24993.4,24980,75,24984.6,150,0,382575
NIFTY-III.NFO,14/05/2025,09:38:43,24993.4,24980.2,150,24988.9,150,0,382575
NIFTY-III.NFO,14/05/2025,09:38:45,24993.4,24983.6,75,24991.7,225,0,382575
NIFTY-III.NFO,14/05/2025,09:38:47,24993.4,24982.5,150,24991.7,225,0,382575
NIFTY-III.NFO,14/05/2025,09:38:48,24993.4,24980.1,150,24991.6,150,0,382575
NIFTY-III.NFO,14/05/2025,09:38:50,24993.4,24980.6,150,24988.1,225,0,382575
NIFTY-III.NFO,14/05/2025,09:38:52,24993.4,24985,75,24987.2,225,0,382575
NIFTY-III.NFO,14/05/2025,09:38:53,24993.4,24985,75,24987.2,150,0,382575
NIFTY-III.NFO,14/05/2025,09:38:55,24985,24980,75,24986.5,225,75,382575
NIFTY-III.NFO,14/05/2025,09:38:57,24985,24980,75,24984.5,150,0,382575
NIFTY-III.NFO,14/05/2025,09:38:58,24985,24980,75,24985.1,150,0,382575
NIFTY-III.NFO,14/05/2025,09:39:00,24985,24980.1,150,24987.7,225,0,382575
NIFTY-III.NFO,14/05/2025,09:39:02,24985,24981.4,150,24988.9,150,0,382575
NIFTY-III.NFO,14/05/2025,09:39:03,24985,24980.9,150,24987.8,150,0,382575
NIFTY-III.NFO,14/05/2025,09:39:05,24985,24980,75,24985,75,0,382575
NIFTY-III.NFO,14/05/2025,09:39:07,24985,24980.9,150,24985,75,0,382575
NIFTY-III.NFO,14/05/2025,09:39:08,24985,24980.1,150,24985,75,0,382575
NIFTY-III.NFO,14/05/2025,09:39:10,24985,24983.8,150,24985,75,0,382575
NIFTY-III.NFO,14/05/2025,09:39:12,24985,24981.4,150,24985,75,0,382575
NIFTY-III.NFO,14/05/2025,09:39:13,24985,24983,150,24985,75,0,382575
NIFTY-III.NFO,14/05/2025,09:39:15,24985,24982.6,75,24985,75,0,382575
NIFTY-III.NFO,14/05/2025,09:39:17,24985,24980.1,300,24985,75,0,382575
NIFTY-III.NFO,14/05/2025,09:39:20,24985,24981.8,150,24985,75,0,382575
NIFTY-III.NFO,14/05/2025,09:39:22,24985,24986,150,24992.9,150,75,382575
NIFTY-III.NFO,14/05/2025,09:39:23,24985,24983.2,150,24992.9,225,0,382575
NIFTY-III.NFO,14/05/2025,09:39:25,24985,24984.1,300,24992.9,75,0,382575
NIFTY-III.NFO,14/05/2025,09:39:27,24985,24987.3,150,24993,75,0,382575
NIFTY-III.NFO,14/05/2025,09:39:30,24985,24987,150,24993,75,0,382575
NIFTY-III.NFO,14/05/2025,09:39:32,24985,24985.4,300,24992.9,225,0,382575
NIFTY-III.NFO,14/05/2025,09:39:33,24985,24986.8,150,24993,75,0,382575
NIFTY-III.NFO,14/05/2025,09:39:35,24985,24987.2,150,24993,75,0,382575
NIFTY-III.NFO,14/05/2025,09:39:38,24985,24988.9,150,24993,75,0,382575
NIFTY-III.NFO,14/05/2025,09:39:40,24985,24988.3,150,24993,75,0,382575
NIFTY-III.NFO,14/05/2025,09:39:42,24985,24987,150,24993,75,0,382575
NIFTY-III.NFO,14/05/2025,09:39:43,24985,24984.2,150,24991.7,225,0,382575
NIFTY-III.NFO,14/05/2025,09:39:45,24985,24982.9,150,24991.6,150,0,382575
NIFTY-III.NFO,14/05/2025,09:39:47,24985,24980,75,24987.7,225,0,382575
NIFTY-III.NFO,14/05/2025,09:39:48,24985,24980,75,24986.6,150,0,382575
NIFTY-III.NFO,14/05/2025,09:39:50,24985,24980.2,150,24989.4,150,0,382575
NIFTY-III.NFO,14/05/2025,09:39:52,24985,24982.4,150,24990.7,225,0,382575
NIFTY-III.NFO,14/05/2025,09:39:53,24985,24983.5,150,24991.4,225,0,382575
NIFTY-III.NFO,14/05/2025,09:39:55,24985,24982.6,150,24990.3,225,0,382575
NIFTY-III.NFO,14/05/2025,09:39:57,24985,24981.9,150,24991.5,225,0,382575
NIFTY-III.NFO,14/05/2025,09:39:58,24985,24980.6,150,24988.8,225,0,382575
NIFTY-III.NFO,14/05/2025,09:40:00,24985,24980.1,150,24988.8,225,0,382575
NIFTY-III.NFO,14/05/2025,09:40:01,24985,24983,150,24992.6,150,0,382575
NIFTY-III.NFO,14/05/2025,09:40:03,24982.1,24984.7,150,24991.7,225,150,382425
NIFTY-III.NFO,14/05/2025,09:40:05,24982.1,24985.8,150,24992.9,150,0,382425
NIFTY-III.NFO,14/05/2025,09:40:06,24982.1,24986.9,150,24993,75,0,382425
NIFTY-III.NFO,14/05/2025,09:40:08,24982.1,24988.3,75,24993,75,0,382425
NIFTY-III.NFO,14/05/2025,09:40:10,24982.1,24985.9,150,24993,75,0,382425
NIFTY-III.NFO,14/05/2025,09:40:11,24982.1,24986.9,150,24993,75,0,382425
NIFTY-III.NFO,14/05/2025,09:40:13,24982.1,24990.8,75,24993,75,0,382425
NIFTY-III.NFO,14/05/2025,09:40:15,24982.1,24992.1,75,24993,75,0,382425
NIFTY-III.NFO,14/05/2025,09:40:16,24982.1,24992.7,75,24993,75,0,382425
NIFTY-III.NFO,14/05/2025,09:40:18,24993,24991.5,225,25003.1,525,75,382425
NIFTY-III.NFO,14/05/2025,09:40:20,24993,24990.3,75,25000.8,150,0,382425
NIFTY-III.NFO,14/05/2025,09:40:21,25000.8,24990.8,75,25001,150,75,382425
NIFTY-III.NFO,14/05/2025,09:40:23,25000.8,24990.9,75,24998.9,225,0,382425
NIFTY-III.NFO,14/05/2025,09:40:25,25000.8,24990.9,75,25001,150,0,382425
NIFTY-III.NFO,14/05/2025,09:40:26,25000.8,24988.5,150,24997.7,150,0,382425
NIFTY-III.NFO,14/05/2025,09:40:28,25000.8,24985.8,150,24994.7,225,0,382425
NIFTY-III.NFO,14/05/2025,09:40:30,25000.8,24987.8,150,24996.8,150,0,382425
NIFTY-III.NFO,14/05/2025,09:40:31,25000.8,24987.9,75,24997.9,150,0,382425
NIFTY-III.NFO,14/05/2025,09:40:33,25000.8,24987.6,75,24997.1,150,0,382425
NIFTY-III.NFO,14/05/2025,09:40:35,25000.8,24981.8,75,24992.5,150,0,382425
NIFTY-III.NFO,14/05/2025,09:40:36,25000.8,24983.1,75,24990.4,150,0,382425
NIFTY-III.NFO,14/05/2025,09:40:38,25000.8,24987.9,150,24995,225,0,382425
NIFTY-III.NFO,14/05/2025,09:40:40,25000.8,24986,225,24995.1,150,0,382425
NIFTY-III.NFO,14/05/2025,09:40:41,24995.1,24985.2,75,24995.8,150,150,382425
NIFTY-III.NFO,14/05/2025,09:40:43,24995.1,24989.6,75,24997.9,150,0,382425
NIFTY-III.NFO,14/05/2025,09:40:45,24995.1,24993.4,75,24999.1,75,0,382425
NIFTY-III.NFO,14/05/2025,09:40:46,24995.1,24992.4,75,24998.9,75,0,382425
NIFTY-III.NFO,14/05/2025,09:40:48,24992.4,24994.9,150,25002.3,225,75,382425
NIFTY-III.NFO,14/05/2025,09:40:50,24992.4,24995.6,75,25003.3,225,0,382425
NIFTY-III.NFO,14/05/2025,09:40:51,24992.4,24997.1,150,25003.4,75,0,382425
NIFTY-III.NFO,14/05/2025,09:40:53,24992.4,24998.4,75,25004.6,75,0,382425
NIFTY-III.NFO,14/05/2025,09:40:55,24992.4,25000.8,150,25006.4,75,0,382425
NIFTY-III.NFO,14/05/2025,09:40:56,25000.8,25002,150,25006.4,75,75,382425
NIFTY-III.NFO,14/05/2025,09:40:58,25006.4,25008.5,75,25016,375,75,382425
NIFTY-III.NFO,14/05/2025,09:41:00,25006.4,25006.2,75,25015.9,150,0,382425
NIFTY-III.NFO,14/05/2025,09:41:01,25006.4,25004.8,150,25014.1,150,0,382425
NIFTY-III.NFO,14/05/2025,09:41:03,25006.4,25008.6,150,25016,300,0,382425
NIFTY-III.NFO,14/05/2025,09:41:05,25006.4,25009,150,25016,375,0,382425
NIFTY-III.NFO,14/05/2025,09:41:06,25006.4,25004.5,150,25015.9,225,0,382425
NIFTY-III.NFO,14/05/2025,09:41:08,25006.4,25008.1,150,25014.9,150,0,382425
NIFTY-III.NFO,14/05/2025,09:41:10,25006.4,25007.1,150,25015.5,225,0,382425
NIFTY-III.NFO,14/05/2025,09:41:11,25006.4,25008.2,225,25015.6,375,0,382425
NIFTY-III.NFO,14/05/2025,09:41:13,25006.4,25010.7,150,25016,300,0,382425
NIFTY-III.NFO,14/05/2025,09:41:16,25006.4,25007.1,150,25015.9,225,0,382425
NIFTY-III.NFO,14/05/2025,09:41:18,25006.4,25009.3,150,25016,300,0,382425
NIFTY-III.NFO,14/05/2025,09:41:22,25006.4,25009.9,150,25016,300,0,382425
NIFTY-III.NFO,14/05/2025,09:41:23,25006.4,25010.3,150,25016,300,0,382425
NIFTY-III.NFO,14/05/2025,09:41:25,25006.4,25010.9,150,25016,300,0,382425
NIFTY-III.NFO,14/05/2025,09:41:27,25006.4,25012.2,150,25016,300,0,382425
NIFTY-III.NFO,14/05/2025,09:41:28,25006.4,25012.8,75,25016,300,0,382425
NIFTY-III.NFO,14/05/2025,09:41:30,25006.4,25011.1,150,25016,300,0,382425
NIFTY-III.NFO,14/05/2025,09:41:32,25006.4,25010.1,150,25015.9,150,0,382425
NIFTY-III.NFO,14/05/2025,09:41:33,25006.4,25011,75,25016,300,0,382425
NIFTY-III.NFO,14/05/2025,09:41:35,25006.4,25007.4,150,25015.9,225,0,382425
NIFTY-III.NFO,14/05/2025,09:41:37,25006.4,25007.2,75,25015.9,225,0,382425
NIFTY-III.NFO,14/05/2025,09:41:38,25006.4,25011.5,150,25016,300,0,382425
NIFTY-III.NFO,14/05/2025,09:41:40,25006.4,25012.6,150,25016,300,0,382425
NIFTY-III.NFO,14/05/2025,09:41:42,25006.4,25014.6,75,25016,300,0,382425
NIFTY-III.NFO,14/05/2025,09:41:43,25006.4,25013.5,75,25016,300,0,382425
NIFTY-III.NFO,14/05/2025,09:41:45,25006.4,25008.9,150,25016,300,0,382425
NIFTY-III.NFO,14/05/2025,09:41:47,25006.4,25013.7,75,25016,300,0,382425
NIFTY-III.NFO,14/05/2025,09:41:50,25016,25014.4,150,25020,150,300,382425
NIFTY-III.NFO,14/05/2025,09:41:52,25016,25015.5,150,25020,150,0,382425
NIFTY-III.NFO,14/05/2025,09:41:53,25020,25018.8,75,25025,75,150,382425
NIFTY-III.NFO,14/05/2025,09:41:55,25020,25020,75,25025,75,0,382425
NIFTY-III.NFO,14/05/2025,09:41:57,25020,25016.6,150,25024.9,225,0,382425
NIFTY-III.NFO,14/05/2025,09:41:58,25020,25019.1,150,25025,75,0,382425
NIFTY-III.NFO,14/05/2025,09:42:00,25020,25019.2,150,25025,75,0,382425
NIFTY-III.NFO,14/05/2025,09:42:02,25024.9,25019.9,150,25025,75,150,382425
NIFTY-III.NFO,14/05/2025,09:42:03,25024.9,25022.7,150,25025,75,0,382425
NIFTY-III.NFO,14/05/2025,09:42:05,25025,25026.2,150,25028,75,75,382425
NIFTY-III.NFO,14/05/2025,09:42:07,25025,25025.5,150,25028,75,0,382425
NIFTY-III.NFO,14/05/2025,09:42:08,25025,25026.8,150,25028,75,0,382425
NIFTY-III.NFO,14/05/2025,09:42:10,25028,25028.5,75,25030,600,150,382425
NIFTY-III.NFO,14/05/2025,09:42:12,25028,25026.7,75,25030,600,0,382425
NIFTY-III.NFO,14/05/2025,09:42:13,25028,25025.6,75,25030,600,0,382425
NIFTY-III.NFO,14/05/2025,09:42:15,25028,25027,150,25030,600,0,382425
NIFTY-III.NFO,14/05/2025,09:42:18,25028,25020.6,150,25029.9,225,0,382425
NIFTY-III.NFO,14/05/2025,09:42:20,25028,25024.8,75,25030,600,0,382425
NIFTY-III.NFO,14/05/2025,09:42:22,25028,25026.4,75,25030,600,0,382425
NIFTY-III.NFO,14/05/2025,09:42:23,25028,25028.4,75,25030,600,0,382425
NIFTY-III.NFO,14/05/2025,09:42:25,25028,25028.7,75,25030,600,0,382425
NIFTY-III.NFO,14/05/2025,09:42:27,25030,25028.9,150,25030,525,75,382425
NIFTY-III.NFO,14/05/2025,09:42:28,25030,25028.8,750,25030,225,300,382425
NIFTY-III.NFO,14/05/2025,09:42:30,25030,25030,75,25032,75,450,382425
NIFTY-III.NFO,14/05/2025,09:42:32,25030,25029.3,75,25032,75,0,382425
NIFTY-III.NFO,14/05/2025,09:42:33,25030,25029.8,75,25032,75,0,382425
NIFTY-III.NFO,14/05/2025,09:42:35,25030,25030.7,75,25032,75,0,382425
NIFTY-III.NFO,14/05/2025,09:42:37,25030,25031.4,75,25032,75,75,382425
NIFTY-III.NFO,14/05/2025,09:42:38,25032,25032.3,75,25035,150,150,382425
NIFTY-III.NFO,14/05/2025,09:42:40,25031.1,25033.5,375,25035,150,75,381900
NIFTY-III.NFO,14/05/2025,09:42:42,25035,25034.9,375,25038,750,150,381900
NIFTY-III.NFO,14/05/2025,09:42:43,25035,25036.4,375,25038,750,0,381900
NIFTY-III.NFO,14/05/2025,09:42:45,25038,25037.7,375,25038,675,75,381900
NIFTY-III.NFO,14/05/2025,09:42:47,25038.5,25038.4,375,25040,300,825,381900
NIFTY-III.NFO,14/05/2025,09:42:48,25043,25043,75,25048,300,525,381900
NIFTY-III.NFO,14/05/2025,09:42:48,25043,25043,75,25048,300,0,381900
NIFTY-III.NFO,14/05/2025,09:42:50,25048,25043.9,750,25048,150,150,381900
NIFTY-III.NFO,14/05/2025,09:42:50,25048,25043.9,750,25048,150,0,381900
NIFTY-III.NFO,14/05/2025,09:42:52,25048,25041.8,375,25048,150,0,381900
NIFTY-III.NFO,14/05/2025,09:42:53,25048,25043,225,25048,150,0,381900
NIFTY-III.NFO,14/05/2025,09:42:57,25048,25043,225,25047.9,225,0,381900
NIFTY-III.NFO,14/05/2025,09:42:58,25047.9,25043,225,25047.9,150,75,381900
NIFTY-III.NFO,14/05/2025,09:43:02,25047.9,25043,225,25048,150,0,381900
NIFTY-III.NFO,14/05/2025,09:43:03,25043.8,25043.8,375,25048,150,75,381900
NIFTY-III.NFO,14/05/2025,09:43:05,25043.8,25043.6,75,25048,150,0,381900
NIFTY-III.NFO,14/05/2025,09:43:07,25047.9,25043,225,25048,150,75,381900
NIFTY-III.NFO,14/05/2025,09:43:08,25045,25043,600,25047.9,150,75,381900
NIFTY-III.NFO,14/05/2025,09:43:10,25045,25043,225,25048,150,0,381900
NIFTY-III.NFO,14/05/2025,09:43:12,25043.6,25043.5,375,25048,225,75,381900
NIFTY-III.NFO,14/05/2025,09:43:13,25043.6,25044,150,25048,225,0,381900
NIFTY-III.NFO,14/05/2025,09:43:15,25043.6,25046.7,750,25048,225,0,381900
NIFTY-III.NFO,14/05/2025,09:43:18,25043.6,25043.9,375,25048,225,0,381900
NIFTY-III.NFO,14/05/2025,09:43:20,25043.6,25043.2,375,25045,75,0,381900
NIFTY-III.NFO,14/05/2025,09:43:22,25043.6,25044.3,375,25045,75,0,381900
NIFTY-III.NFO,14/05/2025,09:43:23,25043.6,25043,225,25045,75,0,381900
NIFTY-III.NFO,14/05/2025,09:43:25,25043.6,25044.1,375,25045,75,0,381900
NIFTY-III.NFO,14/05/2025,09:43:27,25043.6,25043,225,25045,75,0,381900
NIFTY-III.NFO,14/05/2025,09:43:28,25043,25034.6,225,25047.9,225,675,381900
NIFTY-III.NFO,14/05/2025,09:43:30,25043,25028.9,375,25042.3,150,0,381900
NIFTY-III.NFO,14/05/2025,09:43:32,25043,25028.6,375,25039.1,150,0,381900
NIFTY-III.NFO,14/05/2025,09:43:33,25043,25029.5,375,25038.7,150,0,381900
NIFTY-III.NFO,14/05/2025,09:43:35,25043.8,25033.3,75,25043.7,150,750,381900
NIFTY-III.NFO,14/05/2025,09:43:37,25043.8,25043,75,25047.9,375,0,381900
NIFTY-III.NFO,14/05/2025,09:43:38,25043,25034.9,375,25045.5,375,75,381900
NIFTY-III.NFO,14/05/2025,09:43:40,25043,25035.5,300,25045.5,375,0,381900
NIFTY-III.NFO,14/05/2025,09:43:42,25043,25043,300,25046.2,375,0,381900
NIFTY-III.NFO,14/05/2025,09:43:43,25043,25043,150,25046.2,375,150,381900
NIFTY-III.NFO,14/05/2025,09:43:45,25043,25033.7,300,25046,375,150,381900
NIFTY-III.NFO,14/05/2025,09:43:47,25043,25031.8,300,25042.8,300,0,381900
NIFTY-III.NFO,14/05/2025,09:43:48,25043,25031.4,1125,25041.2,300,0,381900
NIFTY-III.NFO,14/05/2025,09:43:50,25043,25034.8,375,25044.9,300,0,381900
NIFTY-III.NFO,14/05/2025,09:43:52,25043,25036.7,375,25045.3,300,0,381900
NIFTY-III.NFO,14/05/2025,09:43:53,25036.7,25037.4,225,25047,300,75,381900
NIFTY-III.NFO,14/05/2025,09:43:55,25036.7,25036.6,225,25047.8,300,0,381900
NIFTY-III.NFO,14/05/2025,09:43:57,25037.6,25037.6,225,25046.9,300,75,381900
NIFTY-III.NFO,14/05/2025,09:43:58,25037.6,25034.9,375,25046.3,300,0,381900
NIFTY-III.NFO,14/05/2025,09:44:00,25037.6,25034.6,375,25042.9,300,0,381900
NIFTY-III.NFO,14/05/2025,09:44:02,25037.6,25033.3,225,25042.9,300,0,381900
NIFTY-III.NFO,14/05/2025,09:44:03,25037.6,25035.6,750,25044.5,300,0,381900
NIFTY-III.NFO,14/05/2025,09:44:05,25037.6,25036.9,225,25045,150,0,381900
NIFTY-III.NFO,14/05/2025,09:44:07,25037.6,25035.9,150,25045.3,300,0,381900
NIFTY-III.NFO,14/05/2025,09:44:08,25037.6,25037.3,150,25046.9,300,0,381900
NIFTY-III.NFO,14/05/2025,09:44:10,25037.6,25036.7,225,25046,75,0,381900
NIFTY-III.NFO,14/05/2025,09:44:12,25037.6,25036.2,375,25046.9,300,0,381900
NIFTY-III.NFO,14/05/2025,09:44:13,25037.6,25037.4,150,25046.9,300,0,381900
NIFTY-III.NFO,14/05/2025,09:44:15,25037.6,25037.1,225,25046.6,300,0,381900
NIFTY-III.NFO,14/05/2025,09:44:17,25037.6,25036.2,150,25044.5,150,0,381900
NIFTY-III.NFO,14/05/2025,09:44:18,25037.6,25036.9,300,25043.5,150,0,381900
NIFTY-III.NFO,14/05/2025,09:44:20,25037.6,25034.1,150,25037.6,75,0,381900
NIFTY-III.NFO,14/05/2025,09:44:22,25037.6,25031.9,150,25037.6,75,0,381900
NIFTY-III.NFO,14/05/2025,09:44:23,25037.6,25031.4,150,25037.6,75,0,381900
NIFTY-III.NFO,14/05/2025,09:44:25,25037.6,25029.4,375,25037.6,150,0,381900
NIFTY-III.NFO,14/05/2025,09:44:28,25037.6,25028.9,300,25037.5,300,0,381900
NIFTY-III.NFO,14/05/2025,09:44:30,25037.6,25028.4,150,25033,300,0,381900
NIFTY-III.NFO,14/05/2025,09:44:32,25037.6,25031.6,300,25033,300,0,381900
NIFTY-III.NFO,14/05/2025,09:44:33,25033,25033.5,1050,25037.6,75,300,381900
NIFTY-III.NFO,14/05/2025,09:44:35,25033,25037,300,25037.6,75,0,381900
NIFTY-III.NFO,14/05/2025,09:44:37,25033,25036.3,300,25037.6,75,0,381900
NIFTY-III.NFO,14/05/2025,09:44:38,25033,25034.3,150,25037.6,75,0,381900
NIFTY-III.NFO,14/05/2025,09:44:40,25033,25036.4,150,25037.6,75,0,381900
NIFTY-III.NFO,14/05/2025,09:44:42,25033,25037.2,300,25037.6,75,0,381900
NIFTY-III.NFO,14/05/2025,09:44:44,25033,25037.5,150,25037.6,75,0,381900
NIFTY-III.NFO,14/05/2025,09:44:45,25037.6,25037.5,150,25040,75,75,381900
NIFTY-III.NFO,14/05/2025,09:44:47,25037.6,25038.5,300,25040,75,0,381900
NIFTY-III.NFO,14/05/2025,09:44:49,25040,25040.6,300,25047,75,75,381900
NIFTY-III.NFO,14/05/2025,09:44:50,25040,25040.9,300,25047,75,0,381900
NIFTY-III.NFO,14/05/2025,09:44:52,25040,25040.3,300,25047,75,0,381900
NIFTY-III.NFO,14/05/2025,09:44:54,25040,25041.6,150,25047,75,0,381900
NIFTY-III.NFO,14/05/2025,09:44:55,25040,25041.4,300,25047,75,0,381900
NIFTY-III.NFO,14/05/2025,09:44:57,25040,25039.5,600,25046.9,75,0,381900
NIFTY-III.NFO,14/05/2025,09:44:59,25040,25040.7,150,25047,75,0,381900
NIFTY-III.NFO,14/05/2025,09:45:00,25040,25040.4,150,25047,75,0,381900
NIFTY-III.NFO,14/05/2025,09:45:02,25040,25041.8,150,25047,75,0,381900
NIFTY-III.NFO,14/05/2025,09:45:04,25040,25044.3,150,25047,75,0,381900
NIFTY-III.NFO,14/05/2025,09:45:05,25040,25044.7,300,25047,75,0,381900
NIFTY-III.NFO,14/05/2025,09:45:07,25040,25044.9,150,25047,75,0,381900
NIFTY-III.NFO,14/05/2025,09:45:09,25040,25044.4,375,25047,75,0,381900
NIFTY-III.NFO,14/05/2025,09:45:10,25046.6,25046.9,150,25048,225,150,381900
NIFTY-III.NFO,14/05/2025,09:45:12,25046.6,25046.3,375,25048,225,0,381900
NIFTY-III.NFO,14/05/2025,09:45:14,25046.6,25043.4,150,25048,225,0,381900
NIFTY-III.NFO,14/05/2025,09:45:15,25046.6,25041.2,375,25047.9,300,0,381900
NIFTY-III.NFO,14/05/2025,09:45:17,25046.6,25038.5,525,25047.9,375,0,381900
NIFTY-III.NFO,14/05/2025,09:45:19,25046.6,25039.4,375,25047.9,375,0,381900
NIFTY-III.NFO,14/05/2025,09:45:20,25046.6,25039.3,150,25047.9,375,75,381900
NIFTY-III.NFO,14/05/2025,09:45:22,25046.6,25035.7,300,25046.9,375,0,381900
NIFTY-III.NFO,14/05/2025,09:45:23,25046.6,25036.6,300,25045.9,300,0,381900
NIFTY-III.NFO,14/05/2025,09:45:25,25046.6,25039.1,150,25047.9,375,0,381900
NIFTY-III.NFO,14/05/2025,09:45:27,25046.6,25042.9,150,25048,150,0,381900
NIFTY-III.NFO,14/05/2025,09:45:28,25040.5,25040.9,150,25047.9,375,150,381900
NIFTY-III.NFO,14/05/2025,09:45:30,25040.5,25039.8,150,25047.9,375,0,381900
NIFTY-III.NFO,14/05/2025,09:45:32,25040.5,25041.8,300,25048,150,0,381900
NIFTY-III.NFO,14/05/2025,09:45:33,25040.5,25042.1,300,25048,150,0,381900
NIFTY-III.NFO,14/05/2025,09:45:35,25040.5,25043.1,150,25048,150,0,381900
NIFTY-III.NFO,14/05/2025,09:45:38,25040.5,25039.5,375,25047.9,375,0,381900
NIFTY-III.NFO,14/05/2025,09:45:40,25040.5,25041,150,25047.9,375,0,381900
NIFTY-III.NFO,14/05/2025,09:45:42,25048.8,25041.4,300,25049,300,375,381900
NIFTY-III.NFO,14/05/2025,09:45:42,25048.8,25041.4,300,25049,300,0,381900
NIFTY-III.NFO,14/05/2025,09:45:43,25048.8,25041.5,150,25049.1,375,0,380925
NIFTY-III.NFO,14/05/2025,09:45:45,25040,25039.9,150,25048.5,375,75,380925
NIFTY-III.NFO,14/05/2025,09:45:47,25040,25038.6,450,25048.3,375,0,380925
NIFTY-III.NFO,14/05/2025,09:45:48,25040,25038.7,375,25048.3,375,0,380925
NIFTY-III.NFO,14/05/2025,09:45:50,25040,25040.8,675,25048.6,150,0,380925
NIFTY-III.NFO,14/05/2025,09:45:52,25040,25038.7,300,25047.7,300,0,380925
NIFTY-III.NFO,14/05/2025,09:45:53,25040,25038.6,525,25047.1,300,0,380925
NIFTY-III.NFO,14/05/2025,09:45:55,25040,25036.6,300,25040,75,0,380925
NIFTY-III.NFO,14/05/2025,09:45:57,25040,25037,675,25040,75,0,380925
NIFTY-III.NFO,14/05/2025,09:45:58,25040,25039.6,300,25040,75,0,380925
NIFTY-III.NFO,14/05/2025,09:46:00,25040,25041.7,300,25048.8,300,75,380925
NIFTY-III.NFO,14/05/2025,09:46:02,25040,25040.6,300,25048.9,375,0,380925
NIFTY-III.NFO,14/05/2025,09:46:03,25038.9,25040.6,300,25049,150,75,380925
NIFTY-III.NFO,14/05/2025,09:46:05,25038.9,25041.7,225,25048.9,375,0,380925
NIFTY-III.NFO,14/05/2025,09:46:07,25040.2,25040.2,675,25048.8,300,150,380925
NIFTY-III.NFO,14/05/2025,09:46:08,25040.2,25040.6,150,25048.6,75,0,380925
NIFTY-III.NFO,14/05/2025,09:46:10,25040.2,25041.1,150,25049,150,0,380925
NIFTY-III.NFO,14/05/2025,09:46:12,25040.2,25042.1,525,25049,75,0,380925
NIFTY-III.NFO,14/05/2025,09:46:13,25040.2,25041.1,75,25048.9,300,0,380925
NIFTY-III.NFO,14/05/2025,09:46:15,25040.2,25040.3,150,25048.9,300,0,380925
NIFTY-III.NFO,14/05/2025,09:46:17,25040.2,25040.2,75,25048.9,375,0,380925
NIFTY-III.NFO,14/05/2025,09:46:18,25040.2,25040.3,75,25046.9,75,0,380925
NIFTY-III.NFO,14/05/2025,09:46:20,25040.2,25040.2,75,25048.5,300,0,380925
NIFTY-III.NFO,14/05/2025,09:46:22,25040.6,25040.5,375,25048.8,300,150,380925
NIFTY-III.NFO,14/05/2025,09:46:23,25040.6,25040.2,75,25048.2,300,0,380925
NIFTY-III.NFO,14/05/2025,09:46:25,25040.6,25040.4,450,25049,150,0,380925
NIFTY-III.NFO,14/05/2025,09:46:27,25041.4,25040.2,75,25048.9,375,75,380925
NIFTY-III.NFO,14/05/2025,09:46:28,25041.4,25040.4,150,25048.9,375,0,380925
NIFTY-III.NFO,14/05/2025,09:46:30,25041.4,25041.1,150,25046,75,0,380925
NIFTY-III.NFO,14/05/2025,09:46:32,25041.4,25043.9,75,25046,75,0,380925
NIFTY-III.NFO,14/05/2025,09:46:33,25041.4,25043.6,150,25046,75,0,380925
NIFTY-III.NFO,14/05/2025,09:46:35,25041.4,25041.5,150,25046,75,0,380925
NIFTY-III.NFO,14/05/2025,09:46:37,25041.4,25042,75,25046,75,0,380925
NIFTY-III.NFO,14/05/2025,09:46:38,25041.4,25045.1,375,25048,75,0,380925
NIFTY-III.NFO,14/05/2025,09:46:40,25041.4,25045.8,150,25048,75,0,380925
NIFTY-III.NFO,14/05/2025,09:46:42,25045.8,25044.5,75,25048,75,75,380925
NIFTY-III.NFO,14/05/2025,09:46:43,25045.8,25045.7,75,25048,150,0,380925
NIFTY-III.NFO,14/05/2025,09:46:45,25045.8,25044.4,75,25048,150,0,380925
NIFTY-III.NFO,14/05/2025,09:46:47,25045.8,25045,375,25048,150,0,380925
NIFTY-III.NFO,14/05/2025,09:46:48,25045.8,25045.8,75,25048,150,0,380925
NIFTY-III.NFO,14/05/2025,09:46:50,25045.8,25047.2,75,25048,150,0,380925
NIFTY-III.NFO,14/05/2025,09:46:52,25045.8,25046.9,75,25048,150,0,380925
NIFTY-III.NFO,14/05/2025,09:46:54,25050,25049.9,75,25050,450,7575,380925
NIFTY-III.NFO,14/05/2025,09:46:54,25050,25049.9,75,25050,450,0,380925
NIFTY-III.NFO,14/05/2025,09:46:55,25051.8,25049.4,375,25053,75,825,380925
NIFTY-III.NFO,14/05/2025,09:46:55,25051.8,25049.4,375,25053,75,0,380925
NIFTY-III.NFO,14/05/2025,09:46:57,25051.8,25051.1,375,25053,75,0,380925
NIFTY-III.NFO,14/05/2025,09:46:59,25051.8,25049.6,375,25053,75,0,380925
NIFTY-III.NFO,14/05/2025,09:47:00,25046,25047.8,75,25052.9,300,225,380925
NIFTY-III.NFO,14/05/2025,09:47:02,25046,25045.4,75,25052.9,375,0,380925
NIFTY-III.NFO,14/05/2025,09:47:04,25045.4,25045.4,375,25052.9,375,75,380925
NIFTY-III.NFO,14/05/2025,09:47:05,25045.4,25042.2,75,25052.9,375,0,380925
NIFTY-III.NFO,14/05/2025,09:47:07,25045.4,25044,450,25052.9,375,0,380925
NIFTY-III.NFO,14/05/2025,09:47:09,25044,25045.3,300,25052.9,375,75,380925
NIFTY-III.NFO,14/05/2025,09:47:10,25044,25042.9,450,25052.9,375,0,380925
NIFTY-III.NFO,14/05/2025,09:47:12,25044,25044.3,450,25052.9,375,0,380925
NIFTY-III.NFO,14/05/2025,09:47:14,25044,25043.7,450,25051.9,375,0,380925
NIFTY-III.NFO,14/05/2025,09:47:15,25044,25044.8,375,25051.9,375,0,380925
NIFTY-III.NFO,14/05/2025,09:47:17,25044,25045,300,25051.9,375,0,380925
NIFTY-III.NFO,14/05/2025,09:47:19,25044,25041.3,375,25051.9,375,0,380925
NIFTY-III.NFO,14/05/2025,09:47:20,25044,25043.3,225,25051.9,375,0,380925
NIFTY-III.NFO,14/05/2025,09:47:22,25044,25044.3,300,25051.9,375,0,380925
NIFTY-III.NFO,14/05/2025,09:47:23,25044,25044,375,25051.9,375,0,380925
NIFTY-III.NFO,14/05/2025,09:47:25,25044,25043.1,300,25050.9,300,0,380925
NIFTY-III.NFO,14/05/2025,09:47:27,25044,25043.5,750,25050.9,375,0,380925
NIFTY-III.NFO,14/05/2025,09:47:28,25044,25043.1,300,25050.9,375,0,380925
NIFTY-III.NFO,14/05/2025,09:47:32,25044,25042.1,375,25050.9,375,0,380925
NIFTY-III.NFO,14/05/2025,09:47:33,25044,25042.1,450,25050.9,375,0,380925
NIFTY-III.NFO,14/05/2025,09:47:35,25044,25045.1,375,25051,150,0,380925
NIFTY-III.NFO,14/05/2025,09:47:37,25044,25045.4,375,25051,150,0,380925
NIFTY-III.NFO,14/05/2025,09:47:38,25044,25045.2,225,25051,150,0,380925
NIFTY-III.NFO,14/05/2025,09:47:40,25044,25044.6,750,25051,150,0,380925
NIFTY-III.NFO,14/05/2025,09:47:42,25044,25046.3,375,25051,150,0,380925
NIFTY-III.NFO,14/05/2025,09:47:45,25047.6,25046.5,225,25051,150,75,380925
NIFTY-III.NFO,14/05/2025,09:47:47,25047.6,25047.6,375,25051,150,0,380925
NIFTY-III.NFO,14/05/2025,09:47:48,25047.6,25046.2,675,25051,150,0,380925
NIFTY-III.NFO,14/05/2025,09:47:50,25047.6,25046.2,675,25050,300,0,380925
NIFTY-III.NFO,14/05/2025,09:47:52,25047.6,25047,150,25050,300,0,380925
NIFTY-III.NFO,14/05/2025,09:47:58,25047.6,25047,150,25050,375,0,380925
NIFTY-III.NFO,14/05/2025,09:48:00,25041.8,25041.8,375,25047.6,225,750,380925
NIFTY-III.NFO,14/05/2025,09:48:02,25041.8,25043.1,225,25047.6,75,0,380925
NIFTY-III.NFO,14/05/2025,09:48:03,25041.8,25044.2,75,25047.6,75,0,380925
NIFTY-III.NFO,14/05/2025,09:48:05,25041.8,25044.3,75,25047.6,75,0,380925
NIFTY-III.NFO,14/05/2025,09:48:07,25041.8,25045.1,75,25047.6,75,0,380925
NIFTY-III.NFO,14/05/2025,09:48:08,25047.6,25048.3,225,25050,75,75,380925
NIFTY-III.NFO,14/05/2025,09:48:10,25047.6,25049.7,225,25050,75,0,380925
NIFTY-III.NFO,14/05/2025,09:48:12,25050,25047.2,225,25051,150,75,380925
NIFTY-III.NFO,14/05/2025,09:48:13,25050,25048,375,25051,150,0,380925
NIFTY-III.NFO,14/05/2025,09:48:15,25050,25050.6,225,25051,150,0,380925
NIFTY-III.NFO,14/05/2025,09:48:17,25050.6,25050.7,150,25053,75,225,380925
NIFTY-III.NFO,14/05/2025,09:48:18,25053,25051.7,150,25055,225,150,380925
NIFTY-III.NFO,14/05/2025,09:48:18,25053,25051.7,150,25055,225,0,380925
NIFTY-III.NFO,14/05/2025,09:48:20,25053,25052.5,600,25055,225,0,380925
NIFTY-III.NFO,14/05/2025,09:48:22,25053,25048.2,150,25054.9,300,0,380925
NIFTY-III.NFO,14/05/2025,09:48:23,25053,25047.5,75,25054.9,375,0,380925
NIFTY-III.NFO,14/05/2025,09:48:25,25053,25045.1,150,25054.9,375,0,380925
NIFTY-III.NFO,14/05/2025,09:48:27,25053,25046.6,75,25054.9,375,0,380925
NIFTY-III.NFO,14/05/2025,09:48:28,25053,25046.5,150,25054.9,375,0,380925
NIFTY-III.NFO,14/05/2025,09:48:30,25053,25047,75,25054.9,375,0,380925
NIFTY-III.NFO,14/05/2025,09:48:32,25053,25048.1,75,25052.9,300,0,380925
NIFTY-III.NFO,14/05/2025,09:48:33,25053,25048.4,450,25053,75,0,380925
NIFTY-III.NFO,14/05/2025,09:48:35,25053,25050.2,375,25053,75,0,380925
NIFTY-III.NFO,14/05/2025,09:48:38,25053,25048.6,450,25053,75,0,380925
NIFTY-III.NFO,14/05/2025,09:48:40,25053,25048.6,75,25053,75,0,380925
NIFTY-III.NFO,14/05/2025,09:48:42,25053,25047.1,75,25052.9,300,0,380925
NIFTY-III.NFO,14/05/2025,09:48:43,25053,25047.4,375,25053,150,0,380925
NIFTY-III.NFO,14/05/2025,09:48:45,25053,25048.4,75,25053,150,0,380925
NIFTY-III.NFO,14/05/2025,09:48:47,25053,25046.4,375,25052.9,375,0,380925
NIFTY-III.NFO,14/05/2025,09:48:48,25053,25047.2,150,25050,75,0,380925
NIFTY-III.NFO,14/05/2025,09:48:50,25050,25049.9,375,25053,150,150,380925
NIFTY-III.NFO,14/05/2025,09:48:52,25050,25049.8,375,25053,150,75,374025
NIFTY-III.NFO,14/05/2025,09:48:53,25050,25049.1,75,25053,150,0,374025
NIFTY-III.NFO,14/05/2025,09:48:55,25050,25049,375,25053,300,0,374025
NIFTY-III.NFO,14/05/2025,09:48:58,25050,25048.5,375,25053,300,0,374025
NIFTY-III.NFO,14/05/2025,09:49:00,25050,25049.6,375,25053,300,0,374025
NIFTY-III.NFO,14/05/2025,09:49:02,25050,25050.7,375,25053,300,0,374025
NIFTY-III.NFO,14/05/2025,09:49:05,25050,25050.1,300,25053,300,75,374025
NIFTY-III.NFO,14/05/2025,09:49:07,25050.1,25050.5,225,25053,300,75,374025
NIFTY-III.NFO,14/05/2025,09:49:08,25050.1,25049.6,375,25053,300,0,374025
NIFTY-III.NFO,14/05/2025,09:49:10,25053,25051.6,225,25053,225,75,374025
NIFTY-III.NFO,14/05/2025,09:49:12,25053,25050,75,25053,225,0,374025
NIFTY-III.NFO,14/05/2025,09:49:13,25053,25050.8,225,25053,225,0,374025
NIFTY-III.NFO,14/05/2025,09:49:15,25050.8,25051.8,375,25053,225,75,374025
NIFTY-III.NFO,14/05/2025,09:49:17,25053,25052.9,150,25053,75,150,374025
NIFTY-III.NFO,14/05/2025,09:49:18,25053,25052.5,75,25055,150,75,374025
NIFTY-III.NFO,14/05/2025,09:49:20,25053,25052.5,75,25055,150,0,374025
NIFTY-III.NFO,14/05/2025,09:49:22,25053,25051.4,75,25055,150,0,374025
NIFTY-III.NFO,14/05/2025,09:49:24,25053,25051.2,150,25055,75,75,374025
NIFTY-III.NFO,14/05/2025,09:49:25,25053,25050,75,25052,75,0,374025
NIFTY-III.NFO,14/05/2025,09:49:29,25052,25050,75,25055,75,75,374025
NIFTY-III.NFO,14/05/2025,09:49:30,25052,25050,75,25055,75,0,374025
NIFTY-III.NFO,14/05/2025,09:49:32,25050.6,25051.1,375,25055,75,300,374025
NIFTY-III.NFO,14/05/2025,09:49:33,25050.6,25051.9,150,25055,75,0,374025
NIFTY-III.NFO,14/05/2025,09:49:35,25050.6,25051.8,75,25055,75,0,374025
NIFTY-III.NFO,14/05/2025,09:49:37,25050.6,25051.1,375,25055,75,0,374025
NIFTY-III.NFO,14/05/2025,09:49:38,25050.6,25050.2,375,25055,75,0,374025
NIFTY-III.NFO,14/05/2025,09:49:40,25050.6,25050.6,375,25055,75,0,374025
NIFTY-III.NFO,14/05/2025,09:49:42,25050.6,25051.3,375,25055,75,0,374025
NIFTY-III.NFO,14/05/2025,09:49:43,25050.6,25050,75,25054.9,300,0,374025
NIFTY-III.NFO,14/05/2025,09:49:48,25050.6,25050,75,25054.9,375,0,374025
NIFTY-III.NFO,14/05/2025,09:49:50,25050.6,25050,75,25053.9,375,0,374025
NIFTY-III.NFO,14/05/2025,09:49:52,25050,25045.8,225,25053.9,375,75,374025
NIFTY-III.NFO,14/05/2025,09:49:53,25050,25044.3,525,25053.9,375,0,374025
NIFTY-III.NFO,14/05/2025,09:49:57,25050,25040.6,450,25051.7,300,0,374025
NIFTY-III.NFO,14/05/2025,09:49:58,25050.9,25037.6,450,25050.9,225,75,374025
NIFTY-III.NFO,14/05/2025,09:50:00,25050.9,25034.5,75,25045.8,300,0,374025
NIFTY-III.NFO,14/05/2025,09:50:02,25045,25033.3,75,25045.8,375,75,374025
NIFTY-III.NFO,14/05/2025,09:50:03,25045,25032.5,75,25042.8,300,0,374025
NIFTY-III.NFO,14/05/2025,09:50:05,25045,25031.1,150,25039.8,300,0,374025
NIFTY-III.NFO,14/05/2025,09:50:07,25045,25031.9,150,25042.2,300,0,374025
NIFTY-III.NFO,14/05/2025,09:50:08,25045,25031,75,25040.5,300,0,374025
NIFTY-III.NFO,14/05/2025,09:50:10,25045,25031,75,25037.9,300,0,374025
NIFTY-III.NFO,14/05/2025,09:50:13,25031,25028,75,25037.5,300,75,374025
NIFTY-III.NFO,14/05/2025,09:50:15,25028,25015.5,75,25027.8,300,75,374025
NIFTY-III.NFO,14/05/2025,09:50:17,25028,25015,75,25024.7,300,0,374025
NIFTY-III.NFO,14/05/2025,09:50:18,25028,25017.9,75,25027.8,300,0,374025
NIFTY-III.NFO,14/05/2025,09:50:20,25028,25016.7,75,25027.8,300,0,374025
NIFTY-III.NFO,14/05/2025,09:50:22,25028,25016,75,25027.8,300,0,374025
NIFTY-III.NFO,14/05/2025,09:50:24,25028,25013.7,75,25024.1,300,0,374025
NIFTY-III.NFO,14/05/2025,09:50:25,25028,25014.7,150,25024.1,300,0,374025
NIFTY-III.NFO,14/05/2025,09:50:27,25028,25014,150,25024.1,300,0,374025
NIFTY-III.NFO,14/05/2025,09:50:29,25014.1,25014,75,25024.1,300,225,374025
NIFTY-III.NFO,14/05/2025,09:50:30,25014.1,25015.6,450,25025.1,375,0,374025
NIFTY-III.NFO,14/05/2025,09:50:32,25014.1,25015.6,75,25027.8,300,0,374025
NIFTY-III.NFO,14/05/2025,09:50:34,25014.1,25023,375,25025.4,75,0,374025
NIFTY-III.NFO,14/05/2025,09:50:35,25025.4,25024.2,375,25034.2,300,75,374025
NIFTY-III.NFO,14/05/2025,09:50:37,25025.4,25024.6,450,25034.2,300,0,374025
NIFTY-III.NFO,14/05/2025,09:50:39,25025.4,25024.2,150,25033.4,300,0,374025
NIFTY-III.NFO,14/05/2025,09:50:40,25025.4,25023.1,75,25033.4,300,0,374025
NIFTY-III.NFO,14/05/2025,09:50:42,25025.4,25022.3,75,25033.4,675,0,374025
NIFTY-III.NFO,14/05/2025,09:50:44,25025.4,25020.5,75,25032.9,300,0,374025
NIFTY-III.NFO,14/05/2025,09:50:45,25025.4,25022,225,25032.9,300,0,374025
NIFTY-III.NFO,14/05/2025,09:50:47,25025.4,25022,525,25032.9,300,0,374025
NIFTY-III.NFO,14/05/2025,09:50:49,25025.4,25022,225,25032.9,300,0,374025
NIFTY-III.NFO,14/05/2025,09:50:50,25025.4,25020.7,225,25032.9,300,0,374025
NIFTY-III.NFO,14/05/2025,09:50:52,25025.4,25021.3,75,25032.7,300,0,374025
NIFTY-III.NFO,14/05/2025,09:50:54,25025.4,25022.7,75,25032.7,300,0,374025
NIFTY-III.NFO,14/05/2025,09:50:55,25025.4,25020.6,75,25032.5,300,0,374025
NIFTY-III.NFO,14/05/2025,09:50:57,25025.4,25019.8,225,25029.6,300,0,374025
NIFTY-III.NFO,14/05/2025,09:50:59,25025.4,25018.4,225,25028.6,300,0,374025
NIFTY-III.NFO,14/05/2025,09:51:00,25018.4,25018.4,150,25029.6,300,75,374025
NIFTY-III.NFO,14/05/2025,09:51:02,25018.4,25019.5,75,25029.6,300,0,374025
NIFTY-III.NFO,14/05/2025,09:51:04,25018.4,25016.9,225,25027.7,300,0,374025
NIFTY-III.NFO,14/05/2025,09:51:05,25018.4,25013.6,225,25023.2,300,0,374025
NIFTY-III.NFO,14/05/2025,09:51:07,25010,25006.9,75,25020.6,300,150,374025
NIFTY-III.NFO,14/05/2025,09:51:09,25010,25005.7,600,25018,300,0,374025
NIFTY-III.NFO,14/05/2025,09:51:10,25010,25006,75,25018,300,0,374025
NIFTY-III.NFO,14/05/2025,09:51:12,25010,25004.7,450,25016.6,300,0,374025
NIFTY-III.NFO,14/05/2025,09:51:14,25010,25004.7,75,25015.4,300,0,374025
NIFTY-III.NFO,14/05/2025,09:51:15,25015,25005.8,225,25016.6,300,75,374025
NIFTY-III.NFO,14/05/2025,09:51:17,25015,25004.7,300,25016.6,300,0,374025
NIFTY-III.NFO,14/05/2025,09:51:19,25004.8,25004.8,150,25010,75,75,374025
NIFTY-III.NFO,14/05/2025,09:51:20,25004.8,25004.8,75,25010,75,0,374025
NIFTY-III.NFO,14/05/2025,09:51:22,25004.8,25005.1,375,25010,75,0,374025
NIFTY-III.NFO,14/05/2025,09:51:24,25004.8,25002.2,225,25010,75,0,374025
NIFTY-III.NFO,14/05/2025,09:51:25,25000,25000,3375,25007,300,375,374025
NIFTY-III.NFO,14/05/2025,09:51:27,25000,25000,3375,25007,300,0,374025
NIFTY-III.NFO,14/05/2025,09:51:29,25000,25000,3450,25009.8,300,0,374025
NIFTY-III.NFO,14/05/2025,09:51:30,25000,25000,3375,25009.5,300,0,374025
NIFTY-III.NFO,14/05/2025,09:51:32,25000,25000,3450,25009.5,300,0,374025
NIFTY-III.NFO,14/05/2025,09:51:34,25000,25000,3375,25005.6,375,0,374025
NIFTY-III.NFO,14/05/2025,09:51:35,25000,25000,3300,25007.6,300,75,374025
NIFTY-III.NFO,14/05/2025,09:51:37,25000,25000,3300,25007.6,300,0,374025
NIFTY-III.NFO,14/05/2025,09:51:39,25000,25000,3225,25005.8,300,75,374025
NIFTY-III.NFO,14/05/2025,09:51:40,25000,25000,3225,25006.5,300,0,374025
NIFTY-III.NFO,14/05/2025,09:51:45,25000,25000,3225,25007.5,375,0,374025
NIFTY-III.NFO,14/05/2025,09:51:47,25000,25000,3225,25009,300,0,374025
NIFTY-III.NFO,14/05/2025,09:51:49,25000,25000,3225,25004,150,0,374025
NIFTY-III.NFO,14/05/2025,09:51:50,25000,24992.7,825,25003.8,300,3225,373725
NIFTY-III.NFO,14/05/2025,09:51:52,25000,24990.6,75,25003.8,300,0,373725
NIFTY-III.NFO,14/05/2025,09:51:54,25003.8,24990.7,450,25001.2,75,75,373725
NIFTY-III.NFO,14/05/2025,09:51:55,25003.8,24992,75,25002.2,300,0,373725
NIFTY-III.NFO,14/05/2025,09:51:59,25003.8,24992.5,75,25003.4,300,0,373725
NIFTY-III.NFO,14/05/2025,09:52:00,25004,24999.2,75,25010.4,75,75,373725
NIFTY-III.NFO,14/05/2025,09:52:02,25004,24996.1,75,25003,75,0,373725
NIFTY-III.NFO,14/05/2025,09:52:04,25004,24993.4,150,25002.8,300,0,373725
NIFTY-III.NFO,14/05/2025,09:52:05,25004,24992.9,150,25002.9,300,0,373725
NIFTY-III.NFO,14/05/2025,09:52:07,25004,24994.2,75,25002.8,300,0,373725
NIFTY-III.NFO,14/05/2025,09:52:09,25004,24995.3,75,25003,75,0,373725
NIFTY-III.NFO,14/05/2025,09:52:10,25004,24994.2,150,25003,150,0,373725
NIFTY-III.NFO,14/05/2025,09:52:12,25004,24997.5,150,25003,75,0,373725
NIFTY-III.NFO,14/05/2025,09:52:14,25004,24997.6,75,25003,75,0,373725
NIFTY-III.NFO,14/05/2025,09:52:15,25004,24996.6,150,25003,75,0,373725
NIFTY-III.NFO,14/05/2025,09:52:17,25004,24994.2,150,25002.9,75,0,373725
NIFTY-III.NFO,14/05/2025,09:52:19,25004,24997.5,75,25003,75,0,373725
NIFTY-III.NFO,14/05/2025,09:52:20,25004,24995.1,150,25003,150,0,373725
NIFTY-III.NFO,14/05/2025,09:52:22,25004,24995.6,75,25000,75,0,373725
NIFTY-III.NFO,14/05/2025,09:52:25,25004,24991.9,75,24999.9,375,0,373725
NIFTY-III.NFO,14/05/2025,09:52:27,25004,24990,75,24998.8,300,0,373725
NIFTY-III.NFO,14/05/2025,09:52:29,25004,24990,75,24998.3,300,0,373725
NIFTY-III.NFO,14/05/2025,09:52:32,25004,24990,75,24994.9,375,0,373725
NIFTY-III.NFO,14/05/2025,09:52:34,24994.9,24990,75,24994.9,300,75,373725
NIFTY-III.NFO,14/05/2025,09:52:35,24994.9,24990,75,24993.2,75,0,373725
NIFTY-III.NFO,14/05/2025,09:52:37,24994.9,24990,75,24992.9,225,0,373725
NIFTY-III.NFO,14/05/2025,09:52:39,24994.9,24990,75,24994.4,75,0,373725
NIFTY-III.NFO,14/05/2025,09:52:40,24994.9,24990,75,24994.7,300,0,373725
NIFTY-III.NFO,14/05/2025,09:52:45,24994.9,24990,75,24993.8,300,0,373725
NIFTY-III.NFO,14/05/2025,09:52:49,24994.9,24990,75,24993.9,75,0,373725
NIFTY-III.NFO,14/05/2025,09:52:50,24994.9,24990,75,24993.8,300,0,373725
NIFTY-III.NFO,14/05/2025,09:52:54,24994.9,24990,75,24993.9,75,0,373725
NIFTY-III.NFO,14/05/2025,09:52:55,24994.9,24990,75,24993.8,300,0,373725
NIFTY-III.NFO,14/05/2025,09:52:59,24994.9,24990,75,24993.8,375,0,373725
NIFTY-III.NFO,14/05/2025,09:53:00,24994.9,24990,75,24993.8,300,0,373725
NIFTY-III.NFO,14/05/2025,09:53:02,24994.9,24990,75,24993.9,75,0,373725
NIFTY-III.NFO,14/05/2025,09:53:04,24993.9,24994.1,150,25000,225,75,373725
NIFTY-III.NFO,14/05/2025,09:53:05,24995.2,24995.2,150,25000,150,75,373725
NIFTY-III.NFO,14/05/2025,09:53:07,25000,24997.5,450,25005,75,150,373725
NIFTY-III.NFO,14/05/2025,09:53:09,25000,24999.4,150,25005,75,0,373725
NIFTY-III.NFO,14/05/2025,09:53:10,25000,25002.7,150,25005,75,0,373725
NIFTY-III.NFO,14/05/2025,09:53:12,25005,25004.5,150,25014.7,300,75,373725
NIFTY-III.NFO,14/05/2025,09:53:14,25005,25005.2,75,25014.3,375,0,373725
NIFTY-III.NFO,14/05/2025,09:53:15,25005,25005.9,150,25014.3,375,0,373725
NIFTY-III.NFO,14/05/2025,09:53:17,25005,25002.4,75,25014.3,375,0,373725
NIFTY-III.NFO,14/05/2025,09:53:19,25005,24999.5,75,25009.2,300,0,373725
NIFTY-III.NFO,14/05/2025,09:53:20,25005,24999.5,375,25009.2,300,0,373725
NIFTY-III.NFO,14/05/2025,09:53:22,25005,25001.4,75,25011.6,300,0,373725
NIFTY-III.NFO,14/05/2025,09:53:24,25005,25002.7,150,25013,375,0,373725
NIFTY-III.NFO,14/05/2025,09:53:25,25005,25003.9,75,25014.2,300,0,373725
NIFTY-III.NFO,14/05/2025,09:53:27,25005,25003.9,225,25014.2,300,0,373725
NIFTY-III.NFO,14/05/2025,09:53:28,25005,25001.4,375,25012,300,0,373725
NIFTY-III.NFO,14/05/2025,09:53:30,25005,25000.4,150,25011,300,0,373725
NIFTY-III.NFO,14/05/2025,09:53:32,25005,25005,150,25010.7,375,0,373725
NIFTY-III.NFO,14/05/2025,09:53:34,25005,25005,150,25009.4,375,0,373725
NIFTY-III.NFO,14/05/2025,09:53:35,25005,25005,150,25007.7,375,0,373725
NIFTY-III.NFO,14/05/2025,09:53:37,25005,25005,150,25008.9,375,0,373725
NIFTY-III.NFO,14/05/2025,09:53:39,25005,25005,150,25007.2,300,0,373725
NIFTY-III.NFO,14/05/2025,09:53:40,25005,25000,75,25005.5,375,150,373725
NIFTY-III.NFO,14/05/2025,09:53:42,25005,25000,75,25007.1,300,0,373725
NIFTY-III.NFO,14/05/2025,09:53:44,25005,25000.1,75,25007.5,300,0,373725
NIFTY-III.NFO,14/05/2025,09:53:45,25005,25000.1,150,25008.2,300,0,373725
NIFTY-III.NFO,14/05/2025,09:53:47,25005,25000.7,75,25010.6,300,0,373725
NIFTY-III.NFO,14/05/2025,09:53:49,25005,25001.1,75,25010.6,300,0,373725
NIFTY-III.NFO,14/05/2025,09:53:50,25005,25000,75,25008.8,300,0,373725
NIFTY-III.NFO,14/05/2025,09:53:52,25005,25000,75,25007.2,375,0,373725
NIFTY-III.NFO,14/05/2025,09:53:54,25005,25000,75,25003.7,375,0,373725
NIFTY-III.NFO,14/05/2025,09:53:55,25005,25000,75,25003.5,375,0,373725
NIFTY-III.NFO,14/05/2025,09:53:57,25005,25000,75,25003.4,375,0,373725
NIFTY-III.NFO,14/05/2025,09:53:59,25005,25000,75,25005.9,300,0,373725
NIFTY-III.NFO,14/05/2025,09:54:00,25005,25000,75,25005.1,375,0,373725
NIFTY-III.NFO,14/05/2025,09:54:02,25005,25000,75,25003.8,300,0,373725
NIFTY-III.NFO,14/05/2025,09:54:04,25005,25000,75,25003.8,375,0,373725
NIFTY-III.NFO,14/05/2025,09:54:05,25005,25000,75,25005,375,0,373725
NIFTY-III.NFO,14/05/2025,09:54:09,25005,25000,75,25006.8,300,0,373725
NIFTY-III.NFO,14/05/2025,09:54:10,25005,25000,75,25006.3,300,0,373725
NIFTY-III.NFO,14/05/2025,09:54:12,25005,25000.1,75,25007.6,375,0,373725
NIFTY-III.NFO,14/05/2025,09:54:14,25005,25000.1,150,25008.8,300,0,373725
NIFTY-III.NFO,14/05/2025,09:54:15,25005,25000.1,75,25008.1,375,0,373725
