Ticker,Date,Time,LTP,BuyPrice,BuyQty,SellPrice,SellQty,LTQ,OpenInterest
NIFTY-I.NFO,09/04/2025,09:15:00,22544,22525,75,22543.95,300,2850,0
NIFTY-I.NFO,09/04/2025,09:15:00,22544,22525,75,22543.95,300,0,0
NIFTY-I.NFO,09/04/2025,09:15:00,22544,22525,75,22543.95,300,0,0
NIFTY-I.NFO,09/04/2025,09:15:00,22525.05,22525,75,22543.95,300,0,0
NIFTY-I.NFO,09/04/2025,09:15:01,22509.9,22502.35,300,22509.85,150,8175,13430775
NIFTY-I.NFO,09/04/2025,09:15:01,22501,22502.35,300,22509.85,150,0,13430775
NIFTY-I.NFO,09/04/2025,09:15:03,22497.1,22487.55,300,22495.2,300,14550,13430775
NIFTY-I.NFO,09/04/2025,09:15:03,22489.8,22487.55,300,22495.2,300,0,13430775
NIFTY-I.NFO,09/04/2025,09:15:04,22467.85,22460.5,75,22467.05,300,12375,13430775
NIFTY-I.NFO,09/04/2025,09:15:04,22460.55,22460.5,75,22467.05,300,0,13430775
NIFTY-I.NFO,09/04/2025,09:15:06,22459.95,22450.05,150,22459.45,150,10950,13430775
NIFTY-I.NFO,09/04/2025,09:15:06,22450,22450.05,150,22459.45,150,0,13430775
NIFTY-I.NFO,09/04/2025,09:15:07,22450,22450,1725,22450.1,1125,3525,13430775
NIFTY-I.NFO,09/04/2025,09:15:09,22447.7,22438.95,150,22446.35,75,6225,13430775
NIFTY-I.NFO,09/04/2025,09:15:09,22438.95,22438.95,150,22446.35,75,0,13430775
NIFTY-I.NFO,09/04/2025,09:15:11,22436.2,22436.2,225,22443.45,75,6750,13430775
NIFTY-I.NFO,09/04/2025,09:15:11,22433.75,22436.2,225,22443.45,75,0,13430775
NIFTY-I.NFO,09/04/2025,09:15:12,22446.15,22438.75,300,22445.1,150,6750,13430775
NIFTY-I.NFO,09/04/2025,09:15:14,22446.15,22440.6,300,22449.15,75,5175,13430775
NIFTY-I.NFO,09/04/2025,09:15:16,22438.4,22438.4,225,22446.2,300,6375,13430775
NIFTY-I.NFO,09/04/2025,09:15:17,22442.6,22440,450,22442.55,375,2700,13430775
NIFTY-I.NFO,09/04/2025,09:15:19,22442.6,22438.4,1500,22442.9,75,6750,13430775
NIFTY-I.NFO,09/04/2025,09:15:21,22436,22436,225,22442.1,150,4500,13430775
NIFTY-I.NFO,09/04/2025,09:15:22,22439,22435.55,375,22439,300,5325,13430775
NIFTY-I.NFO,09/04/2025,09:15:22,22430.25,22435.55,375,22439,300,0,13430775
NIFTY-I.NFO,09/04/2025,09:15:24,22448.65,22445.1,750,22448.1,375,4875,13430775
NIFTY-I.NFO,09/04/2025,09:15:26,22450.95,22447.2,150,22451,75,2550,13430775
NIFTY-I.NFO,09/04/2025,09:15:27,22463.95,22456.35,375,22466.7,150,8400,13430775
NIFTY-I.NFO,09/04/2025,09:15:29,22457.5,22452.65,150,22457,75,3675,13430775
NIFTY-I.NFO,09/04/2025,09:15:31,22456.25,22454.5,300,22460,75,5175,13430775
NIFTY-I.NFO,09/04/2025,09:15:32,22459.65,22455.9,150,22459.45,375,7950,13430775
NIFTY-I.NFO,09/04/2025,09:15:34,22461.35,22461.2,150,22466.45,300,3075,13430775
NIFTY-I.NFO,09/04/2025,09:15:36,22463.45,22459.65,75,22463.8,225,1800,13430775
NIFTY-I.NFO,09/04/2025,09:15:37,22466.4,22461,150,22462.3,1500,6075,13430775
NIFTY-I.NFO,09/04/2025,09:15:39,22464,22462.2,150,22464.1,150,3600,13430775
NIFTY-I.NFO,09/04/2025,09:15:41,22469,22463.1,300,22470.55,300,3225,13421100
NIFTY-I.NFO,09/04/2025,09:15:42,22455,22456.35,75,22457.55,75,7875,13421100
NIFTY-I.NFO,09/04/2025,09:15:44,22462.45,22459.45,300,22465.9,150,5250,13421100
NIFTY-I.NFO,09/04/2025,09:15:46,22467,22466.65,150,22467.25,75,5400,13421100
NIFTY-I.NFO,09/04/2025,09:15:47,22468.25,22468.55,150,22472,75,2400,13421100
NIFTY-I.NFO,09/04/2025,09:15:49,22475.4,22473.7,75,22476,225,6825,13421100
NIFTY-I.NFO,09/04/2025,09:15:51,22485.3,22478.65,300,22485.3,75,5400,13421100
NIFTY-I.NFO,09/04/2025,09:15:53,22484.45,22477.45,150,22484.8,150,1800,13421100
NIFTY-I.NFO,09/04/2025,09:15:54,22484.4,22486.25,75,22491.8,450,4350,13421100
NIFTY-I.NFO,09/04/2025,09:15:56,22484.4,22482.75,75,22487.65,300,1275,13421100
NIFTY-I.NFO,09/04/2025,09:15:58,22487.85,22480.35,300,22487.95,300,1350,13421100
NIFTY-I.NFO,09/04/2025,09:15:59,22479.5,22476,10350,22479.95,75,1500,13421100
NIFTY-I.NFO,09/04/2025,09:16:01,22475.35,22474.15,600,22475.35,75,12450,13421100
NIFTY-I.NFO,09/04/2025,09:16:03,22492.55,22484.9,75,22487.85,75,24300,13421100
NIFTY-I.NFO,09/04/2025,09:16:04,22484.95,22484.95,75,22490.5,150,750,13421100
NIFTY-I.NFO,09/04/2025,09:16:06,22490.05,22487.85,75,22489,75,975,13421100
NIFTY-I.NFO,09/04/2025,09:16:08,22489.9,22480.05,150,22489.9,150,8175,13421100
NIFTY-I.NFO,09/04/2025,09:16:09,22487.4,22483,75,22490.3,150,5250,13421100
NIFTY-I.NFO,09/04/2025,09:16:11,22480,22480,375,22485.75,150,2250,13421100
NIFTY-I.NFO,09/04/2025,09:16:13,22493.95,22486.45,150,22494,75,1200,13421100
NIFTY-I.NFO,09/04/2025,09:16:14,22494,22494,150,22498,75,2250,13421100
NIFTY-I.NFO,09/04/2025,09:16:16,22490.05,22490.15,600,22498.95,225,1125,13421100
NIFTY-I.NFO,09/04/2025,09:16:18,22500,22499,150,22500,5175,4725,13421100
NIFTY-I.NFO,09/04/2025,09:16:19,22499,22499,600,22502.15,75,9525,13421100
NIFTY-I.NFO,09/04/2025,09:16:21,22501.8,22499.05,300,22502.65,300,5625,13421100
NIFTY-I.NFO,09/04/2025,09:16:23,22498.95,22490.25,150,22498.2,600,1725,13421100
NIFTY-I.NFO,09/04/2025,09:16:24,22498.2,22491.05,75,22498.2,375,1200,13421100
NIFTY-I.NFO,09/04/2025,09:16:26,22494.9,22490.6,75,22494.9,750,2775,13421100
NIFTY-I.NFO,09/04/2025,09:16:28,22491.35,22491.3,75,22494.9,75,1875,13421100
NIFTY-I.NFO,09/04/2025,09:16:29,22497.75,22491.75,150,22498.15,450,1800,13421100
NIFTY-I.NFO,09/04/2025,09:16:31,22493.75,22490,1425,22494.1,300,375,13421100
NIFTY-I.NFO,09/04/2025,09:16:33,22491,22490,1125,22490.8,150,975,13421100
NIFTY-I.NFO,09/04/2025,09:16:34,22488.9,22486,900,22489.45,75,3525,13421100
NIFTY-I.NFO,09/04/2025,09:16:36,22485.75,22485,150,22485.95,600,1800,13421100
NIFTY-I.NFO,09/04/2025,09:16:38,22482,22482,1500,22482.9,375,2400,13421100
NIFTY-I.NFO,09/04/2025,09:16:39,22481.45,22480,150,22481.2,150,4500,13421100
NIFTY-I.NFO,09/04/2025,09:16:41,22476,22476,450,22481.6,600,4800,13421100
NIFTY-I.NFO,09/04/2025,09:16:43,22476,22476,450,22480.1,75,1650,13421100
NIFTY-I.NFO,09/04/2025,09:16:44,22475.3,22475,1275,22475.05,300,2025,13421100
NIFTY-I.NFO,09/04/2025,09:16:46,22468,22468,150,22470.5,225,9525,13421100
NIFTY-I.NFO,09/04/2025,09:16:48,22462,22462,375,22464.2,75,6450,13421100
NIFTY-I.NFO,09/04/2025,09:16:49,22465.45,22461,1425,22462.8,225,2400,13421100
NIFTY-I.NFO,09/04/2025,09:16:51,22470,22468,375,22470.25,75,1575,13421100
NIFTY-I.NFO,09/04/2025,09:16:53,22469.15,22470.4,75,22472.75,150,3225,13421100
NIFTY-I.NFO,09/04/2025,09:16:54,22474.4,22475.1,300,22479.55,75,3825,13421100
NIFTY-I.NFO,09/04/2025,09:16:56,22477.05,22476.3,150,22480.05,300,4950,13421100
NIFTY-I.NFO,09/04/2025,09:16:58,22476.3,22477.35,150,22484.05,150,750,13421100
NIFTY-I.NFO,09/04/2025,09:16:59,22468.25,22468.2,75,22476.25,825,2250,13421100
NIFTY-I.NFO,09/04/2025,09:17:01,22470.15,22474,225,22475.5,75,375,13421100
NIFTY-I.NFO,09/04/2025,09:17:03,22478.2,22478.8,75,22485.9,300,1575,13421100
NIFTY-I.NFO,09/04/2025,09:17:04,22486,22484.55,150,22487.95,300,1200,13421100
NIFTY-I.NFO,09/04/2025,09:17:06,22494,22488,750,22493.5,300,3900,13421100
NIFTY-I.NFO,09/04/2025,09:17:08,22490,22488,375,22490.05,225,1800,13421100
NIFTY-I.NFO,09/04/2025,09:17:09,22493.85,22487,75,22493.95,675,900,13421100
NIFTY-I.NFO,09/04/2025,09:17:11,22486.15,22486.8,375,22490,900,1800,13421100
NIFTY-I.NFO,09/04/2025,09:17:13,22494.9,22489.75,75,22495,1275,1200,13421100
NIFTY-I.NFO,09/04/2025,09:17:14,22491.65,22490.75,75,22495,1800,900,13421100
NIFTY-I.NFO,09/04/2025,09:17:16,22500,22495,75,22499.95,675,3075,13421100
NIFTY-I.NFO,09/04/2025,09:17:18,22495,22495,225,22500,2925,2775,13421100
NIFTY-I.NFO,09/04/2025,09:17:19,22495,22491.65,75,22495,225,1575,13421100
NIFTY-I.NFO,09/04/2025,09:17:21,22490,22490,825,22491.8,75,2100,13421100
NIFTY-I.NFO,09/04/2025,09:17:23,22500,22495,525,22499.9,75,7575,13421100
NIFTY-I.NFO,09/04/2025,09:17:24,22498,22495.6,150,22500,975,2175,13421100
NIFTY-I.NFO,09/04/2025,09:17:26,22507,22500,75,22507.2,75,2475,13421100
NIFTY-I.NFO,09/04/2025,09:17:28,22510,22504.3,75,22510.35,75,2925,13421100
NIFTY-I.NFO,09/04/2025,09:17:29,22509.4,22504,225,22509.4,150,675,13421100
NIFTY-I.NFO,09/04/2025,09:17:31,22507.35,22507.85,150,22515,75,2025,13421100
NIFTY-I.NFO,09/04/2025,09:17:33,22515,22511.8,75,22517,75,825,13421100
NIFTY-I.NFO,09/04/2025,09:17:34,22514.05,22511.75,75,22512.65,150,1800,13421100
NIFTY-I.NFO,09/04/2025,09:17:36,22518.45,22511.1,900,22517.45,150,1425,13421100
NIFTY-I.NFO,09/04/2025,09:17:38,22518.25,22514.85,75,22519.25,600,975,13421100
NIFTY-I.NFO,09/04/2025,09:17:39,22513.15,22511.1,825,22512.7,150,1350,13421100
NIFTY-I.NFO,09/04/2025,09:17:41,22512.95,22510.35,300,22512.95,150,1500,13421100
NIFTY-I.NFO,09/04/2025,09:17:43,22510.35,22510.05,75,22513.15,150,1050,13421100
NIFTY-I.NFO,09/04/2025,09:17:44,22511.15,22510.65,600,22518.2,75,2250,13421100
NIFTY-I.NFO,09/04/2025,09:17:46,22510.15,22510.1,750,22513.85,75,300,13421100
NIFTY-I.NFO,09/04/2025,09:17:48,22502.3,22502.95,225,22509.5,75,3075,13421100
NIFTY-I.NFO,09/04/2025,09:17:49,22509.05,22509.05,450,22515.7,75,1800,13421100
NIFTY-I.NFO,09/04/2025,09:17:51,22510.1,22506.7,450,22510.65,150,750,13421100
NIFTY-I.NFO,09/04/2025,09:17:53,22514.5,22514.2,300,22518.95,75,450,13421100
NIFTY-I.NFO,09/04/2025,09:17:54,22519.25,22514.3,150,22520,2250,1125,13421100
NIFTY-I.NFO,09/04/2025,09:17:56,22514.05,22514.2,225,22520,2175,300,13421100
NIFTY-I.NFO,09/04/2025,09:17:58,22516.6,22516.65,150,22520,2025,1200,13421100
NIFTY-I.NFO,09/04/2025,09:17:59,22519.25,22512.55,375,22519.95,600,1275,13421100
NIFTY-I.NFO,09/04/2025,09:18:01,22520,22515,75,22520,1875,1050,13421100
NIFTY-I.NFO,09/04/2025,09:18:03,22520,22517.05,225,22520,75,3300,13421100
NIFTY-I.NFO,09/04/2025,09:18:04,22521,22518.9,150,22521,75,1200,13421100
NIFTY-I.NFO,09/04/2025,09:18:06,22521.65,22517.2,75,22521.65,375,1650,13421100
NIFTY-I.NFO,09/04/2025,09:18:08,22517.2,22515.45,75,22521,75,1200,13421100
NIFTY-I.NFO,09/04/2025,09:18:09,22518.65,22514.05,450,22518.65,525,1725,13421100
NIFTY-I.NFO,09/04/2025,09:18:11,22514.05,22514.05,300,22516.5,600,825,13421100
NIFTY-I.NFO,09/04/2025,09:18:13,22515.55,22514.05,75,22515.55,525,300,13421100
NIFTY-I.NFO,09/04/2025,09:18:14,22511.9,22511.4,300,22518.6,675,450,13421100
NIFTY-I.NFO,09/04/2025,09:18:16,22515.2,22512,150,22513.6,600,2850,13421100
NIFTY-I.NFO,09/04/2025,09:18:18,22511.5,22511,75,22511.65,375,4725,13421100
NIFTY-I.NFO,09/04/2025,09:18:19,22506,22506,1725,22507.8,75,4200,13421100
NIFTY-I.NFO,09/04/2025,09:18:21,22506,22506,1125,22506.1,150,900,13421100
NIFTY-I.NFO,09/04/2025,09:18:23,22502.5,22501,225,22502.5,225,11625,13421100
NIFTY-I.NFO,09/04/2025,09:18:24,22510.6,22505.35,825,22510.7,375,1725,13421100
NIFTY-I.NFO,09/04/2025,09:18:26,22507.45,22506.3,150,22508.7,375,375,13421100
NIFTY-I.NFO,09/04/2025,09:18:28,22501.15,22501.05,75,22506.3,150,450,13421100
NIFTY-I.NFO,09/04/2025,09:18:29,22507.7,22505.05,600,22510,150,450,13421100
NIFTY-I.NFO,09/04/2025,09:18:31,22505.35,22507.35,300,22510,150,225,13421100
NIFTY-I.NFO,09/04/2025,09:18:33,22510,22507.4,75,22510,75,675,13421100
NIFTY-I.NFO,09/04/2025,09:18:34,22511.9,22509.5,600,22513.15,450,1500,13421100
NIFTY-I.NFO,09/04/2025,09:18:36,22518,22512.9,75,22518,75,2850,13421100
NIFTY-I.NFO,09/04/2025,09:18:38,22518.9,22516.65,600,22519,600,900,13421100
NIFTY-I.NFO,09/04/2025,09:18:39,22519,22512,300,22517.5,225,525,13421100
NIFTY-I.NFO,09/04/2025,09:18:41,22512.9,22514.4,375,22516.6,375,675,13476750
NIFTY-I.NFO,09/04/2025,09:18:43,22511,22507.65,300,22512.65,450,1650,13476750
NIFTY-I.NFO,09/04/2025,09:18:44,22512,22511,1125,22513.5,75,1875,13476750
NIFTY-I.NFO,09/04/2025,09:18:46,22511,22511.2,600,22512.25,150,1050,13476750
NIFTY-I.NFO,09/04/2025,09:18:48,22512.65,22512.65,225,22515,225,450,13476750
NIFTY-I.NFO,09/04/2025,09:18:49,22514.05,22512.65,150,22514.25,75,975,13476750
NIFTY-I.NFO,09/04/2025,09:18:51,22509.6,22509,1800,22509.9,375,3150,13476750
NIFTY-I.NFO,09/04/2025,09:18:53,22509.9,22509,1800,22509.9,225,150,13476750
NIFTY-I.NFO,09/04/2025,09:18:54,22507.95,22507,1800,22507.95,75,3825,13476750
NIFTY-I.NFO,09/04/2025,09:18:56,22507,22507,1425,22508.5,75,525,13476750
NIFTY-I.NFO,09/04/2025,09:18:58,22506,22506,1800,22507.5,225,2025,13476750
NIFTY-I.NFO,09/04/2025,09:18:59,22504,22504,75,22504.25,75,5475,13476750
NIFTY-I.NFO,09/04/2025,09:19:01,22496,22496,1275,22497.6,75,12225,13476750
NIFTY-I.NFO,09/04/2025,09:19:03,22501.35,22501.55,675,22507,525,975,13476750
NIFTY-I.NFO,09/04/2025,09:19:04,22507.95,22504.05,375,22508.5,75,1725,13476750
NIFTY-I.NFO,09/04/2025,09:19:06,22503.2,22497.6,75,22500.95,525,1050,13476750
NIFTY-I.NFO,09/04/2025,09:19:08,22495,22495,2325,22495.05,225,1950,13476750
NIFTY-I.NFO,09/04/2025,09:19:09,22491,22491,1575,22493.5,75,2625,13476750
NIFTY-I.NFO,09/04/2025,09:19:11,22495,22492.95,900,22495.05,75,1650,13476750
NIFTY-I.NFO,09/04/2025,09:19:13,22492.55,22491.4,600,22496.3,150,1950,13476750
NIFTY-I.NFO,09/04/2025,09:19:14,22491.4,22491.4,150,22494.5,600,300,13476750
NIFTY-I.NFO,09/04/2025,09:19:16,22494.7,22491.05,75,22492.8,675,750,13476750
NIFTY-I.NFO,09/04/2025,09:19:18,22486,22486,1950,22486.05,75,7950,13476750
NIFTY-I.NFO,09/04/2025,09:19:19,22484.8,22484.8,225,22485.75,75,2625,13476750
NIFTY-I.NFO,09/04/2025,09:19:21,22482,22482,1575,22482.15,150,1875,13476750
NIFTY-I.NFO,09/04/2025,09:19:22,22488.4,22487.55,300,22494.3,525,2475,13476750
NIFTY-I.NFO,09/04/2025,09:19:24,22487.55,22487.55,150,22492.75,75,300,13476750
NIFTY-I.NFO,09/04/2025,09:19:26,22487.6,22487.6,75,22489.95,375,225,13476750
NIFTY-I.NFO,09/04/2025,09:19:27,22486.45,22486.2,900,22489.9,75,600,13476750
NIFTY-I.NFO,09/04/2025,09:19:29,22486.05,22485.75,150,22485.95,75,900,13476750
NIFTY-I.NFO,09/04/2025,09:19:31,22489.95,22488.3,600,22490,300,2325,13476750
NIFTY-I.NFO,09/04/2025,09:19:32,22489.85,22489.85,450,22492,825,2025,13476750
NIFTY-I.NFO,09/04/2025,09:19:34,22496.3,22495.3,150,22498,75,2625,13476750
NIFTY-I.NFO,09/04/2025,09:19:36,22492.65,22492.65,525,22498.85,75,5175,13476750
NIFTY-I.NFO,09/04/2025,09:19:37,22492,22492.8,150,22497.55,75,975,13476750
NIFTY-I.NFO,09/04/2025,09:19:39,22492.8,22490,75,22493.6,450,300,13476750
NIFTY-I.NFO,09/04/2025,09:19:41,22487.3,22487.15,75,22489.7,75,675,13476750
NIFTY-I.NFO,09/04/2025,09:19:42,22489.9,22491,75,22492.75,150,750,13476750
NIFTY-I.NFO,09/04/2025,09:19:44,22490.9,22487.15,75,22490.9,300,300,13476750
NIFTY-I.NFO,09/04/2025,09:19:46,22491.05,22487,75,22490.55,375,6075,13476750
NIFTY-I.NFO,09/04/2025,09:19:47,22487,22485.2,300,22487,150,525,13476750
NIFTY-I.NFO,09/04/2025,09:19:49,22493.6,22487.3,675,22494.1,75,825,13476750
NIFTY-I.NFO,09/04/2025,09:19:51,22486,22486,1200,22487.45,375,1050,13476750
NIFTY-I.NFO,09/04/2025,09:19:52,22487.8,22486,75,22488.3,150,1875,13476750
NIFTY-I.NFO,09/04/2025,09:19:54,22482,22482,2925,22482.05,150,30675,13476750
NIFTY-I.NFO,09/04/2025,09:19:56,22481.2,22481,150,22481.7,375,2925,13476750
NIFTY-I.NFO,09/04/2025,09:19:57,22480.5,22480,2025,22480.5,375,675,13476750
NIFTY-I.NFO,09/04/2025,09:19:59,22479.9,22479.55,75,22480.1,375,2250,13476750
NIFTY-I.NFO,09/04/2025,09:20:01,22477.05,22477,75,22479.9,300,750,13476750
NIFTY-I.NFO,09/04/2025,09:20:02,22475.55,22478.1,600,22479.9,750,1050,13476750
NIFTY-I.NFO,09/04/2025,09:20:04,22476,22476,450,22476.5,75,1950,13476750
NIFTY-I.NFO,09/04/2025,09:20:06,22471.3,22470,1350,22471.3,75,4425,13476750
NIFTY-I.NFO,09/04/2025,09:20:07,22471.8,22473.05,225,22476,75,975,13476750
NIFTY-I.NFO,09/04/2025,09:20:09,22474.35,22474.6,75,22478,600,1275,13476750
NIFTY-I.NFO,09/04/2025,09:20:11,22474.6,22476,75,22477.95,75,975,13476750
NIFTY-I.NFO,09/04/2025,09:20:12,22480,22478.15,75,22480,375,1050,13476750
NIFTY-I.NFO,09/04/2025,09:20:14,22476.25,22478.05,75,22480,600,2025,13476750
NIFTY-I.NFO,09/04/2025,09:20:16,22481.15,22482.1,600,22485.95,75,3225,13476750
NIFTY-I.NFO,09/04/2025,09:20:17,22490.95,22490.95,225,22493.4,225,1425,13476750
NIFTY-I.NFO,09/04/2025,09:20:19,22494.15,22491.4,75,22497.8,75,10725,13476750
NIFTY-I.NFO,09/04/2025,09:20:21,22491.4,22491.4,525,22497.7,750,225,13476750
NIFTY-I.NFO,09/04/2025,09:20:22,22497.8,22494,150,22499,975,450,13476750
NIFTY-I.NFO,09/04/2025,09:20:24,22496.9,22496.9,75,22497.2,150,375,13476750
NIFTY-I.NFO,09/04/2025,09:20:26,22496.6,22495,75,22496.8,150,1275,13476750
NIFTY-I.NFO,09/04/2025,09:20:27,22485,22481.2,75,22484.45,825,675,13476750
NIFTY-I.NFO,09/04/2025,09:20:29,22478,22477.05,150,22479.9,150,1725,13476750
NIFTY-I.NFO,09/04/2025,09:20:31,22489.85,22483.15,1125,22490,300,750,13476750
NIFTY-I.NFO,09/04/2025,09:20:32,22480,22477.9,375,22480,3450,2250,13476750
NIFTY-I.NFO,09/04/2025,09:20:34,22487.5,22487.7,75,22490,1050,4950,13476750
NIFTY-I.NFO,09/04/2025,09:20:36,22485,22485,675,22489.05,825,450,13476750
NIFTY-I.NFO,09/04/2025,09:20:37,22490,22485.2,1200,22490,975,1275,13476750
NIFTY-I.NFO,09/04/2025,09:20:39,22485.5,22485.7,675,22489.95,300,300,13476750
NIFTY-I.NFO,09/04/2025,09:20:41,22486.3,22486.4,300,22490,975,375,13476750
NIFTY-I.NFO,09/04/2025,09:20:42,22490,22486.2,75,22490,825,225,13476750
NIFTY-I.NFO,09/04/2025,09:20:44,22486.35,22486.9,300,22490,750,975,13476750
NIFTY-I.NFO,09/04/2025,09:20:46,22490,22490,225,22494,9750,750,13476750
NIFTY-I.NFO,09/04/2025,09:20:47,22490,22490,75,22494,9675,450,13476750
NIFTY-I.NFO,09/04/2025,09:20:49,22493.85,22492.4,1050,22499,975,10875,13476750
NIFTY-I.NFO,09/04/2025,09:20:51,22499,22494.2,825,22499,900,300,13476750
NIFTY-I.NFO,09/04/2025,09:20:52,22499,22496.1,75,22499,675,375,13476750
NIFTY-I.NFO,09/04/2025,09:20:54,22501.05,22501.05,75,22503,975,1500,13476750
NIFTY-I.NFO,09/04/2025,09:20:56,22500.95,22500.55,150,22503,675,1800,13476750
NIFTY-I.NFO,09/04/2025,09:20:57,22503.45,22503.5,675,22505.6,225,1200,13476750
NIFTY-I.NFO,09/04/2025,09:20:59,22505.05,22505.65,75,22507,2100,675,13476750
NIFTY-I.NFO,09/04/2025,09:21:01,22505.55,22503,150,22505.55,75,750,13476750
NIFTY-I.NFO,09/04/2025,09:21:02,22505.4,22502.4,675,22505.5,75,675,13476750
NIFTY-I.NFO,09/04/2025,09:21:04,22505.1,22505.95,150,22508.8,150,2850,13476750
NIFTY-I.NFO,09/04/2025,09:21:06,22515,22515,375,22516,150,2925,13476750
NIFTY-I.NFO,09/04/2025,09:21:07,22515.05,22515,225,22516.95,75,750,13476750
NIFTY-I.NFO,09/04/2025,09:21:09,22519.95,22516.5,75,22519.95,375,1050,13476750
NIFTY-I.NFO,09/04/2025,09:21:11,22520,22518.85,150,22521,150,3150,13476750
NIFTY-I.NFO,09/04/2025,09:21:12,22521.8,22518.85,525,22521.5,750,2025,13476750
NIFTY-I.NFO,09/04/2025,09:21:14,22507.9,22505.6,75,22510.65,975,4125,13476750
NIFTY-I.NFO,09/04/2025,09:21:16,22511,22505.8,300,22511.2,600,1800,13476750
NIFTY-I.NFO,09/04/2025,09:21:17,22510.55,22505.9,150,22509.6,750,75,13476750
NIFTY-I.NFO,09/04/2025,09:21:19,22505.9,22507.95,75,22510.55,825,75,13476750
NIFTY-I.NFO,09/04/2025,09:21:21,22505.95,22503.3,75,22504.95,675,1125,13476750
NIFTY-I.NFO,09/04/2025,09:21:22,22502.55,22495.25,300,22500.75,525,4275,13476750
NIFTY-I.NFO,09/04/2025,09:21:24,22500.05,22500,75,22505.1,525,600,13476750
NIFTY-I.NFO,09/04/2025,09:21:26,22499.85,22495.05,150,22499.5,150,1500,13476750
NIFTY-I.NFO,09/04/2025,09:21:27,22501.5,22500.1,1200,22506.3,300,600,13476750
NIFTY-I.NFO,09/04/2025,09:21:29,22505.9,22501.8,900,22507.45,150,1650,13476750
NIFTY-I.NFO,09/04/2025,09:21:31,22505.9,22500.2,900,22505.95,150,300,13476750
NIFTY-I.NFO,09/04/2025,09:21:32,22506,22506.9,900,22508.3,75,450,13476750
NIFTY-I.NFO,09/04/2025,09:21:34,22505.55,22507.1,150,22508,75,3825,13476750
NIFTY-I.NFO,09/04/2025,09:21:36,22514,22510.85,375,22514.85,750,2925,13476750
NIFTY-I.NFO,09/04/2025,09:21:37,22510.15,22509.8,150,22514.1,825,1125,13476750
NIFTY-I.NFO,09/04/2025,09:21:39,22506.25,22506.05,150,22509.45,825,450,13476750
NIFTY-I.NFO,09/04/2025,09:21:41,22502,22500.7,375,22505.85,75,825,13476750
NIFTY-I.NFO,09/04/2025,09:21:42,22507.9,22502.6,300,22505.9,75,300,13541925
NIFTY-I.NFO,09/04/2025,09:21:44,22505,22502.65,150,22504.95,375,675,13541925
NIFTY-I.NFO,09/04/2025,09:21:46,22503.15,22502.7,150,22503.05,600,450,13541925
NIFTY-I.NFO,09/04/2025,09:21:47,22500.8,22500.75,75,22502.35,150,300,13541925
NIFTY-I.NFO,09/04/2025,09:21:49,22496.05,22496.05,150,22500.2,600,900,13541925
NIFTY-I.NFO,09/04/2025,09:21:51,22493.05,22493.05,225,22496.9,375,1875,13541925
NIFTY-I.NFO,09/04/2025,09:21:52,22493.5,22493.5,150,22496.4,600,75,13541925
NIFTY-I.NFO,09/04/2025,09:21:54,22496.2,22493.55,150,22495.35,600,600,13541925
NIFTY-I.NFO,09/04/2025,09:21:56,22484.35,22482.6,375,22483.85,600,4725,13541925
NIFTY-I.NFO,09/04/2025,09:21:57,22485.25,22488.4,225,22490,75,825,13541925
NIFTY-I.NFO,09/04/2025,09:21:59,22490,22489.95,900,22492,75,375,13541925
NIFTY-I.NFO,09/04/2025,09:22:01,22493.5,22494.55,75,22498.35,300,450,13541925
NIFTY-I.NFO,09/04/2025,09:22:02,22493.3,22496.9,450,22498.05,75,225,13541925
NIFTY-I.NFO,09/04/2025,09:22:04,22502.35,22500.65,900,22505,150,150,13541925
NIFTY-I.NFO,09/04/2025,09:22:06,22496,22495.1,150,22496,1650,750,13541925
NIFTY-I.NFO,09/04/2025,09:22:07,22495.4,22495.05,150,22496,1650,75,13541925
NIFTY-I.NFO,09/04/2025,09:22:09,22496,22495,75,22496,1575,150,13541925
NIFTY-I.NFO,09/04/2025,09:22:11,22494.2,22490.25,1200,22494.25,75,225,13541925
NIFTY-I.NFO,09/04/2025,09:22:12,22494.25,22493.25,900,22494.3,375,225,13541925
NIFTY-I.NFO,09/04/2025,09:22:14,22497.85,22497.75,75,22499,225,2550,13541925
NIFTY-I.NFO,09/04/2025,09:22:16,22497.8,22497.75,150,22499,225,375,13541925
NIFTY-I.NFO,09/04/2025,09:22:17,22497.75,22497.75,150,22499,225,300,13541925
NIFTY-I.NFO,09/04/2025,09:22:19,22497.85,22498,225,22500,1425,225,13541925
NIFTY-I.NFO,09/04/2025,09:22:21,22499.65,22498,150,22499.85,75,1500,13541925
NIFTY-I.NFO,09/04/2025,09:22:22,22495.45,22495.4,75,22497.35,75,300,13541925
NIFTY-I.NFO,09/04/2025,09:22:24,22496.3,22495.25,675,22495.9,225,600,13541925
NIFTY-I.NFO,09/04/2025,09:22:26,22494.9,22491.6,900,22494.9,225,900,13541925
NIFTY-I.NFO,09/04/2025,09:22:27,22497,22497,375,22499,150,3225,13541925
NIFTY-I.NFO,09/04/2025,09:22:29,22498,22497.05,75,22500,450,2025,13541925
NIFTY-I.NFO,09/04/2025,09:22:31,22499.85,22497.4,75,22500,300,1650,13541925
NIFTY-I.NFO,09/04/2025,09:22:32,22496,22497.4,225,22502,225,1200,13541925
NIFTY-I.NFO,09/04/2025,09:22:34,22497.4,22497.4,225,22501,150,600,13541925
NIFTY-I.NFO,09/04/2025,09:22:36,22497.4,22497.4,1050,22502,225,0,13541925
NIFTY-I.NFO,09/04/2025,09:22:37,22497.4,22497.2,450,22501.25,150,825,13541925
NIFTY-I.NFO,09/04/2025,09:22:39,22497.4,22500.85,75,22501.25,150,75,13541925
NIFTY-I.NFO,09/04/2025,09:22:41,22505,22503.45,75,22508.2,75,2025,13541925
NIFTY-I.NFO,09/04/2025,09:22:43,22507.85,22501.05,375,22507.85,225,300,13541925
NIFTY-I.NFO,09/04/2025,09:22:44,22509.75,22503.05,375,22509.8,75,900,13541925
NIFTY-I.NFO,09/04/2025,09:22:46,22504.4,22504.4,525,22509.75,75,225,13541925
NIFTY-I.NFO,09/04/2025,09:22:48,22500,22497.45,150,22500,900,1650,13541925
NIFTY-I.NFO,09/04/2025,09:22:49,22499.7,22501.05,525,22507.35,600,3075,13541925
NIFTY-I.NFO,09/04/2025,09:22:51,22507.4,22502.5,675,22506.7,75,75,13541925
NIFTY-I.NFO,09/04/2025,09:22:53,22509,22505.15,75,22509.8,75,300,13541925
NIFTY-I.NFO,09/04/2025,09:22:54,22508.6,22508.2,375,22510,300,450,13541925
NIFTY-I.NFO,09/04/2025,09:22:56,22507.75,22507,600,22509,75,75,13541925
NIFTY-I.NFO,09/04/2025,09:22:58,22510,22509,75,22510,750,600,13541925
NIFTY-I.NFO,09/04/2025,09:22:59,22510,22509,2475,22510,675,75,13541925
NIFTY-I.NFO,09/04/2025,09:23:01,22509,22509,1950,22510,600,975,13541925
NIFTY-I.NFO,09/04/2025,09:23:03,22506,22500.25,300,22503.55,75,3675,13541925
NIFTY-I.NFO,09/04/2025,09:23:04,22507.9,22502.65,300,22509,75,525,13541925
NIFTY-I.NFO,09/04/2025,09:23:06,22507.9,22505.5,300,22510,525,300,13541925
NIFTY-I.NFO,09/04/2025,09:23:08,22510,22506.85,450,22510,75,900,13541925
NIFTY-I.NFO,09/04/2025,09:23:09,22507.4,22507.4,75,22509.35,300,150,13541925
NIFTY-I.NFO,09/04/2025,09:23:11,22507.3,22506,600,22508.95,150,975,13541925
NIFTY-I.NFO,09/04/2025,09:23:13,22507.4,22507.4,75,22509.8,150,525,13541925
NIFTY-I.NFO,09/04/2025,09:23:14,22507.4,22503,150,22507.25,600,2475,13541925
NIFTY-I.NFO,09/04/2025,09:23:16,22504.3,22500.2,150,22501,150,600,13541925
NIFTY-I.NFO,09/04/2025,09:23:18,22500,22500.2,150,22502.35,150,675,13541925
NIFTY-I.NFO,09/04/2025,09:23:19,22503.05,22503.6,525,22505,375,1575,13541925
NIFTY-I.NFO,09/04/2025,09:23:21,22503.05,22500.6,300,22503.8,825,0,13541925
NIFTY-I.NFO,09/04/2025,09:23:23,22501.4,22500.6,225,22501.4,600,1875,13541925
NIFTY-I.NFO,09/04/2025,09:23:24,22501.8,22500,150,22501.5,600,750,13541925
NIFTY-I.NFO,09/04/2025,09:23:26,22498.65,22495,75,22496.45,600,1200,13541925
NIFTY-I.NFO,09/04/2025,09:23:28,22500,22499.2,600,22503,150,900,13541925
NIFTY-I.NFO,09/04/2025,09:23:29,22500,22499.25,75,22500.6,75,0,13541925
NIFTY-I.NFO,09/04/2025,09:23:31,22502.95,22499.3,75,22503,150,225,13541925
NIFTY-I.NFO,09/04/2025,09:23:33,22495.15,22500,75,22501.8,825,2250,13541925
NIFTY-I.NFO,09/04/2025,09:23:34,22499.35,22492.55,150,22499,150,2100,13541925
NIFTY-I.NFO,09/04/2025,09:23:36,22497.3,22501.8,150,22503.05,1050,1875,13541925
NIFTY-I.NFO,09/04/2025,09:23:38,22499.35,22500.4,150,22505,150,5925,13541925
NIFTY-I.NFO,09/04/2025,09:23:39,22502,22501.75,150,22505,75,2400,13541925
NIFTY-I.NFO,09/04/2025,09:23:41,22504.8,22505,1950,22507.9,150,975,13541925
NIFTY-I.NFO,09/04/2025,09:23:43,22501.7,22500,900,22503.65,150,2475,13541925
NIFTY-I.NFO,09/04/2025,09:23:44,22500,22501.5,450,22507.8,150,600,13541925
NIFTY-I.NFO,09/04/2025,09:23:46,22500,22500,375,22503.05,150,225,13541925
NIFTY-I.NFO,09/04/2025,09:23:48,22499.35,22499.35,225,22502.2,225,450,13541925
NIFTY-I.NFO,09/04/2025,09:23:49,22499.35,22496.85,150,22502.2,75,375,13541925
NIFTY-I.NFO,09/04/2025,09:23:51,22500,22499.95,375,22505,150,750,13541925
NIFTY-I.NFO,09/04/2025,09:23:53,22499.95,22500,150,22501.25,975,300,13541925
NIFTY-I.NFO,09/04/2025,09:23:54,22497.9,22497,75,22497.7,600,600,13541925
NIFTY-I.NFO,09/04/2025,09:23:56,22495.75,22492,375,22495.85,375,1500,13541925
NIFTY-I.NFO,09/04/2025,09:23:58,22495.85,22494.6,450,22500,150,375,13541925
NIFTY-I.NFO,09/04/2025,09:23:59,22501.05,22495.9,75,22500.75,825,525,13541925
NIFTY-I.NFO,09/04/2025,09:24:01,22496.45,22496.05,600,22500.7,75,75,13541925
NIFTY-I.NFO,09/04/2025,09:24:03,22502.5,22500.95,600,22503,75,225,13541925
NIFTY-I.NFO,09/04/2025,09:24:04,22499.85,22499.8,75,22500.85,825,525,13541925
NIFTY-I.NFO,09/04/2025,09:24:06,22500.05,22496.1,600,22499.1,825,1575,13541925
NIFTY-I.NFO,09/04/2025,09:24:08,22496.05,22495,750,22496.05,150,1500,13541925
NIFTY-I.NFO,09/04/2025,09:24:09,22498.95,22498.95,1875,22500.5,525,825,13541925
NIFTY-I.NFO,09/04/2025,09:24:11,22498.95,22495.05,150,22496.9,600,1650,13541925
NIFTY-I.NFO,09/04/2025,09:24:13,22493.45,22492,75,22494.1,525,1875,13541925
NIFTY-I.NFO,09/04/2025,09:24:14,22493,22491.1,2400,22495.4,750,675,13541925
NIFTY-I.NFO,09/04/2025,09:24:16,22491.1,22491.1,2175,22494.05,375,225,13541925
NIFTY-I.NFO,09/04/2025,09:24:18,22493.25,22491.1,1875,22494.3,825,525,13541925
NIFTY-I.NFO,09/04/2025,09:24:19,22497,22492.55,600,22497,300,225,13541925
NIFTY-I.NFO,09/04/2025,09:24:21,22498.8,22496.05,600,22500,150,975,13541925
NIFTY-I.NFO,09/04/2025,09:24:22,22496.05,22496.15,450,22498,75,75,13541925
NIFTY-I.NFO,09/04/2025,09:24:24,22496.05,22496.25,375,22497.9,150,0,13541925
NIFTY-I.NFO,09/04/2025,09:24:26,22495,22491.15,150,22494.4,525,600,13541925
NIFTY-I.NFO,09/04/2025,09:24:27,22494.4,22493.15,600,22494.4,150,675,13541925
NIFTY-I.NFO,09/04/2025,09:24:29,22494.4,22491.85,600,22494.4,75,150,13541925
NIFTY-I.NFO,09/04/2025,09:24:31,22493.1,22491.65,600,22494.4,75,375,13541925
NIFTY-I.NFO,09/04/2025,09:24:32,22493.7,22491.15,150,22493.5,150,300,13541925
NIFTY-I.NFO,09/04/2025,09:24:34,22493.55,22493.85,600,22496.2,75,750,13541925
NIFTY-I.NFO,09/04/2025,09:24:36,22498,22495.3,600,22498,225,225,13541925
NIFTY-I.NFO,09/04/2025,09:24:37,22500,22501.3,900,22505,375,1500,13541925
NIFTY-I.NFO,09/04/2025,09:24:39,22498,22496.85,600,22498,150,525,13541925
NIFTY-I.NFO,09/04/2025,09:24:41,22502.7,22497.5,600,22503.75,450,450,13541925
NIFTY-I.NFO,09/04/2025,09:24:42,22493.6,22498,75,22500.35,150,675,13544325
NIFTY-I.NFO,09/04/2025,09:24:44,22497,22497,225,22498.55,450,1350,13544325
NIFTY-I.NFO,09/04/2025,09:24:46,22497.05,22492.05,900,22497.15,450,1050,13544325
NIFTY-I.NFO,09/04/2025,09:24:48,22497.5,22494.35,1125,22497.85,450,675,13544325
NIFTY-I.NFO,09/04/2025,09:24:49,22494.35,22494.35,1125,22497.25,225,225,13544325
NIFTY-I.NFO,09/04/2025,09:24:51,22496.3,22497.25,75,22499,600,375,13544325
NIFTY-I.NFO,09/04/2025,09:24:53,22497.25,22497.9,1050,22500,375,225,13544325
NIFTY-I.NFO,09/04/2025,09:24:54,22500.8,22500.35,450,22502,75,600,13544325
NIFTY-I.NFO,09/04/2025,09:24:56,22499.95,22497.3,900,22499.95,75,750,13544325
NIFTY-I.NFO,09/04/2025,09:24:58,22499.95,22498.65,150,22501.75,375,75,13544325
NIFTY-I.NFO,09/04/2025,09:24:59,22492.55,22492.5,975,22495.05,375,1500,13544325
NIFTY-I.NFO,09/04/2025,09:25:01,22497.9,22492.9,600,22497.65,375,1200,13544325
NIFTY-I.NFO,09/04/2025,09:25:03,22496.2,22492.05,900,22496.85,150,300,13544325
NIFTY-I.NFO,09/04/2025,09:25:04,22492.3,22492.3,300,22497.75,75,2325,13544325
NIFTY-I.NFO,09/04/2025,09:25:06,22495,22492.25,375,22497.55,825,600,13544325
NIFTY-I.NFO,09/04/2025,09:25:08,22491.1,22492.5,450,22497.8,75,1500,13544325
NIFTY-I.NFO,09/04/2025,09:25:09,22492.8,22492.5,600,22497.55,75,4500,13544325
NIFTY-I.NFO,09/04/2025,09:25:11,22492.5,22491.05,150,22494.75,225,1500,13544325
NIFTY-I.NFO,09/04/2025,09:25:13,22492.75,22491.65,450,22496.75,150,75,13544325
NIFTY-I.NFO,09/04/2025,09:25:14,22491.7,22491.7,75,22494.85,75,225,13544325
NIFTY-I.NFO,09/04/2025,09:25:16,22497.85,22493.4,375,22497.85,75,300,13544325
NIFTY-I.NFO,09/04/2025,09:25:18,22497.9,22496.45,375,22499,75,225,13544325
NIFTY-I.NFO,09/04/2025,09:25:19,22500,22500,375,22502.8,75,3075,13544325
NIFTY-I.NFO,09/04/2025,09:25:21,22507.95,22509,75,22510,975,900,13544325
NIFTY-I.NFO,09/04/2025,09:25:23,22504.9,22504.6,225,22509.05,75,525,13544325
NIFTY-I.NFO,09/04/2025,09:25:24,22502.85,22502.8,75,22506.35,150,375,13544325
NIFTY-I.NFO,09/04/2025,09:25:26,22503.7,22502.85,75,22504.2,600,150,13544325
NIFTY-I.NFO,09/04/2025,09:25:28,22501,22498.2,450,22503.7,150,300,13544325
NIFTY-I.NFO,09/04/2025,09:25:29,22503.7,22499.4,450,22504.35,525,225,13544325
NIFTY-I.NFO,09/04/2025,09:25:31,22503.7,22498.15,150,22503.1,75,0,13544325
NIFTY-I.NFO,09/04/2025,09:25:33,22503,22502.1,150,22507.15,75,600,13544325
NIFTY-I.NFO,09/04/2025,09:25:34,22502.1,22502.1,300,22502.95,150,1500,13544325
NIFTY-I.NFO,09/04/2025,09:25:36,22502.1,22497.45,150,22502.15,225,600,13544325
NIFTY-I.NFO,09/04/2025,09:25:38,22497.5,22497.45,150,22498.95,75,75,13544325
NIFTY-I.NFO,09/04/2025,09:25:39,22492,22492,375,22496.65,600,2700,13544325
NIFTY-I.NFO,09/04/2025,09:25:41,22495.1,22492,75,22495.3,450,4500,13544325
NIFTY-I.NFO,09/04/2025,09:25:43,22492.05,22491,1650,22493.5,75,1725,13544325
NIFTY-I.NFO,09/04/2025,09:25:44,22491,22491,825,22491.8,75,600,13544325
NIFTY-I.NFO,09/04/2025,09:25:46,22490,22490,4125,22491,75,1725,13544325
NIFTY-I.NFO,09/04/2025,09:25:48,22486.05,22486,2100,22488.55,525,9225,13544325
NIFTY-I.NFO,09/04/2025,09:25:49,22488.55,22492,75,22492.15,75,1125,13544325
NIFTY-I.NFO,09/04/2025,09:25:51,22487.5,22487.5,225,22491.4,300,300,13544325
NIFTY-I.NFO,09/04/2025,09:25:53,22486.95,22486.95,975,22491.9,225,600,13544325
NIFTY-I.NFO,09/04/2025,09:25:54,22487.35,22486.75,150,22490,450,150,13544325
NIFTY-I.NFO,09/04/2025,09:25:56,22489.25,22487.7,450,22492.65,150,825,13544325
NIFTY-I.NFO,09/04/2025,09:25:58,22492.5,22488.05,900,22492.75,75,375,13544325
NIFTY-I.NFO,09/04/2025,09:25:59,22495.1,22493.6,375,22499.2,150,1650,13544325
NIFTY-I.NFO,09/04/2025,09:26:01,22495.1,22490.1,75,22492.5,525,0,13544325
NIFTY-I.NFO,09/04/2025,09:26:03,22490,22487.7,900,22492.4,75,375,13544325
NIFTY-I.NFO,09/04/2025,09:26:04,22490,22487.55,150,22489.3,75,0,13544325
NIFTY-I.NFO,09/04/2025,09:26:06,22486.95,22486.6,225,22487.45,75,600,13544325
NIFTY-I.NFO,09/04/2025,09:26:08,22486.9,22487,75,22488.5,75,1950,13544325
NIFTY-I.NFO,09/04/2025,09:26:09,22486,22486,225,22488.2,75,225,13544325
NIFTY-I.NFO,09/04/2025,09:26:11,22485.55,22485.2,75,22488,75,375,13544325
NIFTY-I.NFO,09/04/2025,09:26:13,22485,22485,3375,22485.15,300,675,13544325
NIFTY-I.NFO,09/04/2025,09:26:14,22482,22482,675,22482.2,75,8625,13544325
NIFTY-I.NFO,09/04/2025,09:26:16,22480.6,22480.6,375,22481.95,150,4425,13544325
NIFTY-I.NFO,09/04/2025,09:26:18,22477.1,22477.05,150,22477.9,150,3075,13544325
NIFTY-I.NFO,09/04/2025,09:26:19,22471,22471,1200,22472.35,75,7125,13544325
NIFTY-I.NFO,09/04/2025,09:26:21,22470.5,22470,1350,22472.05,375,3900,13544325
NIFTY-I.NFO,09/04/2025,09:26:23,22465,22465.05,75,22466.85,150,3300,13544325
NIFTY-I.NFO,09/04/2025,09:26:24,22466.6,22466.6,225,22468.35,75,1500,13544325
NIFTY-I.NFO,09/04/2025,09:26:26,22469.15,22468.75,150,22472.7,450,1725,13544325
NIFTY-I.NFO,09/04/2025,09:26:28,22466.05,22466,600,22469.8,150,375,13544325
NIFTY-I.NFO,09/04/2025,09:26:29,22463.55,22463.55,300,22468.6,75,1500,13544325
NIFTY-I.NFO,09/04/2025,09:26:31,22466.05,22465,150,22466.4,75,75,13544325
NIFTY-I.NFO,09/04/2025,09:26:33,22462.5,22462.2,375,22467.15,75,450,13544325
NIFTY-I.NFO,09/04/2025,09:26:34,22462.15,22463,75,22465.7,675,900,13544325
NIFTY-I.NFO,09/04/2025,09:26:36,22463,22462,150,22462.5,75,750,13544325
NIFTY-I.NFO,09/04/2025,09:26:38,22461.7,22461.55,75,22462.5,75,600,13544325
NIFTY-I.NFO,09/04/2025,09:26:39,22463.8,22463.3,900,22465,450,375,13544325
NIFTY-I.NFO,09/04/2025,09:26:41,22466.95,22464.2,150,22466.95,75,1650,13544325
NIFTY-I.NFO,09/04/2025,09:26:43,22466.1,22465,75,22465.05,375,225,13544325
NIFTY-I.NFO,09/04/2025,09:26:44,22462.25,22463,1050,22464.4,150,600,13544325
NIFTY-I.NFO,09/04/2025,09:26:46,22463,22463,525,22463.75,375,300,13544325
NIFTY-I.NFO,09/04/2025,09:26:48,22466.05,22463,75,22466,300,3000,13544325
NIFTY-I.NFO,09/04/2025,09:26:49,22465.95,22466,450,22468,150,600,13544325
NIFTY-I.NFO,09/04/2025,09:26:51,22469.15,22463.75,375,22466.05,75,375,13544325
NIFTY-I.NFO,09/04/2025,09:26:53,22473.6,22468.4,900,22473.75,225,3225,13544325
NIFTY-I.NFO,09/04/2025,09:26:55,22470.05,22465.25,450,22471.05,150,6375,13544325
NIFTY-I.NFO,09/04/2025,09:26:56,22470.2,22471.2,450,22476.8,150,75,13544325
NIFTY-I.NFO,09/04/2025,09:26:58,22475.05,22475.05,150,22477.05,300,300,13544325
NIFTY-I.NFO,09/04/2025,09:27:00,22470.2,22470.15,75,22471.9,300,2025,13544325
NIFTY-I.NFO,09/04/2025,09:27:01,22472.4,22470.2,300,22472.4,150,300,13544325
NIFTY-I.NFO,09/04/2025,09:27:03,22472.35,22470.4,450,22474.85,525,525,13544325
NIFTY-I.NFO,09/04/2025,09:27:05,22470.35,22470.4,150,22474.85,450,225,13544325
NIFTY-I.NFO,09/04/2025,09:27:06,22470.2,22470.25,600,22474.8,75,300,13544325
NIFTY-I.NFO,09/04/2025,09:27:08,22470.45,22470.2,300,22471.7,150,225,13544325
NIFTY-I.NFO,09/04/2025,09:27:10,22470,22470,450,22470.2,225,1200,13544325
NIFTY-I.NFO,09/04/2025,09:27:11,22468.9,22466.65,75,22467.6,600,975,13544325
NIFTY-I.NFO,09/04/2025,09:27:13,22468.15,22466.6,75,22468.7,600,225,13544325
NIFTY-I.NFO,09/04/2025,09:27:15,22463,22462.2,75,22462.75,600,750,13544325
NIFTY-I.NFO,09/04/2025,09:27:16,22461,22460,2175,22460.2,150,1050,13544325
NIFTY-I.NFO,09/04/2025,09:27:18,22460.15,22459,300,22460.15,450,3225,13544325
NIFTY-I.NFO,09/04/2025,09:27:20,22459,22458,75,22460.15,300,450,13544325
NIFTY-I.NFO,09/04/2025,09:27:21,22458.55,22458.55,150,22460.15,75,1050,13544325
NIFTY-I.NFO,09/04/2025,09:27:23,22460.15,22460.15,75,22461.15,150,300,13544325
NIFTY-I.NFO,09/04/2025,09:27:25,22461.1,22460.35,450,22461.1,300,375,13544325
NIFTY-I.NFO,09/04/2025,09:27:26,22457.35,22457.65,675,22460.15,600,1500,13544325
NIFTY-I.NFO,09/04/2025,09:27:28,22461.2,22461.1,1500,22465.7,825,1275,13544325
NIFTY-I.NFO,09/04/2025,09:27:30,22459.95,22458.85,75,22459.95,150,2175,13544325
NIFTY-I.NFO,09/04/2025,09:27:31,22455,22457.35,75,22459.2,600,1425,13544325
NIFTY-I.NFO,09/04/2025,09:27:33,22455,22455,75,22457.6,600,600,13544325
NIFTY-I.NFO,09/04/2025,09:27:35,22454.2,22456,75,22456.25,75,375,13544325
NIFTY-I.NFO,09/04/2025,09:27:36,22455.7,22453.1,975,22455.7,300,3825,13544325
NIFTY-I.NFO,09/04/2025,09:27:38,22450.1,22450.1,75,22451.45,75,7350,13544325
NIFTY-I.NFO,09/04/2025,09:27:40,22451.15,22450,14475,22451.15,75,2250,13544325
NIFTY-I.NFO,09/04/2025,09:27:41,22451.25,22451.25,1425,22453.15,375,375,13544325
NIFTY-I.NFO,09/04/2025,09:27:43,22451.25,22451.3,150,22453.15,225,300,13556850
NIFTY-I.NFO,09/04/2025,09:27:45,22453.15,22451.25,1125,22452.45,75,1875,13556850
NIFTY-I.NFO,09/04/2025,09:27:46,22453.15,22451.25,1425,22453.55,75,225,13556850
NIFTY-I.NFO,09/04/2025,09:27:48,22450,22450,12825,22450.9,75,3450,13556850
NIFTY-I.NFO,09/04/2025,09:27:50,22451,22450.05,75,22453,600,1575,13556850
NIFTY-I.NFO,09/04/2025,09:27:51,22453,22451.05,75,22452.5,75,525,13556850
NIFTY-I.NFO,09/04/2025,09:27:53,22451,22450.05,150,22451,150,600,13556850
NIFTY-I.NFO,09/04/2025,09:27:55,22450.45,22450,12600,22450.95,300,225,13556850
NIFTY-I.NFO,09/04/2025,09:27:56,22451,22451.05,75,22451.85,300,6075,13556850
NIFTY-I.NFO,09/04/2025,09:27:58,22453.75,22450.15,450,22453.75,150,3450,13556850
NIFTY-I.NFO,09/04/2025,09:28:00,22450.35,22450.35,375,22453.75,75,4350,13556850
NIFTY-I.NFO,09/04/2025,09:28:01,22453.75,22451.1,75,22455,600,825,13556850
NIFTY-I.NFO,09/04/2025,09:28:03,22452.75,22451,150,22454.85,75,375,13556850
NIFTY-I.NFO,09/04/2025,09:28:05,22454.2,22450.7,375,22455.7,150,975,13556850
NIFTY-I.NFO,09/04/2025,09:28:06,22455.7,22453.8,150,22456,150,525,13556850
NIFTY-I.NFO,09/04/2025,09:28:08,22458.8,22456.8,450,22459,75,900,13556850
NIFTY-I.NFO,09/04/2025,09:28:10,22457.2,22455.7,150,22457.05,75,825,13556850
NIFTY-I.NFO,09/04/2025,09:28:11,22455.35,22455.35,1125,22456.6,75,1650,13556850
NIFTY-I.NFO,09/04/2025,09:28:13,22455.35,22452.05,75,22455.5,225,1500,13556850
NIFTY-I.NFO,09/04/2025,09:28:15,22451,22450.5,75,22453.35,75,1275,13556850
NIFTY-I.NFO,09/04/2025,09:28:16,22451,22450.5,75,22453.15,75,3825,13556850
NIFTY-I.NFO,09/04/2025,09:28:18,22453.6,22451.05,300,22455,225,450,13556850
NIFTY-I.NFO,09/04/2025,09:28:19,22451,22451,75,22451.05,75,450,13556850
NIFTY-I.NFO,09/04/2025,09:28:21,22450.1,22450.1,75,22451.75,75,900,13556850
NIFTY-I.NFO,09/04/2025,09:28:23,22450.45,22450.1,75,22451.6,300,225,13556850
NIFTY-I.NFO,09/04/2025,09:28:24,22448.65,22448,75,22448.55,375,8550,13556850
NIFTY-I.NFO,09/04/2025,09:28:26,22445.15,22444,375,22445.15,375,1200,13556850
NIFTY-I.NFO,09/04/2025,09:28:28,22441.55,22441.4,75,22442.05,600,1500,13556850
NIFTY-I.NFO,09/04/2025,09:28:29,22439.15,22440.7,450,22444,525,2775,13556850
NIFTY-I.NFO,09/04/2025,09:28:31,22447.85,22442.4,600,22447.85,75,1425,13556850
NIFTY-I.NFO,09/04/2025,09:28:33,22444.4,22444.35,375,22449.15,375,525,13556850
NIFTY-I.NFO,09/04/2025,09:28:34,22447.25,22442.2,600,22447.6,75,750,13556850
NIFTY-I.NFO,09/04/2025,09:28:36,22442,22441.55,75,22442.35,450,300,13556850
NIFTY-I.NFO,09/04/2025,09:28:38,22449.25,22445.4,525,22449.75,225,825,13556850
NIFTY-I.NFO,09/04/2025,09:28:39,22445.65,22446.75,525,22450,225,300,13556850
NIFTY-I.NFO,09/04/2025,09:28:41,22447.3,22447.25,75,22450,75,1050,13556850
NIFTY-I.NFO,09/04/2025,09:28:43,22450,22447.75,150,22450,75,300,13556850
NIFTY-I.NFO,09/04/2025,09:28:44,22448.6,22448.65,150,22452.15,225,2250,13556850
NIFTY-I.NFO,09/04/2025,09:28:46,22448.65,22448.65,150,22450,75,600,13556850
NIFTY-I.NFO,09/04/2025,09:28:48,22448.6,22448.6,3675,22450,150,150,13556850
NIFTY-I.NFO,09/04/2025,09:28:49,22450.05,22450.05,1125,22453.85,75,525,13556850
NIFTY-I.NFO,09/04/2025,09:28:51,22450.3,22451.1,225,22453,225,225,13556850
NIFTY-I.NFO,09/04/2025,09:28:53,22454.6,22454.75,75,22458.65,150,1200,13556850
NIFTY-I.NFO,09/04/2025,09:28:54,22450.1,22450,450,22453.9,375,525,13556850
NIFTY-I.NFO,09/04/2025,09:28:56,22452.8,22450,600,22450.6,75,225,13556850
NIFTY-I.NFO,09/04/2025,09:28:58,22452.7,22450.1,75,22453.25,75,2100,13556850
NIFTY-I.NFO,09/04/2025,09:28:59,22453.25,22450,150,22453.25,225,600,13556850
NIFTY-I.NFO,09/04/2025,09:29:01,22454.55,22450.65,75,22455.15,225,2025,13556850
NIFTY-I.NFO,09/04/2025,09:29:03,22455,22453.1,75,22454.8,75,375,13556850
NIFTY-I.NFO,09/04/2025,09:29:05,22455,22454,450,22455,600,2100,13556850
NIFTY-I.NFO,09/04/2025,09:29:06,22455,22453.7,450,22457,75,1125,13556850
NIFTY-I.NFO,09/04/2025,09:29:08,22455,22455,525,22455.95,75,1500,13556850
NIFTY-I.NFO,09/04/2025,09:29:10,22454.8,22453.1,150,22457.35,450,750,13556850
NIFTY-I.NFO,09/04/2025,09:29:11,22455,22450.2,75,22454.75,75,2475,13556850
NIFTY-I.NFO,09/04/2025,09:29:13,22456.65,22452.3,150,22456.95,225,2325,13556850
NIFTY-I.NFO,09/04/2025,09:29:15,22455.05,22455.05,150,22455.45,75,3075,13556850
NIFTY-I.NFO,09/04/2025,09:29:16,22457.15,22456.05,75,22457.15,75,525,13556850
NIFTY-I.NFO,09/04/2025,09:29:18,22455.05,22455.05,150,22455.6,75,375,13556850
NIFTY-I.NFO,09/04/2025,09:29:20,22457.1,22456.05,150,22456.4,75,375,13556850
NIFTY-I.NFO,09/04/2025,09:29:21,22454.65,22454,150,22454.75,75,5025,13556850
NIFTY-I.NFO,09/04/2025,09:29:23,22453.05,22453.05,75,22455.2,450,4275,13556850
NIFTY-I.NFO,09/04/2025,09:29:25,22456,22453.1,150,22455.05,75,3750,13556850
NIFTY-I.NFO,09/04/2025,09:29:26,22455.1,22455,1725,22455.25,75,225,13556850
NIFTY-I.NFO,09/04/2025,09:29:28,22451.1,22451.1,75,22453,225,2550,13556850
NIFTY-I.NFO,09/04/2025,09:29:30,22451,22451,75,22451.3,75,525,13556850
NIFTY-I.NFO,09/04/2025,09:29:31,22453.3,22450.05,150,22453.55,75,5025,13556850
NIFTY-I.NFO,09/04/2025,09:29:33,22452,22451.15,1125,22453,150,75,13556850
NIFTY-I.NFO,09/04/2025,09:29:35,22453,22451.15,150,22453,75,375,13556850
NIFTY-I.NFO,09/04/2025,09:29:36,22455,22453.1,150,22454.5,75,900,13556850
NIFTY-I.NFO,09/04/2025,09:29:38,22452.05,22452.2,900,22455,2400,300,13556850
NIFTY-I.NFO,09/04/2025,09:29:40,22454.05,22449.15,1425,22452.75,150,3375,13556850
NIFTY-I.NFO,09/04/2025,09:29:41,22450.7,22450.7,75,22451.85,75,75,13556850
NIFTY-I.NFO,09/04/2025,09:29:43,22451,22450.8,150,22452.15,75,225,13556850
NIFTY-I.NFO,09/04/2025,09:29:45,22452.3,22450.85,150,22451.95,150,2325,13556850
NIFTY-I.NFO,09/04/2025,09:29:46,22451.15,22451.2,600,22454.2,75,975,13556850
NIFTY-I.NFO,09/04/2025,09:29:48,22453,22451.25,150,22451.9,75,75,13556850
NIFTY-I.NFO,09/04/2025,09:29:50,22451.3,22451.3,450,22452.45,75,300,13556850
NIFTY-I.NFO,09/04/2025,09:29:51,22451.3,22451.5,600,22453.7,75,150,13556850
NIFTY-I.NFO,09/04/2025,09:29:53,22451.8,22452.45,300,22453.7,75,75,13556850
NIFTY-I.NFO,09/04/2025,09:29:55,22454.35,22454.3,75,22454.55,75,1650,13556850
NIFTY-I.NFO,09/04/2025,09:29:56,22453.8,22451.95,300,22452.6,150,1125,13556850
NIFTY-I.NFO,09/04/2025,09:29:58,22451.95,22453,75,22454,2325,975,13556850
NIFTY-I.NFO,09/04/2025,09:30:00,22453,22452.1,150,22452.85,525,225,13556850
NIFTY-I.NFO,09/04/2025,09:30:01,22451.15,22450,1200,22451.1,75,2025,13556850
NIFTY-I.NFO,09/04/2025,09:30:03,22450.4,22450,225,22450.4,375,1350,13556850
NIFTY-I.NFO,09/04/2025,09:30:05,22445.8,22445.15,150,22445.25,450,750,13556850
NIFTY-I.NFO,09/04/2025,09:30:06,22443.3,22442,75,22445.4,525,1725,13556850
NIFTY-I.NFO,09/04/2025,09:30:08,22443.9,22442,225,22443.05,75,150,13556850
NIFTY-I.NFO,09/04/2025,09:30:10,22445.15,22445.25,600,22445.8,150,600,13556850
NIFTY-I.NFO,09/04/2025,09:30:11,22446.05,22445.35,75,22448.4,75,225,13556850
NIFTY-I.NFO,09/04/2025,09:30:13,22445.35,22445.4,600,22447.9,75,150,13556850
NIFTY-I.NFO,09/04/2025,09:30:15,22448.35,22446.65,600,22451.55,75,150,13556850
NIFTY-I.NFO,09/04/2025,09:30:16,22446.7,22445,75,22446.75,600,225,13556850
NIFTY-I.NFO,09/04/2025,09:30:18,22445,22441.7,150,22444.95,75,150,13556850
NIFTY-I.NFO,09/04/2025,09:30:19,22441.65,22441,600,22441.7,75,375,13556850
NIFTY-I.NFO,09/04/2025,09:30:21,22441.75,22441,300,22441.45,150,375,13556850
NIFTY-I.NFO,09/04/2025,09:30:23,22440.75,22440,750,22441.25,75,1650,13556850
NIFTY-I.NFO,09/04/2025,09:30:24,22445,22440.45,75,22444.95,150,825,13556850
NIFTY-I.NFO,09/04/2025,09:30:26,22440.45,22443.1,375,22444.4,150,825,13556850
NIFTY-I.NFO,09/04/2025,09:30:28,22445,22443.15,600,22447.1,150,525,13556850
NIFTY-I.NFO,09/04/2025,09:30:29,22443.1,22444.3,75,22444.6,150,225,13556850
NIFTY-I.NFO,09/04/2025,09:30:31,22440.05,22440.05,825,22444.65,300,375,13556850
NIFTY-I.NFO,09/04/2025,09:30:33,22443.1,22441.65,150,22443.1,75,375,13556850
NIFTY-I.NFO,09/04/2025,09:30:34,22441.65,22441.65,75,22444.8,150,150,13556850
NIFTY-I.NFO,09/04/2025,09:30:36,22442.3,22440,1275,22442.35,375,900,13556850
NIFTY-I.NFO,09/04/2025,09:30:38,22440.7,22440.7,600,22445,1425,375,13556850
NIFTY-I.NFO,09/04/2025,09:30:39,22440,22440,1275,22441.7,75,225,13556850
NIFTY-I.NFO,09/04/2025,09:30:41,22436.75,22436,150,22438.4,375,1650,13556850
NIFTY-I.NFO,09/04/2025,09:30:43,22436.9,22435,675,22437.05,375,750,13598025
NIFTY-I.NFO,09/04/2025,09:30:44,22432.6,22434.05,600,22438.8,75,3000,13598025
NIFTY-I.NFO,09/04/2025,09:30:46,22435.8,22431.6,150,22435.8,75,300,13598025
NIFTY-I.NFO,09/04/2025,09:30:48,22431,22431,450,22433.55,75,525,13598025
NIFTY-I.NFO,09/04/2025,09:30:49,22431.25,22431,150,22431.25,75,2025,13598025
NIFTY-I.NFO,09/04/2025,09:30:51,22432.25,22430.25,600,22433.65,75,750,13598025
NIFTY-I.NFO,09/04/2025,09:30:53,22433.9,22430.25,225,22433.95,375,1350,13598025
NIFTY-I.NFO,09/04/2025,09:30:54,22433.65,22431.8,600,22437,75,225,13598025
NIFTY-I.NFO,09/04/2025,09:30:56,22435,22431.35,375,22435.4,75,375,13598025
NIFTY-I.NFO,09/04/2025,09:30:58,22431.35,22432.55,1200,22437.2,75,75,13598025
NIFTY-I.NFO,09/04/2025,09:30:59,22435,22435,75,22437.5,150,75,13598025
NIFTY-I.NFO,09/04/2025,09:31:01,22431.6,22433.55,150,22434.95,150,600,13598025
NIFTY-I.NFO,09/04/2025,09:31:03,22433.55,22433.35,150,22434.95,225,150,13598025
NIFTY-I.NFO,09/04/2025,09:31:04,22433.35,22432.05,150,22435.25,450,3150,13598025
NIFTY-I.NFO,09/04/2025,09:31:06,22432.05,22435.3,75,22436.85,75,750,13598025
NIFTY-I.NFO,09/04/2025,09:31:08,22436.85,22435.05,600,22436.9,75,300,13598025
NIFTY-I.NFO,09/04/2025,09:31:10,22441.55,22440.25,525,22442.8,750,4350,13598025
NIFTY-I.NFO,09/04/2025,09:31:11,22442.55,22438.05,75,22442.8,525,2400,13598025
NIFTY-I.NFO,09/04/2025,09:31:13,22437.9,22441,150,22442.8,525,1575,13598025
NIFTY-I.NFO,09/04/2025,09:31:15,22448.05,22443.45,75,22448.1,225,5025,13598025
NIFTY-I.NFO,09/04/2025,09:31:16,22445.15,22445.15,75,22450.25,300,3525,13598025
NIFTY-I.NFO,09/04/2025,09:31:18,22450.95,22445.6,375,22450.95,225,5925,13598025
NIFTY-I.NFO,09/04/2025,09:31:20,22450.9,22447.75,75,22450.85,150,1575,13598025
NIFTY-I.NFO,09/04/2025,09:31:21,22448.9,22451.25,75,22455,150,2100,13598025
NIFTY-I.NFO,09/04/2025,09:31:23,22457.1,22457.1,75,22458,150,675,13598025
NIFTY-I.NFO,09/04/2025,09:31:25,22457.1,22453.45,75,22457.95,150,0,13598025
NIFTY-I.NFO,09/04/2025,09:31:26,22453.55,22453.5,150,22457.9,75,225,13598025
NIFTY-I.NFO,09/04/2025,09:31:28,22456.35,22456.55,75,22457.85,675,975,13598025
NIFTY-I.NFO,09/04/2025,09:31:30,22460.05,22460,150,22464.85,600,5700,13598025
NIFTY-I.NFO,09/04/2025,09:31:31,22467.35,22463.65,150,22466.65,75,3900,13598025
NIFTY-I.NFO,09/04/2025,09:31:33,22465,22463.7,75,22466,600,1500,13598025
NIFTY-I.NFO,09/04/2025,09:31:35,22465.55,22461.65,75,22465.15,225,1725,13598025
NIFTY-I.NFO,09/04/2025,09:31:36,22460.2,22458.1,150,22460.75,600,750,13598025
NIFTY-I.NFO,09/04/2025,09:31:38,22454.4,22453,75,22456.45,300,2775,13598025
NIFTY-I.NFO,09/04/2025,09:31:40,22457.7,22454.95,600,22459.95,75,2475,13598025
NIFTY-I.NFO,09/04/2025,09:31:41,22457.3,22453.4,75,22457.65,225,450,13598025
NIFTY-I.NFO,09/04/2025,09:31:43,22457.7,22456.5,75,22457.7,75,2775,13598025
NIFTY-I.NFO,09/04/2025,09:31:45,22462.55,22458.4,75,22462.6,150,1050,13598025
NIFTY-I.NFO,09/04/2025,09:31:46,22463,22460.7,375,22464.05,150,2550,13598025
NIFTY-I.NFO,09/04/2025,09:31:48,22459.9,22458.05,75,22460.05,150,300,13598025
NIFTY-I.NFO,09/04/2025,09:31:50,22453.2,22454,150,22459,150,2025,13598025
NIFTY-I.NFO,09/04/2025,09:31:51,22453.05,22452.35,75,22457.5,450,375,13598025
NIFTY-I.NFO,09/04/2025,09:31:53,22457.75,22453.5,150,22458.6,75,750,13598025
NIFTY-I.NFO,09/04/2025,09:31:55,22460.3,22453.8,75,22458.5,525,225,13598025
NIFTY-I.NFO,09/04/2025,09:31:56,22458.5,22451,75,22454.65,75,150,13598025
NIFTY-I.NFO,09/04/2025,09:31:58,22457.1,22454.35,150,22458.35,525,1275,13598025
NIFTY-I.NFO,09/04/2025,09:32:00,22453.65,22454.2,150,22458.35,450,375,13598025
NIFTY-I.NFO,09/04/2025,09:32:01,22457.45,22458.4,150,22460,300,600,13598025
NIFTY-I.NFO,09/04/2025,09:32:03,22463.9,22463.65,75,22467.9,300,1050,13598025
NIFTY-I.NFO,09/04/2025,09:32:05,22465.2,22460.8,150,22463,375,825,13598025
NIFTY-I.NFO,09/04/2025,09:32:06,22465.1,22463.4,75,22467.2,75,3675,13598025
NIFTY-I.NFO,09/04/2025,09:32:08,22465,22462.2,150,22466.4,450,750,13598025
NIFTY-I.NFO,09/04/2025,09:32:10,22466.3,22465.75,750,22469.25,75,2175,13598025
NIFTY-I.NFO,09/04/2025,09:32:11,22477,22476.25,75,22477.3,150,3225,13598025
NIFTY-I.NFO,09/04/2025,09:32:13,22475.7,22471.25,75,22475.7,450,1950,13598025
NIFTY-I.NFO,09/04/2025,09:32:15,22474.9,22474.85,300,22475,300,150,13598025
NIFTY-I.NFO,09/04/2025,09:32:16,22471.95,22472.7,75,22474.15,150,750,13598025
NIFTY-I.NFO,09/04/2025,09:32:18,22480.2,22480.15,75,22482.9,75,1950,13598025
NIFTY-I.NFO,09/04/2025,09:32:20,22475,22473.8,600,22479.5,300,450,13598025
NIFTY-I.NFO,09/04/2025,09:32:21,22474.35,22476.65,150,22479.4,75,750,13598025
NIFTY-I.NFO,09/04/2025,09:32:23,22479.65,22476.7,225,22480,75,900,13598025
NIFTY-I.NFO,09/04/2025,09:32:25,22476.7,22476.6,75,22476.7,75,600,13598025
NIFTY-I.NFO,09/04/2025,09:32:26,22468.5,22467.2,75,22468.5,300,1275,13598025
NIFTY-I.NFO,09/04/2025,09:32:28,22467.55,22465,225,22466.4,450,1650,13598025
NIFTY-I.NFO,09/04/2025,09:32:30,22462.05,22460,150,22464.95,450,1575,13598025
NIFTY-I.NFO,09/04/2025,09:32:31,22466.4,22461.45,600,22465.7,75,525,13598025
NIFTY-I.NFO,09/04/2025,09:32:33,22467.15,22463,75,22466.55,75,300,13598025
NIFTY-I.NFO,09/04/2025,09:32:35,22464.25,22465.05,600,22466.4,225,675,13598025
NIFTY-I.NFO,09/04/2025,09:32:36,22469,22466.95,600,22470,75,375,13598025
NIFTY-I.NFO,09/04/2025,09:32:38,22469.75,22465.1,600,22469.7,75,750,13598025
NIFTY-I.NFO,09/04/2025,09:32:40,22467.15,22465.05,75,22467.15,1425,150,13598025
NIFTY-I.NFO,09/04/2025,09:32:41,22472.35,22467.75,600,22472.9,75,1575,13598025
NIFTY-I.NFO,09/04/2025,09:32:43,22473.05,22469.3,150,22473.3,600,225,13598025
NIFTY-I.NFO,09/04/2025,09:32:45,22469.45,22465.15,150,22468.85,75,300,13598025
NIFTY-I.NFO,09/04/2025,09:32:46,22465,22463.1,150,22465,75,1125,13598025
NIFTY-I.NFO,09/04/2025,09:32:48,22465.15,22465.15,225,22467.4,75,375,13598025
NIFTY-I.NFO,09/04/2025,09:32:50,22463.05,22463,825,22463.05,75,900,13598025
NIFTY-I.NFO,09/04/2025,09:32:51,22462,22461,150,22462.1,75,1125,13598025
NIFTY-I.NFO,09/04/2025,09:32:53,22458.4,22458,75,22460.3,75,1725,13598025
NIFTY-I.NFO,09/04/2025,09:32:55,22460.5,22458,75,22461.2,300,450,13598025
NIFTY-I.NFO,09/04/2025,09:32:56,22462.9,22459.75,150,22462.9,75,300,13598025
NIFTY-I.NFO,09/04/2025,09:32:58,22460.25,22460.05,75,22462.9,75,150,13598025
NIFTY-I.NFO,09/04/2025,09:33:00,22460,22457.15,150,22460,300,300,13598025
NIFTY-I.NFO,09/04/2025,09:33:01,22457.15,22457.1,375,22459.65,75,375,13598025
NIFTY-I.NFO,09/04/2025,09:33:03,22457.1,22456,75,22458.5,150,450,13598025
NIFTY-I.NFO,09/04/2025,09:33:05,22453.1,22453,375,22456.35,75,825,13598025
NIFTY-I.NFO,09/04/2025,09:33:06,22456.35,22455,75,22459.1,75,225,13598025
NIFTY-I.NFO,09/04/2025,09:33:08,22455.1,22455.25,600,22459,75,300,13598025
NIFTY-I.NFO,09/04/2025,09:33:10,22460,22459,75,22460.5,150,3150,13598025
NIFTY-I.NFO,09/04/2025,09:33:11,22459.05,22459.05,75,22462.9,75,225,13598025
NIFTY-I.NFO,09/04/2025,09:33:13,22456.05,22456.05,75,22460.9,150,450,13598025
NIFTY-I.NFO,09/04/2025,09:33:15,22460.3,22459.05,75,22459.95,150,675,13598025
NIFTY-I.NFO,09/04/2025,09:33:16,22462.9,22460.45,75,22463.15,525,150,13598025
NIFTY-I.NFO,09/04/2025,09:33:18,22462,22460.05,450,22464.45,75,225,13598025
NIFTY-I.NFO,09/04/2025,09:33:20,22462.9,22464.95,150,22470,150,525,13598025
NIFTY-I.NFO,09/04/2025,09:33:21,22464.15,22465.25,150,22470,150,600,13598025
NIFTY-I.NFO,09/04/2025,09:33:23,22470,22467.95,225,22473,75,150,13598025
NIFTY-I.NFO,09/04/2025,09:33:25,22470.3,22465.35,150,22470.9,150,525,13598025
NIFTY-I.NFO,09/04/2025,09:33:26,22470,22465,375,22469.95,150,150,13598025
NIFTY-I.NFO,09/04/2025,09:33:28,22464.4,22465.1,150,22469.95,300,450,13598025
NIFTY-I.NFO,09/04/2025,09:33:30,22465.05,22465.05,75,22469.65,75,225,13598025
NIFTY-I.NFO,09/04/2025,09:33:31,22469.2,22465.05,150,22468.2,75,150,13598025
NIFTY-I.NFO,09/04/2025,09:33:33,22463.45,22460.05,150,22463.45,75,675,13598025
NIFTY-I.NFO,09/04/2025,09:33:35,22458,22456,75,22459.55,150,525,13598025
NIFTY-I.NFO,09/04/2025,09:33:36,22460.8,22456.05,75,22460.15,75,300,13598025
NIFTY-I.NFO,09/04/2025,09:33:38,22460.8,22456,75,22458.95,75,0,13598025
NIFTY-I.NFO,09/04/2025,09:33:40,22460.35,22459.55,75,22460.7,75,75,13598025
NIFTY-I.NFO,09/04/2025,09:33:41,22460.35,22459.55,75,22463.7,75,0,13598025
NIFTY-I.NFO,09/04/2025,09:33:43,22460.35,22462.6,75,22464,75,0,13598025
NIFTY-I.NFO,09/04/2025,09:33:45,22462.6,22461.55,75,22464,75,75,13599825
NIFTY-I.NFO,09/04/2025,09:33:46,22462.6,22460.9,150,22464,75,75,13599825
NIFTY-I.NFO,09/04/2025,09:33:48,22463.5,22460.8,150,22463.5,225,450,13599825
NIFTY-I.NFO,09/04/2025,09:33:50,22464.05,22460.8,150,22460.9,300,525,13599825
NIFTY-I.NFO,09/04/2025,09:33:51,22464.05,22460.8,225,22460.9,300,0,13599825
NIFTY-I.NFO,09/04/2025,09:33:53,22465.05,22465.55,75,22469,525,3300,13599825
NIFTY-I.NFO,09/04/2025,09:33:55,22467.1,22465,225,22467.15,150,75,13599825
NIFTY-I.NFO,09/04/2025,09:33:56,22465,22465,225,22468.65,150,75,13599825
NIFTY-I.NFO,09/04/2025,09:33:58,22465,22465.8,150,22469,525,0,13599825
NIFTY-I.NFO,09/04/2025,09:34:00,22470.1,22470.1,300,22472,75,1125,13599825
NIFTY-I.NFO,09/04/2025,09:34:01,22474,22472.3,150,22474.4,75,300,13599825
NIFTY-I.NFO,09/04/2025,09:34:03,22475.3,22475.85,75,22478,75,600,13599825
NIFTY-I.NFO,09/04/2025,09:34:05,22479,22476.05,150,22479.65,150,150,13599825
NIFTY-I.NFO,09/04/2025,09:34:06,22474.1,22474,300,22475.75,75,375,13599825
NIFTY-I.NFO,09/04/2025,09:34:08,22477.25,22474.05,75,22476.5,600,450,13599825
NIFTY-I.NFO,09/04/2025,09:34:10,22471.75,22467.1,75,22471.75,525,975,13599825
NIFTY-I.NFO,09/04/2025,09:34:11,22469.1,22466.65,75,22469.4,600,600,13599825
NIFTY-I.NFO,09/04/2025,09:34:13,22469.1,22467.9,150,22472.35,525,0,13599825
NIFTY-I.NFO,09/04/2025,09:34:15,22469.1,22470.3,675,22474.5,75,0,13599825
NIFTY-I.NFO,09/04/2025,09:34:16,22469.1,22472.45,75,22475,75,0,13599825
NIFTY-I.NFO,09/04/2025,09:34:18,22472.5,22472.5,75,22475,75,150,13599825
NIFTY-I.NFO,09/04/2025,09:34:19,22472.55,22473,675,22475,150,75,13599825
NIFTY-I.NFO,09/04/2025,09:34:21,22473.95,22473.75,150,22477,75,375,13599825
NIFTY-I.NFO,09/04/2025,09:34:23,22477.3,22476,150,22478.4,75,150,13599825
NIFTY-I.NFO,09/04/2025,09:34:24,22476,22472.1,150,22475,75,375,13599825
NIFTY-I.NFO,09/04/2025,09:34:26,22473.5,22472.55,150,22473.65,525,675,13599825
NIFTY-I.NFO,09/04/2025,09:34:28,22472.1,22471.55,75,22471.95,150,750,13599825
NIFTY-I.NFO,09/04/2025,09:34:29,22472.15,22473.65,75,22475.3,375,150,13599825
NIFTY-I.NFO,09/04/2025,09:34:31,22475.3,22473.65,75,22475.65,525,525,13599825
NIFTY-I.NFO,09/04/2025,09:34:33,22472.1,22472.15,150,22476,75,300,13599825
NIFTY-I.NFO,09/04/2025,09:34:34,22472.1,22475,225,22475.9,375,0,13599825
NIFTY-I.NFO,09/04/2025,09:34:36,22473.55,22472.15,150,22473.65,375,1350,13599825
NIFTY-I.NFO,09/04/2025,09:34:38,22471.55,22470.55,75,22471.7,225,2325,13599825
NIFTY-I.NFO,09/04/2025,09:34:39,22472.1,22470.55,75,22473.75,225,75,13599825
NIFTY-I.NFO,09/04/2025,09:34:41,22470.8,22470.6,150,22471.55,75,150,13599825
NIFTY-I.NFO,09/04/2025,09:34:43,22472,22470.55,75,22471.8,600,150,13599825
NIFTY-I.NFO,09/04/2025,09:34:44,22470.55,22470,525,22470.5,75,225,13599825
NIFTY-I.NFO,09/04/2025,09:34:46,22470.05,22470,675,22471.8,300,75,13599825
NIFTY-I.NFO,09/04/2025,09:34:48,22472.1,22472.05,75,22474.95,75,450,13599825
NIFTY-I.NFO,09/04/2025,09:34:49,22472.8,22470.05,75,22473.5,75,6975,13599825
NIFTY-I.NFO,09/04/2025,09:34:51,22473.45,22470.05,75,22472.4,75,300,13599825
NIFTY-I.NFO,09/04/2025,09:34:53,22469.35,22469.1,1575,22469.35,150,2850,13599825
NIFTY-I.NFO,09/04/2025,09:34:54,22469.1,22469.2,450,22474,750,675,13599825
NIFTY-I.NFO,09/04/2025,09:34:56,22472,22469.2,75,22473.3,225,150,13599825
NIFTY-I.NFO,09/04/2025,09:34:58,22472,22470.6,75,22474,750,0,13599825
NIFTY-I.NFO,09/04/2025,09:34:59,22478,22475.45,600,22478,525,1200,13599825
NIFTY-I.NFO,09/04/2025,09:35:01,22474.25,22473.35,75,22474.85,150,225,13599825
NIFTY-I.NFO,09/04/2025,09:35:03,22471.85,22471.85,300,22473.05,450,750,13599825
NIFTY-I.NFO,09/04/2025,09:35:04,22470.1,22470.15,150,22472.45,75,1275,13599825
NIFTY-I.NFO,09/04/2025,09:35:06,22473.6,22472.05,225,22473.75,75,225,13599825
NIFTY-I.NFO,09/04/2025,09:35:08,22473.1,22473.35,600,22477.7,225,975,13599825
NIFTY-I.NFO,09/04/2025,09:35:09,22473.1,22473.75,150,22478,825,0,13599825
NIFTY-I.NFO,09/04/2025,09:35:11,22479.65,22473.8,150,22476.05,225,1125,13599825
NIFTY-I.NFO,09/04/2025,09:35:13,22478.8,22475.9,600,22479.4,225,525,13599825
NIFTY-I.NFO,09/04/2025,09:35:14,22478.8,22475.95,150,22478.8,750,0,13599825
NIFTY-I.NFO,09/04/2025,09:35:16,22476,22476,150,22479.65,75,150,13599825
NIFTY-I.NFO,09/04/2025,09:35:18,22482.05,22482.05,75,22484,375,1800,13599825
NIFTY-I.NFO,09/04/2025,09:35:19,22482.1,22482.1,150,22482.8,150,900,13599825
NIFTY-I.NFO,09/04/2025,09:35:21,22482.8,22482.8,375,22483.35,75,300,13599825
NIFTY-I.NFO,09/04/2025,09:35:23,22482.8,22480.8,75,22483.05,600,4875,13599825
NIFTY-I.NFO,09/04/2025,09:35:25,22479.05,22476.05,150,22479.25,75,2400,13599825
NIFTY-I.NFO,09/04/2025,09:35:26,22474.25,22472.05,75,22475.05,900,900,13599825
NIFTY-I.NFO,09/04/2025,09:35:28,22470,22469.25,75,22471.8,150,825,13599825
NIFTY-I.NFO,09/04/2025,09:35:30,22468.25,22465.05,75,22468.1,75,900,13599825
NIFTY-I.NFO,09/04/2025,09:35:31,22467.05,22464.05,75,22465.45,75,1125,13599825
NIFTY-I.NFO,09/04/2025,09:35:33,22461.1,22461.15,150,22465.45,150,2100,13599825
NIFTY-I.NFO,09/04/2025,09:35:35,22462.9,22458.75,150,22462.8,75,2175,13599825
NIFTY-I.NFO,09/04/2025,09:35:36,22457.2,22457.2,225,22459.25,75,750,13599825
NIFTY-I.NFO,09/04/2025,09:35:38,22458.25,22455.1,150,22457.1,75,1350,13599825
NIFTY-I.NFO,09/04/2025,09:35:40,22456.65,22452.05,600,22456.2,75,2925,13599825
NIFTY-I.NFO,09/04/2025,09:35:41,22454.85,22455.7,600,22459.05,75,900,13599825
NIFTY-I.NFO,09/04/2025,09:35:43,22457.45,22453.7,600,22457.45,225,300,13599825
NIFTY-I.NFO,09/04/2025,09:35:45,22461.75,22461.75,525,22465.8,75,600,13599825
NIFTY-I.NFO,09/04/2025,09:35:46,22467.65,22462.75,75,22466.9,150,300,13599825
NIFTY-I.NFO,09/04/2025,09:35:48,22468.1,22464.8,525,22470.5,75,450,13599825
NIFTY-I.NFO,09/04/2025,09:35:50,22467.7,22465.9,75,22470.55,225,150,13599825
NIFTY-I.NFO,09/04/2025,09:35:51,22471,22467.8,75,22471.95,225,75,13599825
NIFTY-I.NFO,09/04/2025,09:35:53,22467.85,22465.85,525,22470.35,225,300,13599825
NIFTY-I.NFO,09/04/2025,09:35:55,22472.1,22469.95,75,22472.1,1425,225,13599825
NIFTY-I.NFO,09/04/2025,09:35:56,22476.05,22475.9,675,22479.85,75,2025,13599825
NIFTY-I.NFO,09/04/2025,09:35:58,22480,22474.6,450,22479.75,825,1950,13599825
NIFTY-I.NFO,09/04/2025,09:36:00,22480,22474.45,300,22479.55,75,300,13599825
NIFTY-I.NFO,09/04/2025,09:36:01,22476.15,22472.15,150,22476.25,225,300,13599825
NIFTY-I.NFO,09/04/2025,09:36:03,22476.25,22473.25,300,22476.05,225,75,13599825
NIFTY-I.NFO,09/04/2025,09:36:05,22479.35,22476.8,150,22479.4,75,525,13599825
NIFTY-I.NFO,09/04/2025,09:36:06,22479.4,22476.15,150,22479.45,150,450,13599825
NIFTY-I.NFO,09/04/2025,09:36:08,22475,22475,225,22475.45,225,675,13599825
NIFTY-I.NFO,09/04/2025,09:36:10,22471.2,22469.95,75,22471.2,375,600,13599825
NIFTY-I.NFO,09/04/2025,09:36:11,22470.65,22470,75,22470.65,150,150,13599825
NIFTY-I.NFO,09/04/2025,09:36:13,22469.95,22465.05,75,22467.15,300,225,13599825
NIFTY-I.NFO,09/04/2025,09:36:15,22465,22465,75,22466.95,600,600,13599825
NIFTY-I.NFO,09/04/2025,09:36:16,22460.05,22460,375,22463.1,225,750,13599825
NIFTY-I.NFO,09/04/2025,09:36:18,22463.2,22460,375,22463.15,150,150,13599825
NIFTY-I.NFO,09/04/2025,09:36:19,22461.75,22458.3,375,22462.9,75,1425,13599825
NIFTY-I.NFO,09/04/2025,09:36:21,22465.6,22458.6,150,22464.2,825,675,13599825
NIFTY-I.NFO,09/04/2025,09:36:23,22457.4,22456.35,150,22461.1,825,300,13599825
NIFTY-I.NFO,09/04/2025,09:36:24,22461.75,22456.6,150,22461.9,600,150,13599825
NIFTY-I.NFO,09/04/2025,09:36:26,22458.05,22458.05,75,22461.7,600,75,13599825
NIFTY-I.NFO,09/04/2025,09:36:28,22458.05,22460.15,150,22461.95,75,75,13599825
NIFTY-I.NFO,09/04/2025,09:36:29,22469,22466.1,150,22471.35,600,300,13599825
NIFTY-I.NFO,09/04/2025,09:36:31,22473.55,22468,450,22473.4,600,225,13599825
NIFTY-I.NFO,09/04/2025,09:36:33,22468.8,22464.45,75,22469.65,825,150,13599825
NIFTY-I.NFO,09/04/2025,09:36:34,22468.8,22465.3,150,22470.9,225,0,13599825
NIFTY-I.NFO,09/04/2025,09:36:36,22468,22468.05,150,22473.15,825,150,13599825
NIFTY-I.NFO,09/04/2025,09:36:38,22470,22463.6,150,22468.75,825,75,13599825
NIFTY-I.NFO,09/04/2025,09:36:39,22468.75,22463.3,150,22467.8,225,75,13599825
NIFTY-I.NFO,09/04/2025,09:36:41,22462.8,22462.8,150,22468.1,600,225,13599825
NIFTY-I.NFO,09/04/2025,09:36:43,22464.9,22463.35,150,22464.75,150,300,13599825
NIFTY-I.NFO,09/04/2025,09:36:44,22464.45,22463.35,75,22467.45,375,150,13620150
NIFTY-I.NFO,09/04/2025,09:36:46,22471.2,22465.85,75,22471.25,75,375,13620150
NIFTY-I.NFO,09/04/2025,09:36:48,22468.75,22468.75,75,22470.6,375,150,13620150
NIFTY-I.NFO,09/04/2025,09:36:49,22465.25,22463.05,150,22467.1,900,975,13620150
NIFTY-I.NFO,09/04/2025,09:36:51,22465,22465,225,22468.95,600,300,13620150
NIFTY-I.NFO,09/04/2025,09:36:53,22465,22465,150,22466.45,75,825,13620150
NIFTY-I.NFO,09/04/2025,09:36:54,22465.05,22465,150,22465.2,75,450,13620150
NIFTY-I.NFO,09/04/2025,09:36:56,22460.05,22460.05,75,22464.5,75,975,13620150
NIFTY-I.NFO,09/04/2025,09:36:58,22460.05,22460.15,75,22465.25,75,0,13620150
NIFTY-I.NFO,09/04/2025,09:36:59,22463.8,22460.05,75,22462.3,975,75,13620150
NIFTY-I.NFO,09/04/2025,09:37:01,22460.8,22458.1,75,22460.7,525,750,13620150
NIFTY-I.NFO,09/04/2025,09:37:03,22460.7,22458.1,75,22460.95,450,75,13620150
NIFTY-I.NFO,09/04/2025,09:37:04,22458.6,22456.1,75,22458.6,375,600,13620150
NIFTY-I.NFO,09/04/2025,09:37:06,22452,22450.95,75,22452.9,375,3900,13620150
NIFTY-I.NFO,09/04/2025,09:37:08,22450.65,22445.7,150,22451.05,225,6225,13620150
NIFTY-I.NFO,09/04/2025,09:37:09,22445.7,22445.7,150,22451.75,75,450,13620150
NIFTY-I.NFO,09/04/2025,09:37:11,22448.95,22448.65,75,22454.45,525,600,13620150
NIFTY-I.NFO,09/04/2025,09:37:13,22449.2,22449.2,75,22450.45,75,150,13620150
NIFTY-I.NFO,09/04/2025,09:37:14,22448.3,22448.75,300,22450.45,75,450,13620150
NIFTY-I.NFO,09/04/2025,09:37:16,22450.45,22446.65,150,22451.7,75,300,13620150
NIFTY-I.NFO,09/04/2025,09:37:18,22454.25,22449.5,150,22450.75,75,300,13620150
NIFTY-I.NFO,09/04/2025,09:37:19,22450,22448.05,75,22451.7,150,750,13620150
NIFTY-I.NFO,09/04/2025,09:37:21,22454.85,22450.6,150,22454.25,75,600,13620150
NIFTY-I.NFO,09/04/2025,09:37:23,22454.25,22450.5,150,22454.35,450,150,13620150
NIFTY-I.NFO,09/04/2025,09:37:24,22450.5,22450.6,150,22454.25,75,150,13620150
NIFTY-I.NFO,09/04/2025,09:37:26,22456.1,22454.3,150,22459.85,150,150,13620150
NIFTY-I.NFO,09/04/2025,09:37:28,22459.55,22453.15,150,22458.1,150,150,13620150
NIFTY-I.NFO,09/04/2025,09:37:29,22453.15,22453.1,75,22457.65,450,225,13620150
NIFTY-I.NFO,09/04/2025,09:37:31,22458.25,22455,375,22459.1,825,975,13620150
NIFTY-I.NFO,09/04/2025,09:37:33,22456.75,22455,375,22456.8,900,600,13620150
NIFTY-I.NFO,09/04/2025,09:37:34,22456.8,22455.25,150,22456.8,150,225,13620150
NIFTY-I.NFO,09/04/2025,09:37:36,22455.2,22453.95,75,22457.25,75,1350,13620150
NIFTY-I.NFO,09/04/2025,09:37:38,22456.8,22453.95,75,22454.85,375,1050,13620150
NIFTY-I.NFO,09/04/2025,09:37:40,22450.65,22450.55,75,22450.65,75,375,13620150
NIFTY-I.NFO,09/04/2025,09:37:41,22450,22447.5,75,22449.75,75,525,13620150
NIFTY-I.NFO,09/04/2025,09:37:43,22447.5,22447,150,22449.9,150,225,13620150
NIFTY-I.NFO,09/04/2025,09:37:45,22449.9,22447,150,22451.15,300,225,13620150
NIFTY-I.NFO,09/04/2025,09:37:46,22447,22447,75,22450.5,375,150,13620150
NIFTY-I.NFO,09/04/2025,09:37:48,22451.45,22450,150,22451.5,75,150,13620150
NIFTY-I.NFO,09/04/2025,09:37:50,22446.4,22446.1,150,22451.4,75,2250,13620150
NIFTY-I.NFO,09/04/2025,09:37:51,22450.4,22445.8,225,22450.15,750,1125,13620150
NIFTY-I.NFO,09/04/2025,09:37:53,22450.4,22445.75,150,22447.55,300,0,13620150
NIFTY-I.NFO,09/04/2025,09:37:55,22449.9,22445.75,75,22449.05,150,750,13620150
NIFTY-I.NFO,09/04/2025,09:37:56,22445.75,22445.25,75,22449.15,450,225,13620150
NIFTY-I.NFO,09/04/2025,09:37:58,22448.55,22445,450,22447.9,225,150,13620150
NIFTY-I.NFO,09/04/2025,09:38:00,22445,22444.4,75,22445,675,1650,13620150
NIFTY-I.NFO,09/04/2025,09:38:01,22442.7,22441,1875,22443.1,150,975,13620150
NIFTY-I.NFO,09/04/2025,09:38:03,22441.8,22440.15,75,22441.5,225,2325,13620150
NIFTY-I.NFO,09/04/2025,09:38:05,22440.15,22435.85,150,22441.35,375,2925,13620150
NIFTY-I.NFO,09/04/2025,09:38:06,22440.3,22435.2,150,22440.55,75,1350,13620150
NIFTY-I.NFO,09/04/2025,09:38:08,22435.7,22435.05,75,22441.2,225,525,13620150
NIFTY-I.NFO,09/04/2025,09:38:10,22438.95,22435,450,22438.45,225,300,13620150
NIFTY-I.NFO,09/04/2025,09:38:11,22438.9,22435,225,22439.4,375,300,13620150
NIFTY-I.NFO,09/04/2025,09:38:13,22438.35,22435,75,22438.95,225,375,13620150
NIFTY-I.NFO,09/04/2025,09:38:15,22435,22435,75,22439.75,300,600,13620150
NIFTY-I.NFO,09/04/2025,09:38:16,22440,22435.95,300,22440,2925,675,13620150
NIFTY-I.NFO,09/04/2025,09:38:18,22438.8,22438.9,900,22443.5,75,3225,13620150
NIFTY-I.NFO,09/04/2025,09:38:20,22441.75,22440,75,22442.4,75,300,13620150
NIFTY-I.NFO,09/04/2025,09:38:21,22445.75,22442.3,75,22445.6,75,150,13620150
NIFTY-I.NFO,09/04/2025,09:38:23,22440.05,22441.1,900,22445.5,75,825,13620150
NIFTY-I.NFO,09/04/2025,09:38:25,22444,22443.6,300,22445,3675,375,13620150
NIFTY-I.NFO,09/04/2025,09:38:26,22443,22443,75,22445,3525,1275,13620150
NIFTY-I.NFO,09/04/2025,09:38:28,22443,22441,75,22444.95,75,75,13620150
NIFTY-I.NFO,09/04/2025,09:38:30,22445,22441,150,22445,3450,150,13620150
NIFTY-I.NFO,09/04/2025,09:38:31,22440,22440,375,22441.95,75,300,13620150
NIFTY-I.NFO,09/04/2025,09:38:33,22440,22441.2,375,22445,3450,75,13620150
NIFTY-I.NFO,09/04/2025,09:38:35,22441.2,22440,300,22444.4,75,1575,13620150
NIFTY-I.NFO,09/04/2025,09:38:36,22441.85,22442.2,375,22445,1425,825,13620150
NIFTY-I.NFO,09/04/2025,09:38:38,22444.95,22444.95,900,22445,1425,375,13620150
NIFTY-I.NFO,09/04/2025,09:38:40,22445,22445.1,375,22449.95,75,1500,13620150
NIFTY-I.NFO,09/04/2025,09:38:41,22445.05,22446.15,375,22450,375,225,13620150
NIFTY-I.NFO,09/04/2025,09:38:43,22445.35,22445.3,150,22450,300,150,13620150
NIFTY-I.NFO,09/04/2025,09:38:45,22450,22450,525,22450.55,75,300,13620150
NIFTY-I.NFO,09/04/2025,09:38:46,22450.55,22450.55,375,22451,75,375,13620150
NIFTY-I.NFO,09/04/2025,09:38:48,22451,22450.75,150,22453.9,75,75,13620150
NIFTY-I.NFO,09/04/2025,09:38:49,22451.65,22450.75,75,22451.4,150,375,13620150
NIFTY-I.NFO,09/04/2025,09:38:51,22450,22446.5,225,22449.95,375,1200,13620150
NIFTY-I.NFO,09/04/2025,09:38:53,22450.05,22451,225,22454.45,75,675,13620150
NIFTY-I.NFO,09/04/2025,09:38:54,22451,22447.8,375,22450,750,300,13620150
NIFTY-I.NFO,09/04/2025,09:38:56,22450,22447.95,375,22450,675,75,13620150
NIFTY-I.NFO,09/04/2025,09:38:58,22449.95,22447.9,75,22450,675,75,13620150
NIFTY-I.NFO,09/04/2025,09:38:59,22450,22447.95,375,22450,600,75,13620150
NIFTY-I.NFO,09/04/2025,09:39:01,22445.1,22445.4,150,22449.55,150,150,13620150
NIFTY-I.NFO,09/04/2025,09:39:03,22445,22445,75,22448.1,75,150,13620150
NIFTY-I.NFO,09/04/2025,09:39:04,22443.9,22445.55,150,22449.5,75,1950,13620150
NIFTY-I.NFO,09/04/2025,09:39:06,22449.5,22447.9,825,22450,600,75,13620150
NIFTY-I.NFO,09/04/2025,09:39:07,22449.45,22446.2,75,22450,600,75,13620150
NIFTY-I.NFO,09/04/2025,09:39:09,22449.45,22445.6,75,22448.95,600,0,13620150
NIFTY-I.NFO,09/04/2025,09:39:11,22449.45,22446.6,150,22448.65,900,0,13620150
NIFTY-I.NFO,09/04/2025,09:39:12,22449.95,22446.2,300,22450,600,300,13620150
NIFTY-I.NFO,09/04/2025,09:39:14,22449.95,22446.2,300,22450,600,0,13620150
NIFTY-I.NFO,09/04/2025,09:39:16,22449.4,22446.25,75,22449.95,600,225,13620150
NIFTY-I.NFO,09/04/2025,09:39:17,22449.95,22446.3,75,22450,675,1125,13620150
NIFTY-I.NFO,09/04/2025,09:39:19,22450,22446.3,75,22450,750,675,13620150
NIFTY-I.NFO,09/04/2025,09:39:21,22450,22447.45,600,22450,150,375,13620150
NIFTY-I.NFO,09/04/2025,09:39:22,22455,22452.5,375,22455,975,225,13620150
NIFTY-I.NFO,09/04/2025,09:39:24,22455.3,22454.45,300,22457.6,75,1050,13620150
NIFTY-I.NFO,09/04/2025,09:39:26,22455.3,22451.4,300,22457.45,225,0,13620150
NIFTY-I.NFO,09/04/2025,09:39:27,22452.5,22450.05,150,22454.65,75,150,13620150
NIFTY-I.NFO,09/04/2025,09:39:29,22455.65,22452,225,22455.05,75,75,13620150
NIFTY-I.NFO,09/04/2025,09:39:31,22452,22452,75,22453.4,75,150,13620150
NIFTY-I.NFO,09/04/2025,09:39:32,22455.3,22453.4,600,22457.05,75,225,13620150
NIFTY-I.NFO,09/04/2025,09:39:34,22455.3,22453.4,600,22456.4,75,0,13620150
NIFTY-I.NFO,09/04/2025,09:39:36,22455.3,22453.4,900,22457.4,150,0,13620150
NIFTY-I.NFO,09/04/2025,09:39:37,22455.3,22455.3,150,22457.6,75,0,13620150
NIFTY-I.NFO,09/04/2025,09:39:39,22459,22454.8,150,22459,75,225,13620150
NIFTY-I.NFO,09/04/2025,09:39:41,22459,22457.7,300,22460,375,75,13620150
NIFTY-I.NFO,09/04/2025,09:39:42,22462,22460,150,22462.25,75,600,13620150
NIFTY-I.NFO,09/04/2025,09:39:44,22464,22462.25,75,22464.95,300,375,13627125
NIFTY-I.NFO,09/04/2025,09:39:46,22461.85,22460,75,22461.2,75,375,13627125
NIFTY-I.NFO,09/04/2025,09:39:47,22460,22459,75,22462.25,300,300,13627125
NIFTY-I.NFO,09/04/2025,09:39:49,22462.25,22461.55,75,22462.25,225,75,13627125
NIFTY-I.NFO,09/04/2025,09:39:51,22462.25,22461.35,150,22462.25,150,150,13627125
NIFTY-I.NFO,09/04/2025,09:39:53,22462.25,22461.35,150,22462.75,450,750,13627125
NIFTY-I.NFO,09/04/2025,09:39:54,22457.6,22455,75,22458.95,75,450,13627125
NIFTY-I.NFO,09/04/2025,09:39:56,22458.85,22455,75,22459,75,1200,13627125
NIFTY-I.NFO,09/04/2025,09:39:58,22459.85,22455,75,22459.7,450,150,13627125
NIFTY-I.NFO,09/04/2025,09:39:59,22459.85,22455,75,22457.9,300,0,13627125
NIFTY-I.NFO,09/04/2025,09:40:01,22455,22453.4,75,22454.5,450,300,13627125
NIFTY-I.NFO,09/04/2025,09:40:03,22448.4,22448.25,150,22453.8,225,1425,13627125
NIFTY-I.NFO,09/04/2025,09:40:04,22448.4,22448.65,150,22453.7,450,0,13627125
NIFTY-I.NFO,09/04/2025,09:40:06,22445.75,22446.65,225,22450,225,2100,13627125
NIFTY-I.NFO,09/04/2025,09:40:08,22448.4,22445.55,75,22449.95,75,375,13627125
NIFTY-I.NFO,09/04/2025,09:40:09,22446.1,22445.55,75,22449.85,75,750,13627125
NIFTY-I.NFO,09/04/2025,09:40:11,22450.7,22450.55,225,22457,75,1275,13627125
NIFTY-I.NFO,09/04/2025,09:40:13,22450.55,22451.7,600,22458.15,150,225,13627125
NIFTY-I.NFO,09/04/2025,09:40:14,22452.6,22454.05,450,22459.85,75,375,13627125
NIFTY-I.NFO,09/04/2025,09:40:16,22459.75,22452.6,75,22454.65,600,75,13627125
NIFTY-I.NFO,09/04/2025,09:40:18,22459.75,22452.6,75,22454.05,75,0,13627125
NIFTY-I.NFO,09/04/2025,09:40:19,22454.05,22452.65,150,22454.05,150,75,13627125
NIFTY-I.NFO,09/04/2025,09:40:21,22452.6,22450,525,22454,150,225,13627125
NIFTY-I.NFO,09/04/2025,09:40:23,22452.6,22450,525,22451.5,825,0,13627125
NIFTY-I.NFO,09/04/2025,09:40:24,22450.35,22446.1,75,22449.45,975,1200,13627125
NIFTY-I.NFO,09/04/2025,09:40:26,22448.5,22446.1,75,22448.5,75,1200,13627125
NIFTY-I.NFO,09/04/2025,09:40:28,22448.4,22446.1,75,22448.4,150,75,13627125
NIFTY-I.NFO,09/04/2025,09:40:29,22447.35,22445.55,75,22448.4,150,225,13627125
NIFTY-I.NFO,09/04/2025,09:40:31,22445,22445,150,22447,450,975,13627125
NIFTY-I.NFO,09/04/2025,09:40:32,22441,22441,75,22443.6,75,375,13627125
NIFTY-I.NFO,09/04/2025,09:40:34,22440.15,22440.1,75,22442.9,225,150,13627125
NIFTY-I.NFO,09/04/2025,09:40:36,22441.55,22437.6,75,22442,750,3225,13627125
NIFTY-I.NFO,09/04/2025,09:40:37,22446.4,22439.8,450,22446.65,600,225,13627125
NIFTY-I.NFO,09/04/2025,09:40:39,22441,22443.4,150,22448.95,150,2025,13627125
NIFTY-I.NFO,09/04/2025,09:40:41,22448.95,22446.7,225,22448.9,75,300,13627125
NIFTY-I.NFO,09/04/2025,09:40:42,22449,22447,450,22450,75,825,13627125
NIFTY-I.NFO,09/04/2025,09:40:44,22453.25,22453.25,75,22455,75,600,13627125
NIFTY-I.NFO,09/04/2025,09:40:46,22452.2,22452.05,150,22457.2,150,1800,13627125
NIFTY-I.NFO,09/04/2025,09:40:47,22452.2,22454.6,225,22458,75,0,13627125
NIFTY-I.NFO,09/04/2025,09:40:49,22453.45,22453.25,225,22457.95,75,75,13627125
NIFTY-I.NFO,09/04/2025,09:40:51,22456.35,22451.95,75,22456.35,75,600,13627125
NIFTY-I.NFO,09/04/2025,09:40:52,22457.6,22453.3,300,22455.9,150,75,13627125
NIFTY-I.NFO,09/04/2025,09:40:54,22455.85,22453.3,75,22455.9,150,375,13627125
NIFTY-I.NFO,09/04/2025,09:40:56,22453.35,22450,150,22453.25,75,75,13627125
NIFTY-I.NFO,09/04/2025,09:40:57,22453.35,22450.35,150,22453.25,75,0,13627125
NIFTY-I.NFO,09/04/2025,09:40:59,22457,22453.3,150,22457.75,150,675,13627125
NIFTY-I.NFO,09/04/2025,09:41:01,22454.25,22455.6,150,22457.75,150,150,13627125
NIFTY-I.NFO,09/04/2025,09:41:02,22455.6,22455.75,75,22457,150,75,13627125
NIFTY-I.NFO,09/04/2025,09:41:04,22457,22452.2,75,22456.7,375,675,13627125
NIFTY-I.NFO,09/04/2025,09:41:06,22455.75,22453.3,150,22457.85,75,75,13627125
NIFTY-I.NFO,09/04/2025,09:41:07,22457.9,22456.55,300,22458.1,75,300,13627125
NIFTY-I.NFO,09/04/2025,09:41:09,22458.95,22458.2,150,22459.85,75,750,13627125
NIFTY-I.NFO,09/04/2025,09:41:11,22457.9,22457.2,150,22460,300,300,13627125
NIFTY-I.NFO,09/04/2025,09:41:12,22464.95,22461.1,225,22464.95,225,675,13627125
NIFTY-I.NFO,09/04/2025,09:41:14,22468.55,22463.45,150,22468.8,150,1425,13627125
NIFTY-I.NFO,09/04/2025,09:41:16,22469,22467.35,150,22469,150,225,13627125
NIFTY-I.NFO,09/04/2025,09:41:17,22470,22466.85,75,22470,450,375,13627125
NIFTY-I.NFO,09/04/2025,09:41:19,22470,22465.85,150,22470,225,150,13627125
NIFTY-I.NFO,09/04/2025,09:41:21,22473,22466.75,150,22472.95,150,975,13627125
NIFTY-I.NFO,09/04/2025,09:41:22,22465.9,22457.6,375,22463.95,150,525,13627125
NIFTY-I.NFO,09/04/2025,09:41:24,22466.35,22459.25,75,22464.85,150,1125,13627125
NIFTY-I.NFO,09/04/2025,09:41:26,22458.35,22458.65,300,22465.55,600,525,13627125
NIFTY-I.NFO,09/04/2025,09:41:27,22460.2,22460.15,150,22465.8,75,675,13627125
NIFTY-I.NFO,09/04/2025,09:41:29,22460.2,22462.8,150,22466.35,75,0,13627125
NIFTY-I.NFO,09/04/2025,09:41:31,22462.3,22462.8,225,22466.35,75,75,13627125
NIFTY-I.NFO,09/04/2025,09:41:32,22464.2,22463.55,300,22469.7,600,150,13627125
NIFTY-I.NFO,09/04/2025,09:41:34,22464.2,22466.55,75,22470,675,0,13627125
NIFTY-I.NFO,09/04/2025,09:41:36,22470,22468.3,225,22470,600,150,13627125
NIFTY-I.NFO,09/04/2025,09:41:37,22470,22468.5,300,22472.3,75,600,13627125
NIFTY-I.NFO,09/04/2025,09:41:39,22472.75,22470.35,375,22475,1125,1050,13627125
NIFTY-I.NFO,09/04/2025,09:41:41,22474.15,22470.4,150,22474.75,600,75,13627125
NIFTY-I.NFO,09/04/2025,09:41:42,22470.4,22471.35,300,22475,1125,75,13627125
NIFTY-I.NFO,09/04/2025,09:41:44,22475,22471.4,150,22475,1050,75,13627125
NIFTY-I.NFO,09/04/2025,09:41:46,22477,22475,75,22479,225,1350,13627125
NIFTY-I.NFO,09/04/2025,09:41:47,22480,22478.4,75,22481,150,900,13627125
NIFTY-I.NFO,09/04/2025,09:41:49,22480.7,22481.25,225,22484.85,150,1125,13627125
NIFTY-I.NFO,09/04/2025,09:41:51,22481.25,22475.45,450,22480.95,150,825,13627125
NIFTY-I.NFO,09/04/2025,09:41:52,22475,22474.75,375,22478.1,75,825,13627125
NIFTY-I.NFO,09/04/2025,09:41:54,22472.75,22472.75,900,22476.85,600,1125,13627125
NIFTY-I.NFO,09/04/2025,09:41:56,22476.1,22473.6,75,22478.05,450,75,13627125
NIFTY-I.NFO,09/04/2025,09:41:57,22474.35,22472.75,900,22478.8,600,1275,13627125
NIFTY-I.NFO,09/04/2025,09:41:59,22474.35,22475.25,150,22480,150,0,13627125
NIFTY-I.NFO,09/04/2025,09:42:01,22477.15,22476.15,75,22481,75,225,13627125
NIFTY-I.NFO,09/04/2025,09:42:02,22481.65,22476.7,675,22483.35,75,900,13627125
NIFTY-I.NFO,09/04/2025,09:42:04,22476.7,22476.75,225,22483.1,150,1575,13627125
NIFTY-I.NFO,09/04/2025,09:42:06,22475.2,22475.1,225,22480,75,450,13627125
NIFTY-I.NFO,09/04/2025,09:42:07,22479.4,22475.05,225,22479.4,75,225,13627125
NIFTY-I.NFO,09/04/2025,09:42:09,22479.4,22475.5,150,22481.8,150,75,13627125
NIFTY-I.NFO,09/04/2025,09:42:11,22480,22477.4,225,22483.5,150,525,13627125
NIFTY-I.NFO,09/04/2025,09:42:13,22481.85,22477.45,150,22481.4,150,300,13627125
NIFTY-I.NFO,09/04/2025,09:42:14,22481.85,22480.05,75,22482,75,75,13627125
NIFTY-I.NFO,09/04/2025,09:42:16,22479.6,22477,75,22479.75,75,675,13627125
NIFTY-I.NFO,09/04/2025,09:42:18,22475.05,22475.05,150,22479.7,75,975,13627125
NIFTY-I.NFO,09/04/2025,09:42:19,22480.55,22477,75,22481.45,75,1200,13627125
NIFTY-I.NFO,09/04/2025,09:42:21,22481.85,22479.05,525,22482,75,225,13627125
NIFTY-I.NFO,09/04/2025,09:42:22,22487.8,22486.5,225,22487.9,75,1800,13627125
NIFTY-I.NFO,09/04/2025,09:42:24,22490,22488.2,225,22490,675,2175,13627125
NIFTY-I.NFO,09/04/2025,09:42:26,22492,22490,75,22492.3,75,1500,13627125
NIFTY-I.NFO,09/04/2025,09:42:27,22489.65,22488.25,150,22490,150,900,13627125
NIFTY-I.NFO,09/04/2025,09:42:29,22481.95,22480.75,75,22486.75,600,825,13627125
NIFTY-I.NFO,09/04/2025,09:42:31,22488.85,22484.35,600,22490,225,2700,13627125
NIFTY-I.NFO,09/04/2025,09:42:32,22490,22485,75,22487.75,75,75,13627125
NIFTY-I.NFO,09/04/2025,09:42:34,22486.7,22481.15,150,22487.2,75,1875,13627125
NIFTY-I.NFO,09/04/2025,09:42:36,22487.4,22481.95,225,22487.45,150,75,13627125
NIFTY-I.NFO,09/04/2025,09:42:37,22486.7,22482,150,22485.75,225,75,13627125
NIFTY-I.NFO,09/04/2025,09:42:39,22485.95,22486,75,22487.75,75,150,13627125
NIFTY-I.NFO,09/04/2025,09:42:41,22487.75,22486,75,22488,150,150,13627125
NIFTY-I.NFO,09/04/2025,09:42:42,22487.75,22486.05,150,22488,600,0,13627125
NIFTY-I.NFO,09/04/2025,09:42:44,22486.15,22486.1,150,22488,300,600,13637775
NIFTY-I.NFO,09/04/2025,09:42:46,22488,22486.65,600,22488,75,300,13637775
NIFTY-I.NFO,09/04/2025,09:42:47,22489,22488.25,600,22490,300,150,13637775
NIFTY-I.NFO,09/04/2025,09:42:49,22490.85,22490.1,150,22493,150,750,13637775
NIFTY-I.NFO,09/04/2025,09:42:51,22488.5,22488.4,150,22493,150,150,13637775
NIFTY-I.NFO,09/04/2025,09:42:52,22493,22489.25,150,22493,75,1950,13637775
NIFTY-I.NFO,09/04/2025,09:42:54,22490,22488.95,600,22490,450,150,13637775
NIFTY-I.NFO,09/04/2025,09:42:56,22493.4,22490.8,225,22493.55,150,750,13637775
NIFTY-I.NFO,09/04/2025,09:42:57,22490,22490.05,150,22493.55,150,300,13637775
NIFTY-I.NFO,09/04/2025,09:42:59,22493.55,22489.2,300,22490,75,525,13637775
NIFTY-I.NFO,09/04/2025,09:43:01,22490.9,22492,600,22495,75,2400,13637775
NIFTY-I.NFO,09/04/2025,09:43:02,22496.95,22496.1,375,22498,225,900,13637775
NIFTY-I.NFO,09/04/2025,09:43:04,22493.55,22494.55,600,22498,150,300,13637775
NIFTY-I.NFO,09/04/2025,09:43:06,22496.15,22493.55,1125,22496,225,150,13637775
NIFTY-I.NFO,09/04/2025,09:43:07,22498,22496.45,225,22498,75,975,13637775
NIFTY-I.NFO,09/04/2025,09:43:09,22500.1,22500,1800,22503.35,225,6900,13637775
NIFTY-I.NFO,09/04/2025,09:43:11,22497.9,22497.9,150,22502.6,900,2025,13637775
NIFTY-I.NFO,09/04/2025,09:43:12,22498,22497.95,375,22502,150,450,13637775
NIFTY-I.NFO,09/04/2025,09:43:14,22498.65,22497.9,75,22501.7,600,600,13637775
NIFTY-I.NFO,09/04/2025,09:43:16,22502,22502,75,22504,75,150,13637775
NIFTY-I.NFO,09/04/2025,09:43:17,22502.05,22501.95,225,22504.6,600,600,13637775
NIFTY-I.NFO,09/04/2025,09:43:19,22502,22502,300,22505.4,300,75,13637775
NIFTY-I.NFO,09/04/2025,09:43:21,22502,22500.55,75,22504,600,825,13637775
NIFTY-I.NFO,09/04/2025,09:43:22,22502.05,22502.05,75,22504,525,225,13637775
NIFTY-I.NFO,09/04/2025,09:43:24,22504,22502.3,150,22504,375,375,13637775
NIFTY-I.NFO,09/04/2025,09:43:26,22502,22498.6,300,22502,300,2325,13637775
NIFTY-I.NFO,09/04/2025,09:43:27,22499.1,22496.05,75,22499.75,600,450,13637775
NIFTY-I.NFO,09/04/2025,09:43:29,22497.25,22493.9,450,22499.25,75,825,13637775
NIFTY-I.NFO,09/04/2025,09:43:31,22501.9,22496.55,675,22502,375,150,13637775
NIFTY-I.NFO,09/04/2025,09:43:32,22502,22501,75,22502,300,150,13637775
NIFTY-I.NFO,09/04/2025,09:43:34,22500,22495.55,450,22500,75,375,13637775
NIFTY-I.NFO,09/04/2025,09:43:36,22497.1,22497.1,75,22500,75,225,13637775
NIFTY-I.NFO,09/04/2025,09:43:37,22500,22498.45,150,22501,525,75,13637775
NIFTY-I.NFO,09/04/2025,09:43:39,22500,22499.45,150,22501,525,375,13637775
NIFTY-I.NFO,09/04/2025,09:43:41,22502.05,22500.95,450,22502.05,300,975,13637775
NIFTY-I.NFO,09/04/2025,09:43:42,22501.05,22501.3,225,22504,150,825,13637775
NIFTY-I.NFO,09/04/2025,09:43:44,22502,22502,75,22503,150,900,13637775
NIFTY-I.NFO,09/04/2025,09:43:46,22503.5,22501,225,22503.95,75,525,13637775
NIFTY-I.NFO,09/04/2025,09:43:47,22504,22503.5,75,22504,150,300,13637775
NIFTY-I.NFO,09/04/2025,09:43:49,22503,22501,150,22502.65,600,225,13637775
NIFTY-I.NFO,09/04/2025,09:43:51,22503,22501,450,22503.5,75,0,13637775
NIFTY-I.NFO,09/04/2025,09:43:52,22503.5,22501,375,22504,150,150,13637775
NIFTY-I.NFO,09/04/2025,09:43:54,22501,22500.6,75,22503,75,75,13637775
NIFTY-I.NFO,09/04/2025,09:43:56,22509.1,22509.7,300,22515.5,525,9000,13637775
NIFTY-I.NFO,09/04/2025,09:43:57,22508.95,22508.9,600,22515.3,75,525,13637775
NIFTY-I.NFO,09/04/2025,09:43:59,22510.65,22511.55,150,22517.4,150,375,13637775
NIFTY-I.NFO,09/04/2025,09:44:01,22511.25,22511.35,300,22517.4,150,2400,13637775
NIFTY-I.NFO,09/04/2025,09:44:02,22518,22511.6,150,22518,75,1725,13637775
NIFTY-I.NFO,09/04/2025,09:44:04,22513.55,22513,600,22518,75,675,13637775
NIFTY-I.NFO,09/04/2025,09:44:06,22513.1,22513.05,150,22515.3,150,450,13637775
NIFTY-I.NFO,09/04/2025,09:44:07,22515.5,22513.3,1350,22516,75,300,13637775
NIFTY-I.NFO,09/04/2025,09:44:09,22513.4,22513.35,150,22513.55,75,450,13637775
NIFTY-I.NFO,09/04/2025,09:44:11,22515.6,22514.25,450,22515.1,75,1575,13637775
NIFTY-I.NFO,09/04/2025,09:44:12,22513.8,22513.7,375,22518,150,1050,13637775
NIFTY-I.NFO,09/04/2025,09:44:14,22518,22514.5,675,22518,75,300,13637775
NIFTY-I.NFO,09/04/2025,09:44:16,22518,22514.05,150,22515,1350,75,13637775
NIFTY-I.NFO,09/04/2025,09:44:17,22515,22513.95,600,22515,1050,600,13637775
NIFTY-I.NFO,09/04/2025,09:44:19,22515,22515,300,22519,75,1275,13637775
NIFTY-I.NFO,09/04/2025,09:44:21,22515,22511.8,300,22518.25,150,11400,13637775
NIFTY-I.NFO,09/04/2025,09:44:22,22517.05,22512.25,150,22515.8,150,450,13637775
NIFTY-I.NFO,09/04/2025,09:44:24,22510.9,22515,75,22517.65,150,450,13637775
NIFTY-I.NFO,09/04/2025,09:44:26,22511.45,22513.45,225,22517,150,225,13637775
NIFTY-I.NFO,09/04/2025,09:44:27,22515.1,22515.05,150,22517,75,750,13637775
NIFTY-I.NFO,09/04/2025,09:44:29,22513,22512.95,225,22515.6,300,450,13637775
NIFTY-I.NFO,09/04/2025,09:44:31,22510.15,22515.55,75,22515.6,300,300,13637775
NIFTY-I.NFO,09/04/2025,09:44:32,22515.6,22512.9,450,22515.6,150,300,13637775
NIFTY-I.NFO,09/04/2025,09:44:34,22510.05,22510,2925,22510.8,150,225,13637775
NIFTY-I.NFO,09/04/2025,09:44:36,22510,22510,2325,22512,75,675,13637775
NIFTY-I.NFO,09/04/2025,09:44:37,22510.4,22510.9,225,22515,75,675,13637775
NIFTY-I.NFO,09/04/2025,09:44:39,22510.5,22510.7,75,22515,150,675,13637775
NIFTY-I.NFO,09/04/2025,09:44:41,22518,22516.05,75,22519,225,900,13637775
NIFTY-I.NFO,09/04/2025,09:44:42,22516.95,22516.25,75,22519,150,450,13637775
NIFTY-I.NFO,09/04/2025,09:44:44,22520,22517.45,150,22520,2025,525,13637775
NIFTY-I.NFO,09/04/2025,09:44:46,22519.85,22517,75,22520,2025,525,13637775
NIFTY-I.NFO,09/04/2025,09:44:47,22515.4,22516.35,300,22520,2100,1650,13637775
NIFTY-I.NFO,09/04/2025,09:44:49,22515.4,22517.4,300,22519,75,0,13637775
NIFTY-I.NFO,09/04/2025,09:44:51,22523.7,22523,150,22523.7,75,3375,13637775
NIFTY-I.NFO,09/04/2025,09:44:52,22523.95,22519.9,300,22524,375,450,13637775
NIFTY-I.NFO,09/04/2025,09:44:54,22521.85,22521.4,150,22524,375,75,13637775
NIFTY-I.NFO,09/04/2025,09:44:56,22524,22523.7,75,22523.95,1125,600,13637775
NIFTY-I.NFO,09/04/2025,09:44:57,22524.75,22524.4,300,22524.75,900,2250,13637775
NIFTY-I.NFO,09/04/2025,09:44:59,22528.85,22524.5,150,22529.8,600,5250,13637775
NIFTY-I.NFO,09/04/2025,09:45:01,22524.9,22524.9,75,22529.45,150,4575,13637775
NIFTY-I.NFO,09/04/2025,09:45:02,22523.6,22521.4,150,22523.35,600,1575,13637775
NIFTY-I.NFO,09/04/2025,09:45:04,22520.35,22517,150,22521.55,900,525,13637775
NIFTY-I.NFO,09/04/2025,09:45:06,22515.4,22514.25,150,22520.25,600,1875,13637775
NIFTY-I.NFO,09/04/2025,09:45:07,22516.35,22516,600,22519,1050,300,13637775
NIFTY-I.NFO,09/04/2025,09:45:09,22517.55,22518.6,150,22523.6,75,4575,13637775
NIFTY-I.NFO,09/04/2025,09:45:11,22526,22525,1200,22527,225,1200,13637775
NIFTY-I.NFO,09/04/2025,09:45:12,22526,22526,75,22530,3675,1500,13637775
NIFTY-I.NFO,09/04/2025,09:45:14,22525.2,22525.25,375,22530,3300,1050,13637775
NIFTY-I.NFO,09/04/2025,09:45:16,22525.25,22525.1,75,22530,3300,225,13637775
NIFTY-I.NFO,09/04/2025,09:45:17,22525.15,22525,375,22527.65,900,225,13637775
NIFTY-I.NFO,09/04/2025,09:45:19,22525.15,22525.2,75,22526.45,75,0,13637775
NIFTY-I.NFO,09/04/2025,09:45:21,22527.2,22525.25,75,22526.5,300,300,13637775
NIFTY-I.NFO,09/04/2025,09:45:22,22527.9,22525.3,300,22528.1,300,150,13637775
NIFTY-I.NFO,09/04/2025,09:45:24,22527.55,22525.3,300,22527.45,300,525,13637775
NIFTY-I.NFO,09/04/2025,09:45:26,22525,22525,525,22527.85,300,1275,13637775
NIFTY-I.NFO,09/04/2025,09:45:27,22527.9,22525.05,225,22528.5,450,300,13637775
NIFTY-I.NFO,09/04/2025,09:45:29,22525.15,22525.1,225,22527.45,75,300,13637775
NIFTY-I.NFO,09/04/2025,09:45:31,22527.45,22525.1,150,22529,75,150,13637775
NIFTY-I.NFO,09/04/2025,09:45:32,22525.05,22525.05,75,22527.45,75,375,13637775
NIFTY-I.NFO,09/04/2025,09:45:34,22523.2,22523.95,75,22530,3450,5475,13637775
NIFTY-I.NFO,09/04/2025,09:45:36,22526,22525.1,75,22528.6,1125,675,13637775
NIFTY-I.NFO,09/04/2025,09:45:37,22525,22523.35,75,22523.85,75,600,13637775
NIFTY-I.NFO,09/04/2025,09:45:39,22528,22525.5,75,22528,7050,300,13637775
NIFTY-I.NFO,09/04/2025,09:45:41,22519.05,22523.05,525,22525,600,1425,13637775
NIFTY-I.NFO,09/04/2025,09:45:42,22524.15,22518.6,150,22524.05,150,600,13637775
NIFTY-I.NFO,09/04/2025,09:45:44,22520.05,22517.2,75,22519.6,150,150,13637775
NIFTY-I.NFO,09/04/2025,09:45:46,22515,22515,150,22520.95,150,225,13615650
NIFTY-I.NFO,09/04/2025,09:45:47,22510.55,22510.4,375,22515.75,150,525,13615650
NIFTY-I.NFO,09/04/2025,09:45:49,22514.4,22510.45,300,22514.05,150,525,13615650
NIFTY-I.NFO,09/04/2025,09:45:51,22510.45,22510.45,525,22515.05,150,150,13615650
NIFTY-I.NFO,09/04/2025,09:45:52,22510.5,22510.85,75,22514.8,600,150,13615650
NIFTY-I.NFO,09/04/2025,09:45:54,22508.85,22508.85,375,22510,2700,2700,13615650
NIFTY-I.NFO,09/04/2025,09:45:56,22510.45,22511.8,450,22514.65,150,3450,13615650
NIFTY-I.NFO,09/04/2025,09:45:57,22514,22511.3,75,22514.6,300,450,13615650
NIFTY-I.NFO,09/04/2025,09:45:59,22516,22515.2,900,22519.85,225,750,13615650
NIFTY-I.NFO,09/04/2025,09:46:01,22520,22519.45,900,22523,75,900,13615650
NIFTY-I.NFO,09/04/2025,09:46:02,22522.95,22521.1,225,22525,2250,225,13615650
NIFTY-I.NFO,09/04/2025,09:46:04,22525,22522,225,22525,2100,375,13615650
NIFTY-I.NFO,09/04/2025,09:46:06,22525,22522.55,75,22525,1500,675,13615650
NIFTY-I.NFO,09/04/2025,09:46:07,22522,22523.6,75,22525,1875,375,13615650
NIFTY-I.NFO,09/04/2025,09:46:09,22525,22521.1,75,22525,1275,825,13615650
NIFTY-I.NFO,09/04/2025,09:46:11,22525,22523.3,450,22525,1500,225,13615650
NIFTY-I.NFO,09/04/2025,09:46:12,22530.75,22530.75,150,22532,1875,8250,13615650
NIFTY-I.NFO,09/04/2025,09:46:14,22529.95,22527,75,22529.95,75,975,13615650
NIFTY-I.NFO,09/04/2025,09:46:16,22530,22528,75,22531.9,150,750,13615650
NIFTY-I.NFO,09/04/2025,09:46:17,22529.8,22527.05,150,22529.55,600,1500,13615650
NIFTY-I.NFO,09/04/2025,09:46:19,22527.1,22527.1,150,22530.05,600,75,13615650
NIFTY-I.NFO,09/04/2025,09:46:21,22527.1,22527.1,450,22529.8,75,0,13615650
NIFTY-I.NFO,09/04/2025,09:46:22,22532,22530.75,1500,22531.95,600,900,13615650
NIFTY-I.NFO,09/04/2025,09:46:24,22530.75,22530.75,975,22532,1350,600,13615650
NIFTY-I.NFO,09/04/2025,09:46:26,22530.75,22530.75,600,22532,1200,750,13615650
NIFTY-I.NFO,09/04/2025,09:46:27,22522.3,22522.95,450,22527,150,2100,13615650
NIFTY-I.NFO,09/04/2025,09:46:29,22520.7,22520.55,600,22526.1,75,825,13615650
NIFTY-I.NFO,09/04/2025,09:46:31,22530.35,22525.05,525,22529.6,450,3300,13615650
NIFTY-I.NFO,09/04/2025,09:46:32,22525.05,22525.05,450,22526,450,75,13615650
NIFTY-I.NFO,09/04/2025,09:46:34,22525.05,22521,75,22523.45,450,450,13615650
NIFTY-I.NFO,09/04/2025,09:46:36,22520,22515,75,22520,300,900,13615650
NIFTY-I.NFO,09/04/2025,09:46:37,22519.15,22515,75,22518.1,450,225,13615650
NIFTY-I.NFO,09/04/2025,09:46:39,22515,22513.8,450,22519.5,75,450,13615650
NIFTY-I.NFO,09/04/2025,09:46:41,22511,22510.6,450,22513.8,75,450,13615650
NIFTY-I.NFO,09/04/2025,09:46:42,22513.8,22510.85,450,22517.35,525,600,13615650
NIFTY-I.NFO,09/04/2025,09:46:44,22510,22509.95,375,22516.15,150,225,13615650
NIFTY-I.NFO,09/04/2025,09:46:46,22516.05,22511.05,675,22517.3,450,525,13615650
NIFTY-I.NFO,09/04/2025,09:46:47,22516.2,22509.8,150,22516.15,450,225,13615650
NIFTY-I.NFO,09/04/2025,09:46:49,22511,22508.6,600,22515.1,375,150,13615650
NIFTY-I.NFO,09/04/2025,09:46:51,22506,22505.3,75,22508.9,150,375,13615650
NIFTY-I.NFO,09/04/2025,09:46:52,22505,22505,150,22507.45,150,300,13615650
NIFTY-I.NFO,09/04/2025,09:46:54,22503,22502.45,75,22505,375,1275,13615650
NIFTY-I.NFO,09/04/2025,09:46:56,22502.45,22502.7,450,22509.1,375,300,13615650
NIFTY-I.NFO,09/04/2025,09:46:57,22502.1,22502,75,22505.8,150,150,13615650
NIFTY-I.NFO,09/04/2025,09:46:59,22504.95,22503,75,22504.95,225,300,13615650
NIFTY-I.NFO,09/04/2025,09:47:01,22504.05,22505.3,225,22508.75,75,825,13615650
NIFTY-I.NFO,09/04/2025,09:47:02,22506.15,22505.35,450,22509,75,1725,13615650
NIFTY-I.NFO,09/04/2025,09:47:04,22509.25,22506.05,75,22509.3,150,450,13615650
NIFTY-I.NFO,09/04/2025,09:47:06,22510,22506.1,75,22509.7,450,150,13615650
NIFTY-I.NFO,09/04/2025,09:47:07,22510,22506.1,75,22509.95,150,0,13615650
NIFTY-I.NFO,09/04/2025,09:47:09,22506.1,22506.05,75,22507.55,300,75,13615650
NIFTY-I.NFO,09/04/2025,09:47:11,22506.85,22504.55,75,22506.4,675,150,13615650
NIFTY-I.NFO,09/04/2025,09:47:12,22504.55,22503.8,150,22509.95,150,2100,13615650
NIFTY-I.NFO,09/04/2025,09:47:14,22504.55,22502.8,750,22509.45,300,0,13615650
NIFTY-I.NFO,09/04/2025,09:47:16,22506.4,22502.75,75,22505.85,150,150,13615650
NIFTY-I.NFO,09/04/2025,09:47:17,22506.4,22501,75,22504.55,450,0,13615650
NIFTY-I.NFO,09/04/2025,09:47:19,22501,22500,1800,22502.45,75,75,13615650
NIFTY-I.NFO,09/04/2025,09:47:21,22500.35,22498,600,22500.35,75,1950,13615650
NIFTY-I.NFO,09/04/2025,09:47:22,22497.35,22498.4,450,22503.15,75,1050,13615650
NIFTY-I.NFO,09/04/2025,09:47:24,22496.75,22496.85,450,22502.9,75,75,13615650
NIFTY-I.NFO,09/04/2025,09:47:26,22496.75,22496.1,375,22497.65,75,0,13615650
NIFTY-I.NFO,09/04/2025,09:47:27,22504.7,22498.35,450,22503.35,75,1425,13615650
NIFTY-I.NFO,09/04/2025,09:47:29,22501.5,22501.9,675,22507.05,75,975,13615650
NIFTY-I.NFO,09/04/2025,09:47:31,22500.1,22501.25,150,22505.3,150,1500,13615650
NIFTY-I.NFO,09/04/2025,09:47:32,22501.3,22500,75,22503.45,600,375,13615650
NIFTY-I.NFO,09/04/2025,09:47:34,22501.35,22500,150,22502.05,600,225,13615650
NIFTY-I.NFO,09/04/2025,09:47:36,22500,22496.15,450,22502.5,825,1200,13615650
NIFTY-I.NFO,09/04/2025,09:47:37,22498.1,22495,1200,22498.25,300,450,13615650
NIFTY-I.NFO,09/04/2025,09:47:39,22498.1,22495,1200,22498.5,75,0,13615650
NIFTY-I.NFO,09/04/2025,09:47:41,22495.7,22495.6,75,22502,75,300,13615650
NIFTY-I.NFO,09/04/2025,09:47:42,22502,22495,1500,22499.95,375,75,13615650
NIFTY-I.NFO,09/04/2025,09:47:44,22495.1,22496.2,75,22499.95,75,150,13615650
NIFTY-I.NFO,09/04/2025,09:47:46,22503,22499,825,22502,75,150,13615650
NIFTY-I.NFO,09/04/2025,09:47:47,22502.75,22499,1125,22503,75,225,13615650
NIFTY-I.NFO,09/04/2025,09:47:49,22499,22499,1050,22503,75,75,13615650
NIFTY-I.NFO,09/04/2025,09:47:51,22499,22499,450,22502.2,150,1200,13615650
NIFTY-I.NFO,09/04/2025,09:47:52,22499,22499,300,22501.75,75,150,13615650
NIFTY-I.NFO,09/04/2025,09:47:54,22498.1,22495,1500,22497.85,75,525,13615650
NIFTY-I.NFO,09/04/2025,09:47:56,22499.05,22495.95,675,22500,75,375,13615650
NIFTY-I.NFO,09/04/2025,09:47:57,22500,22499,450,22500.15,225,75,13615650
NIFTY-I.NFO,09/04/2025,09:47:59,22496.7,22495,1575,22496.1,75,1500,13615650
NIFTY-I.NFO,09/04/2025,09:48:01,22493.55,22493.55,600,22493.95,600,2025,13615650
NIFTY-I.NFO,09/04/2025,09:48:02,22493.55,22493.55,375,22495.75,75,375,13615650
NIFTY-I.NFO,09/04/2025,09:48:04,22493.55,22493.55,150,22496.25,75,225,13615650
NIFTY-I.NFO,09/04/2025,09:48:06,22493.55,22493.55,150,22496.65,600,0,13615650
NIFTY-I.NFO,09/04/2025,09:48:07,22490,22490,75,22492.8,825,1425,13615650
NIFTY-I.NFO,09/04/2025,09:48:09,22488.95,22489.95,375,22493,75,225,13615650
NIFTY-I.NFO,09/04/2025,09:48:11,22495,22495,375,22498.1,75,1200,13615650
NIFTY-I.NFO,09/04/2025,09:48:12,22495.05,22495,225,22500.95,825,1425,13615650
NIFTY-I.NFO,09/04/2025,09:48:14,22497.2,22495.9,375,22501.65,600,75,13615650
NIFTY-I.NFO,09/04/2025,09:48:16,22500.95,22496.05,375,22501.95,600,225,13615650
NIFTY-I.NFO,09/04/2025,09:48:17,22503,22500.1,450,22505,225,450,13615650
NIFTY-I.NFO,09/04/2025,09:48:19,22502,22502,975,22505,225,225,13615650
NIFTY-I.NFO,09/04/2025,09:48:21,22505,22502.05,375,22503,75,75,13615650
NIFTY-I.NFO,09/04/2025,09:48:22,22501.55,22495.6,375,22501.55,525,2325,13615650
NIFTY-I.NFO,09/04/2025,09:48:24,22501.55,22499.25,150,22502,75,0,13615650
NIFTY-I.NFO,09/04/2025,09:48:26,22499.1,22499.3,150,22502,75,450,13615650
NIFTY-I.NFO,09/04/2025,09:48:28,22502.1,22501.5,375,22505,75,1050,13615650
NIFTY-I.NFO,09/04/2025,09:48:29,22509.7,22504.1,75,22507.85,600,675,13615650
NIFTY-I.NFO,09/04/2025,09:48:31,22504.5,22504.5,75,22509.95,600,150,13615650
NIFTY-I.NFO,09/04/2025,09:48:33,22504.55,22504.1,150,22507.25,1125,225,13615650
NIFTY-I.NFO,09/04/2025,09:48:34,22506.15,22504.1,150,22506.15,450,150,13615650
NIFTY-I.NFO,09/04/2025,09:48:36,22505.1,22503,1200,22505.05,600,300,13615650
NIFTY-I.NFO,09/04/2025,09:48:38,22500,22500,75,22504,600,1650,13615650
NIFTY-I.NFO,09/04/2025,09:48:39,22500,22500,75,22503.95,600,0,13615650
NIFTY-I.NFO,09/04/2025,09:48:41,22502.55,22497.95,375,22502.8,600,300,13615650
NIFTY-I.NFO,09/04/2025,09:48:43,22499.75,22500.1,75,22503,600,300,13615650
NIFTY-I.NFO,09/04/2025,09:48:44,22500,22499.75,150,22503,450,525,13615650
NIFTY-I.NFO,09/04/2025,09:48:46,22503,22499.3,150,22503,300,375,13613325
NIFTY-I.NFO,09/04/2025,09:48:48,22502.95,22498.5,150,22503,300,75,13613325
NIFTY-I.NFO,09/04/2025,09:48:49,22500.3,22501.15,375,22503,300,75,13613325
NIFTY-I.NFO,09/04/2025,09:48:51,22500.75,22501.15,450,22503,300,150,13613325
NIFTY-I.NFO,09/04/2025,09:48:53,22501.9,22502,75,22502.95,75,450,13613325
NIFTY-I.NFO,09/04/2025,09:48:54,22503,22499.7,750,22504.25,375,675,13613325
NIFTY-I.NFO,09/04/2025,09:48:56,22499.7,22501.7,75,22504.55,375,75,13613325
NIFTY-I.NFO,09/04/2025,09:48:58,22502.7,22496.05,75,22501.45,600,1125,13613325
NIFTY-I.NFO,09/04/2025,09:48:59,22500.45,22495,1200,22499.25,75,150,13613325
NIFTY-I.NFO,09/04/2025,09:49:01,22498.3,22495,1125,22497.5,600,150,13613325
NIFTY-I.NFO,09/04/2025,09:49:03,22495,22492,150,22494.95,525,1125,13613325
NIFTY-I.NFO,09/04/2025,09:49:04,22495.25,22490.05,750,22495.05,525,375,13613325
NIFTY-I.NFO,09/04/2025,09:49:06,22490,22490,900,22490.2,150,825,13613325
NIFTY-I.NFO,09/04/2025,09:49:08,22484.45,22481,75,22483.4,525,2400,13613325
NIFTY-I.NFO,09/04/2025,09:49:09,22478.75,22477.6,75,22482.85,450,2475,13613325
NIFTY-I.NFO,09/04/2025,09:49:11,22484.05,22478.3,900,22485.05,375,2475,13613325
NIFTY-I.NFO,09/04/2025,09:49:13,22485,22480,75,22484.4,300,600,13613325
NIFTY-I.NFO,09/04/2025,09:49:14,22484.05,22480,150,22484.1,300,675,13613325
NIFTY-I.NFO,09/04/2025,09:49:16,22480,22480,75,22482.05,375,75,13613325
NIFTY-I.NFO,09/04/2025,09:49:18,22482.95,22480,75,22481.35,75,300,13613325
NIFTY-I.NFO,09/04/2025,09:49:19,22481.35,22480.1,150,22485,75,75,13613325
NIFTY-I.NFO,09/04/2025,09:49:21,22479.55,22478.55,600,22484.6,375,1200,13613325
NIFTY-I.NFO,09/04/2025,09:49:23,22485.6,22480.5,150,22483.45,450,300,13613325
NIFTY-I.NFO,09/04/2025,09:49:24,22480,22480,900,22481.2,75,375,13613325
NIFTY-I.NFO,09/04/2025,09:49:26,22479.55,22477,75,22478,150,1125,13613325
NIFTY-I.NFO,09/04/2025,09:49:28,22478.8,22476,375,22477,75,375,13613325
NIFTY-I.NFO,09/04/2025,09:49:29,22480.9,22478.55,450,22483.1,75,675,13613325
NIFTY-I.NFO,09/04/2025,09:49:31,22476,22476,450,22478.05,75,225,13613325
NIFTY-I.NFO,09/04/2025,09:49:33,22478,22478,1725,22478.9,375,975,13613325
NIFTY-I.NFO,09/04/2025,09:49:34,22475.2,22475,675,22477.5,300,1950,13613325
NIFTY-I.NFO,09/04/2025,09:49:36,22475.5,22475,675,22476.4,75,150,13613325
NIFTY-I.NFO,09/04/2025,09:49:38,22471.2,22471.2,75,22474.1,825,1275,13613325
NIFTY-I.NFO,09/04/2025,09:49:39,22472.1,22472.15,600,22475,225,1875,13613325
NIFTY-I.NFO,09/04/2025,09:49:41,22474.95,22474.95,675,22475.25,75,1275,13613325
NIFTY-I.NFO,09/04/2025,09:49:43,22474.1,22471,2025,22473.25,75,975,13613325
NIFTY-I.NFO,09/04/2025,09:49:44,22471,22471,1800,22472.1,600,225,13613325
NIFTY-I.NFO,09/04/2025,09:49:46,22468.25,22468.6,225,22474.65,450,3600,13613325
NIFTY-I.NFO,09/04/2025,09:49:48,22476.05,22471.1,75,22477.15,150,1125,13613325
NIFTY-I.NFO,09/04/2025,09:49:49,22474.2,22468.3,75,22472,150,525,13613325
NIFTY-I.NFO,09/04/2025,09:49:51,22469.95,22469,75,22471.45,225,225,13613325
NIFTY-I.NFO,09/04/2025,09:49:53,22469.8,22465,300,22468.35,75,2175,13613325
NIFTY-I.NFO,09/04/2025,09:49:54,22465,22465.05,150,22470,75,225,13613325
NIFTY-I.NFO,09/04/2025,09:49:56,22468.75,22465,75,22468.6,75,600,13613325
NIFTY-I.NFO,09/04/2025,09:49:58,22465.05,22462.3,75,22464.25,150,750,13613325
NIFTY-I.NFO,09/04/2025,09:49:59,22461.2,22463,75,22464.35,225,2250,13613325
NIFTY-I.NFO,09/04/2025,09:50:01,22463.25,22462.5,225,22467.7,75,375,13613325
NIFTY-I.NFO,09/04/2025,09:50:03,22463.45,22464.1,600,22467.8,150,525,13613325
NIFTY-I.NFO,09/04/2025,09:50:04,22470,22469.35,75,22475,825,300,13613325
NIFTY-I.NFO,09/04/2025,09:50:06,22470.55,22467.8,75,22473.7,375,75,13613325
NIFTY-I.NFO,09/04/2025,09:50:08,22467.35,22465.65,600,22470.55,75,225,13613325
NIFTY-I.NFO,09/04/2025,09:50:09,22473.3,22467.8,75,22472.4,75,1050,13613325
NIFTY-I.NFO,09/04/2025,09:50:11,22473,22467.8,75,22473,300,150,13613325
NIFTY-I.NFO,09/04/2025,09:50:13,22470.85,22468.6,150,22474.15,75,1500,13613325
NIFTY-I.NFO,09/04/2025,09:50:14,22470.85,22467.8,150,22470.8,75,0,13613325
NIFTY-I.NFO,09/04/2025,09:50:16,22467.8,22467.8,75,22469.45,225,300,13613325
NIFTY-I.NFO,09/04/2025,09:50:18,22469.6,22467.8,75,22468.6,300,300,13613325
NIFTY-I.NFO,09/04/2025,09:50:19,22469.6,22467.8,75,22470.5,75,0,13613325
NIFTY-I.NFO,09/04/2025,09:50:21,22465.15,22465.15,300,22466.4,975,225,13613325
NIFTY-I.NFO,09/04/2025,09:50:23,22461.55,22461.35,150,22464.65,75,2400,13613325
NIFTY-I.NFO,09/04/2025,09:50:24,22461.35,22461.35,75,22464.65,75,150,13613325
NIFTY-I.NFO,09/04/2025,09:50:26,22465,22461.35,75,22465.15,75,300,13613325
NIFTY-I.NFO,09/04/2025,09:50:28,22465.8,22461.4,450,22466.65,300,375,13613325
NIFTY-I.NFO,09/04/2025,09:50:29,22462.45,22461.25,150,22466.65,150,24825,13613325
NIFTY-I.NFO,09/04/2025,09:50:31,22466.65,22466,75,22468.85,150,150,13613325
NIFTY-I.NFO,09/04/2025,09:50:33,22464.15,22463,75,22466.35,150,375,13613325
NIFTY-I.NFO,09/04/2025,09:50:34,22462.9,22460,75,22463.1,150,225,13613325
NIFTY-I.NFO,09/04/2025,09:50:36,22460.65,22461.5,225,22467.45,150,3825,13613325
NIFTY-I.NFO,09/04/2025,09:50:38,22465.25,22457.25,75,22463.1,150,600,13613325
NIFTY-I.NFO,09/04/2025,09:50:39,22457.25,22457.1,600,22463.65,450,225,13613325
NIFTY-I.NFO,09/04/2025,09:50:41,22463.65,22460.1,75,22463.65,225,450,13613325
NIFTY-I.NFO,09/04/2025,09:50:43,22463.6,22462.1,600,22465,75,300,13613325
NIFTY-I.NFO,09/04/2025,09:50:44,22465,22463.65,150,22465,300,675,13613325
NIFTY-I.NFO,09/04/2025,09:50:46,22459.55,22459.55,825,22464.15,75,900,13613325
NIFTY-I.NFO,09/04/2025,09:50:48,22466.65,22460.65,300,22467.55,150,750,13613325
NIFTY-I.NFO,09/04/2025,09:50:49,22465,22464.15,75,22468.75,75,750,13613325
NIFTY-I.NFO,09/04/2025,09:50:51,22464.7,22464.3,300,22469,75,150,13613325
NIFTY-I.NFO,09/04/2025,09:50:53,22464.7,22464.2,150,22469,75,0,13613325
NIFTY-I.NFO,09/04/2025,09:50:54,22474.95,22468.5,150,22474.8,600,1275,13613325
NIFTY-I.NFO,09/04/2025,09:50:56,22474.95,22467,450,22473.8,600,0,13613325
NIFTY-I.NFO,09/04/2025,09:50:58,22473.7,22465.2,150,22471.9,600,600,13613325
NIFTY-I.NFO,09/04/2025,09:50:59,22470.5,22464.7,750,22470.35,75,375,13613325
NIFTY-I.NFO,09/04/2025,09:51:01,22465,22465,75,22467.1,75,150,13613325
NIFTY-I.NFO,09/04/2025,09:51:03,22468.65,22466,75,22467.1,300,225,13613325
