Ticker,Date,Time,LTP,BuyPrice,BuyQty,SellPrice,SellQty,LTQ,OpenInterest
BANKNIFTY-III.NFO,18/03/2025,09:15:00,49045,49179.15,30,49261.6,60,30,706770
BANKNIFTY-III.NFO,18/03/2025,09:15:00,49045,49179.15,30,49261.6,60,0,706770
BANKNIFTY-III.NFO,18/03/2025,09:15:00,49045,49179.15,30,49261.6,60,0,706770
BANKNIFTY-III.NFO,18/03/2025,09:15:00,49045,49179.15,30,49261.6,60,0,706770
BANKNIFTY-III.NFO,18/03/2025,09:15:02,49045,49159.2,60,49210.85,60,0,706770
BANKNIFTY-III.NFO,18/03/2025,09:15:04,49045,49131.4,30,49170.85,60,0,706770
BANKNIFTY-III.NFO,18/03/2025,09:15:05,49045,49107.4,60,49145.5,60,0,706770
BANKNIFTY-III.NFO,18/03/2025,09:15:07,49121.35,49081.8,60,49121.35,30,30,706770
BANKNIFTY-III.NFO,18/03/2025,09:15:07,49121.35,49081.8,60,49121.35,30,0,706770
BANKNIFTY-III.NFO,18/03/2025,09:15:08,49107.7,49088.95,60,49107.75,60,30,706770
BANKNIFTY-III.NFO,18/03/2025,09:15:10,49107.7,49094.9,60,49122.7,60,0,706770
BANKNIFTY-III.NFO,18/03/2025,09:15:12,49100.5,49100.5,60,49126.85,150,60,706770
BANKNIFTY-III.NFO,18/03/2025,09:15:13,49100.5,49100.55,60,49122.45,60,0,706770
BANKNIFTY-III.NFO,18/03/2025,09:15:15,49100.5,49100.55,60,49122.75,60,0,706770
BANKNIFTY-III.NFO,18/03/2025,09:15:17,49100.5,49103.45,60,49128.05,60,0,706770
BANKNIFTY-III.NFO,18/03/2025,09:15:18,49100.5,49100.6,60,49110,30,0,706770
BANKNIFTY-III.NFO,18/03/2025,09:15:20,49101.3,49100.8,60,49110,30,30,706770
BANKNIFTY-III.NFO,18/03/2025,09:15:22,49110,49106.05,30,49134,60,330,706830
BANKNIFTY-III.NFO,18/03/2025,09:15:23,49110,49105.95,30,49132.15,60,0,706830
BANKNIFTY-III.NFO,18/03/2025,09:15:25,49105.95,49103.25,150,49128.55,60,30,706830
BANKNIFTY-III.NFO,18/03/2025,09:15:27,49105.95,49110,30,49117.95,60,0,706830
BANKNIFTY-III.NFO,18/03/2025,09:15:28,49108.35,49088.85,30,49111.65,60,60,706830
BANKNIFTY-III.NFO,18/03/2025,09:15:30,49108.35,49089.45,30,49114.2,60,0,706830
BANKNIFTY-III.NFO,18/03/2025,09:15:31,49108.35,49092.25,30,49117.7,60,0,706830
BANKNIFTY-III.NFO,18/03/2025,09:15:33,49108.35,49092.95,30,49109.95,90,0,706830
BANKNIFTY-III.NFO,18/03/2025,09:15:35,49108.35,49092.6,30,49109.95,90,0,706830
BANKNIFTY-III.NFO,18/03/2025,09:15:36,49108.35,49094.9,60,49109.95,60,0,706830
BANKNIFTY-III.NFO,18/03/2025,09:15:38,49094.9,49098.25,180,49110,30,60,706830
BANKNIFTY-III.NFO,18/03/2025,09:15:40,49094.9,49098.1,60,49110,30,0,706830
BANKNIFTY-III.NFO,18/03/2025,09:15:41,49094.9,49094.65,60,49109.95,90,0,706830
BANKNIFTY-III.NFO,18/03/2025,09:15:43,49095.5,49095.5,60,49110,30,30,706830
BANKNIFTY-III.NFO,18/03/2025,09:15:45,49095.5,49099.5,60,49110,30,0,706830
BANKNIFTY-III.NFO,18/03/2025,09:15:46,49096,49096.15,30,49110,30,60,706830
BANKNIFTY-III.NFO,18/03/2025,09:15:48,49096,49098.3,30,49110,30,0,706830
BANKNIFTY-III.NFO,18/03/2025,09:15:49,49096,49094.9,60,49110,30,0,706830
BANKNIFTY-III.NFO,18/03/2025,09:15:51,49096,49094.9,30,49105,330,0,706830
BANKNIFTY-III.NFO,18/03/2025,09:15:53,49110,49100.5,90,49121.15,60,360,706830
BANKNIFTY-III.NFO,18/03/2025,09:15:54,49110,49100.5,90,49121.85,60,0,706830
BANKNIFTY-III.NFO,18/03/2025,09:15:56,49100.5,49103.25,150,49128.1,60,30,706830
BANKNIFTY-III.NFO,18/03/2025,09:15:58,49100.5,49106.2,30,49127.15,60,0,706830
BANKNIFTY-III.NFO,18/03/2025,09:15:59,49100.5,49115.35,30,49139.6,60,0,706830
BANKNIFTY-III.NFO,18/03/2025,09:16:01,49150,49150.15,30,49173.75,60,30,706830
BANKNIFTY-III.NFO,18/03/2025,09:16:01,49150,49150.15,30,49173.75,60,0,706830
BANKNIFTY-III.NFO,18/03/2025,09:16:03,49159,49159.4,30,49175,30,30,706830
BANKNIFTY-III.NFO,18/03/2025,09:16:03,49159,49159.4,30,49175,30,0,706830
BANKNIFTY-III.NFO,18/03/2025,09:16:04,49156.35,49161.25,30,49175,30,30,706830
BANKNIFTY-III.NFO,18/03/2025,09:16:06,49175,49178.6,120,49200,180,30,706830
BANKNIFTY-III.NFO,18/03/2025,09:16:06,49175,49178.6,120,49200,180,0,706830
BANKNIFTY-III.NFO,18/03/2025,09:16:08,49175,49190.5,180,49200,180,0,706830
BANKNIFTY-III.NFO,18/03/2025,09:16:09,49192.35,49187.1,30,49200,180,180,706830
BANKNIFTY-III.NFO,18/03/2025,09:16:09,49192.35,49187.1,30,49200,180,0,706830
BANKNIFTY-III.NFO,18/03/2025,09:16:11,49188.3,49190.45,120,49200,180,60,706830
BANKNIFTY-III.NFO,18/03/2025,09:16:12,49200,49192.35,30,49200,150,30,706830
BANKNIFTY-III.NFO,18/03/2025,09:16:12,49200,49192.35,30,49200,150,0,706830
BANKNIFTY-III.NFO,18/03/2025,09:16:14,49200,49195.15,30,49200,150,0,706830
BANKNIFTY-III.NFO,18/03/2025,09:16:16,49200,49197.5,30,49200,150,0,706830
BANKNIFTY-III.NFO,18/03/2025,09:16:17,49200,49196.45,30,49200,30,120,706830
BANKNIFTY-III.NFO,18/03/2025,09:16:19,49200,49199,30,49200,30,0,706830
BANKNIFTY-III.NFO,18/03/2025,09:16:21,49200,49192.35,60,49200,30,0,706830
BANKNIFTY-III.NFO,18/03/2025,09:16:22,49200,49195.5,180,49200,30,0,706830
BANKNIFTY-III.NFO,18/03/2025,09:16:24,49200,49193.85,180,49200,30,0,706830
BANKNIFTY-III.NFO,18/03/2025,09:16:26,49200,49194.5,30,49216.05,60,30,706830
BANKNIFTY-III.NFO,18/03/2025,09:16:27,49200,49194.5,30,49219.55,60,0,706830
BANKNIFTY-III.NFO,18/03/2025,09:16:29,49200,49192.35,30,49214.85,60,0,706830
BANKNIFTY-III.NFO,18/03/2025,09:16:31,49200,49192.35,30,49217.4,60,0,706830
BANKNIFTY-III.NFO,18/03/2025,09:16:32,49200,49192.35,30,49219.55,60,0,706830
BANKNIFTY-III.NFO,18/03/2025,09:16:34,49200,49192.35,30,49200,30,0,706830
BANKNIFTY-III.NFO,18/03/2025,09:16:36,49200,49192.35,60,49214.15,60,30,706830
BANKNIFTY-III.NFO,18/03/2025,09:16:37,49200,49192.35,30,49207.6,60,0,706830
BANKNIFTY-III.NFO,18/03/2025,09:16:39,49200,49200,90,49207.6,60,0,706830
BANKNIFTY-III.NFO,18/03/2025,09:16:41,49200,49192.35,30,49200,30,90,706830
BANKNIFTY-III.NFO,18/03/2025,09:16:42,49200,49193.8,30,49214.95,60,30,706830
BANKNIFTY-III.NFO,18/03/2025,09:16:44,49200,49194.25,30,49216.6,60,0,706830
BANKNIFTY-III.NFO,18/03/2025,09:16:46,49200,49197.1,30,49220.3,60,0,706830
BANKNIFTY-III.NFO,18/03/2025,09:16:47,49200,49194.35,30,49216.5,60,0,706830
BANKNIFTY-III.NFO,18/03/2025,09:16:49,49216.5,49194.4,60,49216.5,60,60,706830
BANKNIFTY-III.NFO,18/03/2025,09:16:49,49216.5,49194.4,60,49216.5,60,0,706830
BANKNIFTY-III.NFO,18/03/2025,09:16:51,49216.5,49192.4,90,49209.95,90,0,706830
BANKNIFTY-III.NFO,18/03/2025,09:16:52,49209.95,49193.55,60,49209.95,60,30,706830
BANKNIFTY-III.NFO,18/03/2025,09:16:54,49209.95,49194.35,60,49210,30,0,706830
BANKNIFTY-III.NFO,18/03/2025,09:16:56,49209.95,49195.05,60,49210,30,0,706830
BANKNIFTY-III.NFO,18/03/2025,09:16:57,49209.95,49198.6,90,49210,30,0,706830
BANKNIFTY-III.NFO,18/03/2025,09:16:59,49209.95,49196.3,60,49210,30,30,706830
BANKNIFTY-III.NFO,18/03/2025,09:17:00,49196.05,49198.5,60,49210,30,30,706830
BANKNIFTY-III.NFO,18/03/2025,09:17:02,49210,49211.15,60,49216.5,30,30,706830
BANKNIFTY-III.NFO,18/03/2025,09:17:04,49216.5,49220.75,30,49239.95,60,30,706830
BANKNIFTY-III.NFO,18/03/2025,09:17:05,49216.5,49225.9,60,49240,30,0,706830
BANKNIFTY-III.NFO,18/03/2025,09:17:07,49216.5,49228.4,60,49240,30,0,706830
BANKNIFTY-III.NFO,18/03/2025,09:17:09,49216.5,49223.95,60,49240,60,0,706830
BANKNIFTY-III.NFO,18/03/2025,09:17:11,49216.5,49223,60,49239.95,30,0,706830
BANKNIFTY-III.NFO,18/03/2025,09:17:12,49216.5,49220.5,60,49239.95,30,0,706830
BANKNIFTY-III.NFO,18/03/2025,09:17:14,49220.5,49225.8,60,49244.15,60,30,706830
BANKNIFTY-III.NFO,18/03/2025,09:17:14,49220.5,49225.8,60,49244.15,60,0,706830
BANKNIFTY-III.NFO,18/03/2025,09:17:16,49220.5,49227.85,60,49245.9,90,0,706830
BANKNIFTY-III.NFO,18/03/2025,09:17:17,49220.5,49229.45,60,49245.9,90,0,706830
BANKNIFTY-III.NFO,18/03/2025,09:17:19,49220.5,49226.05,60,49245.9,90,0,706830
BANKNIFTY-III.NFO,18/03/2025,09:17:21,49220.5,49228.5,90,49245.95,60,0,706830
BANKNIFTY-III.NFO,18/03/2025,09:17:22,49220.5,49228,90,49245.9,60,0,706830
BANKNIFTY-III.NFO,18/03/2025,09:17:24,49220.5,49229.75,60,49245.95,60,0,706830
BANKNIFTY-III.NFO,18/03/2025,09:17:26,49220.5,49227.85,90,49245.9,60,0,706830
BANKNIFTY-III.NFO,18/03/2025,09:17:27,49220.5,49225.35,60,49245.9,60,0,706830
BANKNIFTY-III.NFO,18/03/2025,09:17:29,49220.5,49226,90,49245.9,60,0,706830
BANKNIFTY-III.NFO,18/03/2025,09:17:31,49220.5,49228.45,90,49245.9,90,0,706830
BANKNIFTY-III.NFO,18/03/2025,09:17:32,49220.5,49235.85,90,49240,30,0,706830
BANKNIFTY-III.NFO,18/03/2025,09:17:34,49240,49235.05,90,49245.95,30,30,706830
BANKNIFTY-III.NFO,18/03/2025,09:17:34,49240,49235.05,90,49245.95,30,0,706830
BANKNIFTY-III.NFO,18/03/2025,09:17:36,49234.4,49227.75,60,49245.9,90,30,706830
BANKNIFTY-III.NFO,18/03/2025,09:17:37,49234.4,49230.95,30,49245.95,60,0,706830
BANKNIFTY-III.NFO,18/03/2025,09:17:39,49234.4,49232.45,30,49245.95,60,0,706830
BANKNIFTY-III.NFO,18/03/2025,09:17:41,49245.95,49231.1,60,49248.95,90,30,706830
BANKNIFTY-III.NFO,18/03/2025,09:17:41,49245.95,49231.1,60,49248.95,90,0,706830
BANKNIFTY-III.NFO,18/03/2025,09:17:42,49245.95,49225.65,30,49248.95,60,0,706830
BANKNIFTY-III.NFO,18/03/2025,09:17:44,49245.95,49226.1,30,49248.85,60,0,706830
BANKNIFTY-III.NFO,18/03/2025,09:17:46,49245.95,49224.4,30,49247.3,60,0,706830
BANKNIFTY-III.NFO,18/03/2025,09:17:47,49245.95,49219.65,30,49245.6,60,0,706830
BANKNIFTY-III.NFO,18/03/2025,09:17:49,49245.95,49219.55,30,49243.4,60,0,706830
BANKNIFTY-III.NFO,18/03/2025,09:17:51,49245.95,49216.55,60,49237.45,60,0,706830
BANKNIFTY-III.NFO,18/03/2025,09:17:52,49237.45,49216.5,30,49236,60,30,706830
BANKNIFTY-III.NFO,18/03/2025,09:17:54,49237.45,49216.55,60,49234.65,60,0,706830
BANKNIFTY-III.NFO,18/03/2025,09:17:57,49237.45,49218.55,60,49237.05,60,0,706830
BANKNIFTY-III.NFO,18/03/2025,09:17:59,49216.55,49216.55,60,49237.05,60,30,706830
BANKNIFTY-III.NFO,18/03/2025,09:18:01,49216.55,49225.3,30,49237.45,30,0,706830
BANKNIFTY-III.NFO,18/03/2025,09:18:02,49216.55,49229.55,60,49237.45,30,0,706830
BANKNIFTY-III.NFO,18/03/2025,09:18:04,49228.9,49223.8,30,49237.45,30,30,706830
BANKNIFTY-III.NFO,18/03/2025,09:18:06,49228.9,49222.4,30,49237.4,30,0,706830
BANKNIFTY-III.NFO,18/03/2025,09:18:07,49222.4,49216.5,30,49237.4,60,30,706830
BANKNIFTY-III.NFO,18/03/2025,09:18:09,49222.4,49221.8,120,49239.95,90,0,706830
BANKNIFTY-III.NFO,18/03/2025,09:18:11,49222.4,49219,120,49239.95,90,0,706830
BANKNIFTY-III.NFO,18/03/2025,09:18:12,49222.4,49218.3,120,49239.95,90,0,706830
BANKNIFTY-III.NFO,18/03/2025,09:18:14,49222.4,49218.15,30,49239.95,90,0,706830
BANKNIFTY-III.NFO,18/03/2025,09:18:16,49222.4,49216.5,60,49239.15,60,0,706830
BANKNIFTY-III.NFO,18/03/2025,09:18:17,49222.4,49216.5,30,49234.15,60,0,706830
BANKNIFTY-III.NFO,18/03/2025,09:18:19,49234.15,49211.35,30,49234.15,60,60,706830
BANKNIFTY-III.NFO,18/03/2025,09:18:21,49234.15,49211.15,30,49234.15,60,0,706830
BANKNIFTY-III.NFO,18/03/2025,09:18:22,49234.15,49211.95,30,49234.15,60,0,706830
BANKNIFTY-III.NFO,18/03/2025,09:18:24,49234.15,49212.5,30,49234.15,60,0,706830
BANKNIFTY-III.NFO,18/03/2025,09:18:26,49234.15,49209.25,60,49231.6,60,0,706830
BANKNIFTY-III.NFO,18/03/2025,09:18:27,49234.15,49209.9,30,49231.6,60,0,706830
BANKNIFTY-III.NFO,18/03/2025,09:18:29,49209.9,49208.45,120,49231.6,60,30,706830
BANKNIFTY-III.NFO,18/03/2025,09:18:30,49209.9,49205.7,30,49230.9,60,0,707430
BANKNIFTY-III.NFO,18/03/2025,09:18:32,49205.7,49206.95,120,49230.9,60,30,707430
BANKNIFTY-III.NFO,18/03/2025,09:18:34,49205.7,49209.4,30,49230.9,60,0,707430
BANKNIFTY-III.NFO,18/03/2025,09:18:37,49209.4,49208.45,120,49229.35,60,30,707430
BANKNIFTY-III.NFO,18/03/2025,09:18:39,49209.4,49207.5,30,49229.35,60,0,707430
BANKNIFTY-III.NFO,18/03/2025,09:18:40,49209.4,49206.05,30,49228.9,60,0,707430
BANKNIFTY-III.NFO,18/03/2025,09:18:42,49208.55,49208.3,90,49209.4,30,60,707430
BANKNIFTY-III.NFO,18/03/2025,09:18:44,49210,49211.4,180,49228.9,60,90,707430
BANKNIFTY-III.NFO,18/03/2025,09:18:45,49210,49208.05,180,49225,60,0,707430
BANKNIFTY-III.NFO,18/03/2025,09:18:47,49210,49209.75,180,49225,60,0,707430
BANKNIFTY-III.NFO,18/03/2025,09:18:48,49210,49210.3,30,49225,60,0,707430
BANKNIFTY-III.NFO,18/03/2025,09:18:50,49210,49210.4,180,49225,60,0,707430
BANKNIFTY-III.NFO,18/03/2025,09:18:52,49210,49212.15,180,49225,30,0,707430
BANKNIFTY-III.NFO,18/03/2025,09:18:53,49210,49211.8,180,49225,30,0,707430
BANKNIFTY-III.NFO,18/03/2025,09:18:55,49210,49214.4,180,49225,30,0,707430
BANKNIFTY-III.NFO,18/03/2025,09:18:57,49210,49215.3,180,49225,30,0,707430
BANKNIFTY-III.NFO,18/03/2025,09:18:58,49210,49215.15,180,49225,30,0,707430
BANKNIFTY-III.NFO,18/03/2025,09:19:00,49210,49204.5,30,49224.95,60,0,707430
BANKNIFTY-III.NFO,18/03/2025,09:19:02,49210,49215.9,60,49225,30,0,707430
BANKNIFTY-III.NFO,18/03/2025,09:19:03,49210,49218.55,180,49225,30,0,707430
BANKNIFTY-III.NFO,18/03/2025,09:19:05,49210,49220.6,180,49225,30,0,707430
BANKNIFTY-III.NFO,18/03/2025,09:19:07,49210,49219.45,30,49225,30,0,707430
BANKNIFTY-III.NFO,18/03/2025,09:19:08,49210,49220.1,180,49225,30,0,707430
BANKNIFTY-III.NFO,18/03/2025,09:19:10,49210,49221.2,180,49225,30,0,707430
BANKNIFTY-III.NFO,18/03/2025,09:19:12,49210,49219.35,180,49225,30,0,707430
BANKNIFTY-III.NFO,18/03/2025,09:19:13,49210,49213.8,180,49225,30,0,707430
BANKNIFTY-III.NFO,18/03/2025,09:19:15,49210,49215.3,60,49225,30,0,707430
BANKNIFTY-III.NFO,18/03/2025,09:19:17,49210,49214.05,150,49225,30,0,707430
BANKNIFTY-III.NFO,18/03/2025,09:19:18,49210,49214.15,60,49225,30,0,707430
BANKNIFTY-III.NFO,18/03/2025,09:19:20,49210,49211.5,180,49225,60,0,707430
BANKNIFTY-III.NFO,18/03/2025,09:19:21,49210.65,49210,210,49224.95,90,30,707430
BANKNIFTY-III.NFO,18/03/2025,09:19:23,49210.65,49210,30,49224.95,90,0,707430
BANKNIFTY-III.NFO,18/03/2025,09:19:28,49210.65,49213,30,49225,60,0,707430
BANKNIFTY-III.NFO,18/03/2025,09:19:30,49210.65,49215.45,60,49225,60,0,707430
BANKNIFTY-III.NFO,18/03/2025,09:19:32,49210.65,49214.55,180,49225,60,0,707430
BANKNIFTY-III.NFO,18/03/2025,09:19:33,49212.65,49212.7,30,49225,60,30,707430
BANKNIFTY-III.NFO,18/03/2025,09:19:35,49212.65,49213.55,150,49225,60,0,707430
BANKNIFTY-III.NFO,18/03/2025,09:19:37,49212.65,49215.3,150,49225,60,0,707430
BANKNIFTY-III.NFO,18/03/2025,09:19:38,49212.65,49214.25,150,49225,60,0,707430
BANKNIFTY-III.NFO,18/03/2025,09:19:40,49212.65,49213.5,150,49225,60,0,707430
BANKNIFTY-III.NFO,18/03/2025,09:19:42,49212.65,49214.55,180,49225,60,0,707430
BANKNIFTY-III.NFO,18/03/2025,09:19:43,49212.65,49210,30,49224.3,60,0,707430
BANKNIFTY-III.NFO,18/03/2025,09:19:45,49212.65,49210,30,49219.95,90,0,707430
BANKNIFTY-III.NFO,18/03/2025,09:19:46,49212.65,49210,30,49219.95,60,0,707430
BANKNIFTY-III.NFO,18/03/2025,09:19:48,49212.65,49210,30,49219.95,90,0,707430
BANKNIFTY-III.NFO,18/03/2025,09:19:50,49212.65,49210,30,49219.95,60,0,707430
BANKNIFTY-III.NFO,18/03/2025,09:19:51,49212.65,49210,30,49219.95,90,0,707430
BANKNIFTY-III.NFO,18/03/2025,09:19:55,49210,49200,30,49219.95,90,30,707430
BANKNIFTY-III.NFO,18/03/2025,09:19:56,49210,49200,30,49218.4,60,0,707430
BANKNIFTY-III.NFO,18/03/2025,09:19:58,49210,49200,30,49218,60,0,707430
BANKNIFTY-III.NFO,18/03/2025,09:19:59,49200,49195.95,180,49217.45,60,30,707430
BANKNIFTY-III.NFO,18/03/2025,09:20:01,49200,49186.9,180,49209.95,60,0,707430
BANKNIFTY-III.NFO,18/03/2025,09:20:03,49200,49185.2,150,49207.85,60,0,707430
BANKNIFTY-III.NFO,18/03/2025,09:20:04,49200,49195,30,49200,60,0,707430
BANKNIFTY-III.NFO,18/03/2025,09:20:06,49195,49193.65,300,49200,60,30,707430
BANKNIFTY-III.NFO,18/03/2025,09:20:08,49195,49184.3,60,49200,90,0,707430
BANKNIFTY-III.NFO,18/03/2025,09:20:09,49195,49189.55,180,49200,90,0,707430
BANKNIFTY-III.NFO,18/03/2025,09:20:11,49200,49190.45,60,49195,60,30,707430
BANKNIFTY-III.NFO,18/03/2025,09:20:13,49195,49195.2,30,49200,60,60,707430
BANKNIFTY-III.NFO,18/03/2025,09:20:14,49195,49194.9,180,49200,60,0,707430
BANKNIFTY-III.NFO,18/03/2025,09:20:16,49195,49194.3,150,49200,60,30,707430
BANKNIFTY-III.NFO,18/03/2025,09:20:18,49200,49198.95,150,49217.05,60,60,707430
BANKNIFTY-III.NFO,18/03/2025,09:20:19,49200,49202.65,300,49218.6,60,0,707430
BANKNIFTY-III.NFO,18/03/2025,09:20:21,49200,49207.8,180,49220,30,0,707430
BANKNIFTY-III.NFO,18/03/2025,09:20:23,49200,49208.85,180,49220,30,0,707430
BANKNIFTY-III.NFO,18/03/2025,09:20:24,49200,49211.95,180,49220,30,0,707430
BANKNIFTY-III.NFO,18/03/2025,09:20:26,49200,49211.8,180,49220,30,0,707430
BANKNIFTY-III.NFO,18/03/2025,09:20:27,49212.65,49213.05,180,49220,30,30,707430
BANKNIFTY-III.NFO,18/03/2025,09:20:29,49212.65,49215.3,180,49220,30,0,707430
BANKNIFTY-III.NFO,18/03/2025,09:20:31,49212.65,49213.5,180,49220,30,0,707430
BANKNIFTY-III.NFO,18/03/2025,09:20:32,49212.65,49214.75,270,49220,30,0,707430
BANKNIFTY-III.NFO,18/03/2025,09:20:34,49212.65,49213.8,180,49220,30,0,707430
BANKNIFTY-III.NFO,18/03/2025,09:20:36,49212.65,49215.25,30,49220,30,0,707430
BANKNIFTY-III.NFO,18/03/2025,09:20:37,49220,49215.9,150,49222,30,30,707430
BANKNIFTY-III.NFO,18/03/2025,09:20:39,49220,49214.6,150,49222,30,0,707430
BANKNIFTY-III.NFO,18/03/2025,09:20:41,49215.05,49212.5,270,49222,30,30,707430
BANKNIFTY-III.NFO,18/03/2025,09:20:42,49215.05,49215.3,270,49222,30,0,707430
BANKNIFTY-III.NFO,18/03/2025,09:20:44,49215.05,49217.25,210,49222,30,0,707430
BANKNIFTY-III.NFO,18/03/2025,09:20:46,49215.05,49212.6,210,49225,150,0,707430
BANKNIFTY-III.NFO,18/03/2025,09:20:47,49215.05,49212.65,210,49225,150,0,707430
BANKNIFTY-III.NFO,18/03/2025,09:20:49,49215.05,49216.1,150,49225,150,0,707430
BANKNIFTY-III.NFO,18/03/2025,09:20:51,49215.05,49205.35,210,49224.95,90,0,707430
BANKNIFTY-III.NFO,18/03/2025,09:20:52,49215.05,49204.9,210,49224.8,60,0,707430
BANKNIFTY-III.NFO,18/03/2025,09:20:54,49207.6,49206.1,180,49215.05,30,90,707430
BANKNIFTY-III.NFO,18/03/2025,09:20:56,49207.6,49205,210,49215.05,30,0,707430
BANKNIFTY-III.NFO,18/03/2025,09:20:57,49207.6,49198.75,180,49215,90,0,707430
BANKNIFTY-III.NFO,18/03/2025,09:20:59,49207.6,49199.9,210,49215,90,0,707430
BANKNIFTY-III.NFO,18/03/2025,09:21:00,49207.6,49198.9,60,49215,90,0,707430
BANKNIFTY-III.NFO,18/03/2025,09:21:02,49207.6,49200,30,49215,90,0,707430
BANKNIFTY-III.NFO,18/03/2025,09:21:04,49207.6,49204.2,210,49215.05,30,0,707430
BANKNIFTY-III.NFO,18/03/2025,09:21:05,49207.6,49204.2,60,49212,60,0,707430
BANKNIFTY-III.NFO,18/03/2025,09:21:07,49207.6,49203.25,270,49212,60,0,707430
BANKNIFTY-III.NFO,18/03/2025,09:21:09,49203.4,49200,30,49211.95,90,30,707430
BANKNIFTY-III.NFO,18/03/2025,09:21:10,49200,49195.25,150,49211.95,90,30,707430
BANKNIFTY-III.NFO,18/03/2025,09:21:12,49200,49197.2,180,49211.95,90,0,707430
BANKNIFTY-III.NFO,18/03/2025,09:21:14,49200,49200.95,180,49212,60,0,707430
BANKNIFTY-III.NFO,18/03/2025,09:21:15,49202.7,49202.1,270,49212,60,30,707430
BANKNIFTY-III.NFO,18/03/2025,09:21:17,49202.7,49202.8,270,49212,60,0,707430
BANKNIFTY-III.NFO,18/03/2025,09:21:18,49202.7,49207.2,60,49212,60,0,707430
BANKNIFTY-III.NFO,18/03/2025,09:21:20,49207.2,49203.4,210,49215,30,60,707430
BANKNIFTY-III.NFO,18/03/2025,09:21:22,49207.2,49202.2,210,49214.95,90,0,707430
BANKNIFTY-III.NFO,18/03/2025,09:21:23,49207.2,49201.45,210,49214.95,90,0,707430
BANKNIFTY-III.NFO,18/03/2025,09:21:25,49207.2,49203.5,150,49215,30,0,707430
BANKNIFTY-III.NFO,18/03/2025,09:21:26,49207.2,49206,210,49215,30,0,707430
BANKNIFTY-III.NFO,18/03/2025,09:21:28,49207.2,49209.25,210,49215,30,0,707430
BANKNIFTY-III.NFO,18/03/2025,09:21:30,49207.2,49206,150,49215,30,0,707430
BANKNIFTY-III.NFO,18/03/2025,09:21:31,49207.2,49208.85,210,49215,30,0,707430
BANKNIFTY-III.NFO,18/03/2025,09:21:33,49207.2,49207.95,210,49210,180,0,707430
BANKNIFTY-III.NFO,18/03/2025,09:21:35,49207.2,49208.15,210,49210,180,0,707430
BANKNIFTY-III.NFO,18/03/2025,09:21:36,49210,49210.05,30,49215,60,180,707880
BANKNIFTY-III.NFO,18/03/2025,09:21:38,49210,49209.65,30,49215,60,0,707880
BANKNIFTY-III.NFO,18/03/2025,09:21:40,49210,49208.4,30,49215,30,0,707880
BANKNIFTY-III.NFO,18/03/2025,09:21:41,49208.4,49210.65,150,49215,30,30,707880
BANKNIFTY-III.NFO,18/03/2025,09:21:43,49210.95,49211.05,120,49215,30,30,707880
BANKNIFTY-III.NFO,18/03/2025,09:21:45,49210.95,49211.6,120,49215,30,0,707880
BANKNIFTY-III.NFO,18/03/2025,09:21:46,49210.95,49214.25,120,49215,30,0,707880
BANKNIFTY-III.NFO,18/03/2025,09:21:48,49210.95,49213.35,120,49215,30,0,707880
BANKNIFTY-III.NFO,18/03/2025,09:21:50,49210.95,49211.05,120,49215,30,0,707880
BANKNIFTY-III.NFO,18/03/2025,09:21:51,49210.95,49213.8,120,49215,30,0,707880
BANKNIFTY-III.NFO,18/03/2025,09:21:53,49210.95,49213.2,120,49215,30,0,707880
BANKNIFTY-III.NFO,18/03/2025,09:21:55,49210.95,49213.7,120,49215,30,0,707880
BANKNIFTY-III.NFO,18/03/2025,09:21:56,49215,49214.95,90,49220,60,30,707880
BANKNIFTY-III.NFO,18/03/2025,09:21:58,49215,49215.85,90,49220,60,0,707880
BANKNIFTY-III.NFO,18/03/2025,09:22:00,49215.85,49213.45,90,49220,60,30,707880
BANKNIFTY-III.NFO,18/03/2025,09:22:01,49215.85,49214.05,90,49220,60,0,707880
BANKNIFTY-III.NFO,18/03/2025,09:22:03,49220,49215.85,30,49222,30,60,707880
BANKNIFTY-III.NFO,18/03/2025,09:22:05,49220,49220.8,30,49222,30,0,707880
BANKNIFTY-III.NFO,18/03/2025,09:22:06,49220,49218.5,30,49222,30,0,707880
BANKNIFTY-III.NFO,18/03/2025,09:22:08,49220,49219,30,49222,30,0,707880
BANKNIFTY-III.NFO,18/03/2025,09:22:10,49220,49221.3,30,49222,30,0,707880
BANKNIFTY-III.NFO,18/03/2025,09:22:11,49222,49218.9,150,49225,60,30,707880
BANKNIFTY-III.NFO,18/03/2025,09:22:13,49222,49223.75,150,49225,60,0,707880
BANKNIFTY-III.NFO,18/03/2025,09:22:15,49222,49222.6,150,49225,60,0,707880
BANKNIFTY-III.NFO,18/03/2025,09:22:16,49222,49215.95,150,49225,60,0,707880
BANKNIFTY-III.NFO,18/03/2025,09:22:18,49222,49210,60,49224.95,90,0,707880
BANKNIFTY-III.NFO,18/03/2025,09:22:23,49222,49211.35,150,49224.95,60,0,707880
BANKNIFTY-III.NFO,18/03/2025,09:22:25,49222,49210.1,150,49224.95,90,0,707880
BANKNIFTY-III.NFO,18/03/2025,09:22:26,49222,49212.25,150,49224.95,60,0,707880
BANKNIFTY-III.NFO,18/03/2025,09:22:28,49222,49210.95,150,49224.95,90,0,707880
BANKNIFTY-III.NFO,18/03/2025,09:22:30,49222,49214.75,150,49225,60,0,707880
BANKNIFTY-III.NFO,18/03/2025,09:22:31,49222,49218.25,150,49222,30,0,707880
BANKNIFTY-III.NFO,18/03/2025,09:22:33,49222,49221.8,150,49225,60,30,707880
BANKNIFTY-III.NFO,18/03/2025,09:22:35,49222,49219.6,30,49225,60,0,707880
BANKNIFTY-III.NFO,18/03/2025,09:22:36,49222,49220.3,150,49225,60,0,707880
BANKNIFTY-III.NFO,18/03/2025,09:22:38,49222,49222.3,150,49225,60,0,707880
BANKNIFTY-III.NFO,18/03/2025,09:22:40,49222,49223.15,150,49225,60,0,707880
BANKNIFTY-III.NFO,18/03/2025,09:22:41,49222,49223.55,150,49225,60,0,707880
BANKNIFTY-III.NFO,18/03/2025,09:22:43,49223.8,49224,150,49229,60,90,707880
BANKNIFTY-III.NFO,18/03/2025,09:22:44,49223.8,49222,150,49229,60,0,707880
BANKNIFTY-III.NFO,18/03/2025,09:22:46,49223.8,49214.1,150,49228.95,90,0,707880
BANKNIFTY-III.NFO,18/03/2025,09:22:48,49223.8,49212.65,150,49228.95,90,0,707880
BANKNIFTY-III.NFO,18/03/2025,09:22:49,49223.8,49216.7,150,49229,60,0,707880
BANKNIFTY-III.NFO,18/03/2025,09:22:51,49223.8,49218,150,49229,60,0,707880
BANKNIFTY-III.NFO,18/03/2025,09:22:53,49223.8,49216.9,150,49229,60,0,707880
BANKNIFTY-III.NFO,18/03/2025,09:22:54,49223.8,49215.7,150,49228.95,90,0,707880
BANKNIFTY-III.NFO,18/03/2025,09:22:56,49223.8,49218.95,300,49229,60,0,707880
BANKNIFTY-III.NFO,18/03/2025,09:22:58,49223.8,49223.35,150,49229,90,0,707880
BANKNIFTY-III.NFO,18/03/2025,09:22:59,49223.8,49221.8,150,49229,90,0,707880
BANKNIFTY-III.NFO,18/03/2025,09:23:01,49223.8,49224.4,150,49229,90,0,707880
BANKNIFTY-III.NFO,18/03/2025,09:23:02,49223.8,49228.35,150,49229,90,0,707880
BANKNIFTY-III.NFO,18/03/2025,09:23:04,49229,49225.15,150,49230,150,90,707880
BANKNIFTY-III.NFO,18/03/2025,09:23:06,49229,49226.1,150,49230,150,0,707880
BANKNIFTY-III.NFO,18/03/2025,09:23:07,49229,49227.6,150,49230,150,0,707880
BANKNIFTY-III.NFO,18/03/2025,09:23:09,49229,49228.3,150,49230,150,0,707880
BANKNIFTY-III.NFO,18/03/2025,09:23:11,49229,49229,30,49230,150,0,707880
BANKNIFTY-III.NFO,18/03/2025,09:23:12,49235,49238.1,150,49240,60,180,707880
BANKNIFTY-III.NFO,18/03/2025,09:23:14,49240,49241.15,90,49245,30,60,707880
BANKNIFTY-III.NFO,18/03/2025,09:23:16,49245,49243.9,90,49249,120,30,707880
BANKNIFTY-III.NFO,18/03/2025,09:23:17,49245,49245.15,90,49249,120,0,707880
BANKNIFTY-III.NFO,18/03/2025,09:23:19,49245,49243.75,90,49249,120,0,707880
BANKNIFTY-III.NFO,18/03/2025,09:23:20,49250,49250.75,150,49260,30,360,707880
BANKNIFTY-III.NFO,18/03/2025,09:23:20,49250,49250.75,150,49260,30,0,707880
BANKNIFTY-III.NFO,18/03/2025,09:23:22,49250,49255.05,30,49260,30,0,707880
BANKNIFTY-III.NFO,18/03/2025,09:23:24,49250,49255.65,150,49260,30,0,707880
BANKNIFTY-III.NFO,18/03/2025,09:23:25,49250,49250.1,30,49260,30,0,707880
BANKNIFTY-III.NFO,18/03/2025,09:23:27,49250,49250.35,30,49260,30,0,707880
BANKNIFTY-III.NFO,18/03/2025,09:23:29,49250,49253.45,300,49260,30,0,707880
BANKNIFTY-III.NFO,18/03/2025,09:23:30,49250,49250.85,60,49260,30,0,707880
BANKNIFTY-III.NFO,18/03/2025,09:23:32,49250,49245.5,60,49259.95,90,30,707880
BANKNIFTY-III.NFO,18/03/2025,09:23:34,49250,49247.9,30,49260,60,30,707880
BANKNIFTY-III.NFO,18/03/2025,09:23:35,49250,49253,150,49260,60,0,707880
BANKNIFTY-III.NFO,18/03/2025,09:23:37,49250,49252.55,150,49260,60,0,707880
BANKNIFTY-III.NFO,18/03/2025,09:23:39,49250,49252,60,49260,60,0,707880
BANKNIFTY-III.NFO,18/03/2025,09:23:40,49250,49249.2,150,49260,60,0,707880
BANKNIFTY-III.NFO,18/03/2025,09:23:42,49250,49250.15,60,49260,60,0,707880
BANKNIFTY-III.NFO,18/03/2025,09:23:44,49250,49248.9,60,49260,60,0,707880
BANKNIFTY-III.NFO,18/03/2025,09:23:45,49250,49249.95,150,49260,60,0,707880
BANKNIFTY-III.NFO,18/03/2025,09:23:47,49250,49253.1,150,49260,60,0,707880
BANKNIFTY-III.NFO,18/03/2025,09:23:49,49250,49252.5,150,49260,60,0,707880
BANKNIFTY-III.NFO,18/03/2025,09:23:50,49250,49253.6,150,49260,60,0,707880
BANKNIFTY-III.NFO,18/03/2025,09:23:54,49250,49255.5,150,49260,60,0,707880
BANKNIFTY-III.NFO,18/03/2025,09:23:56,49250,49256.85,150,49260,60,0,707880
BANKNIFTY-III.NFO,18/03/2025,09:23:57,49260,49260,30,49268,30,60,707880
BANKNIFTY-III.NFO,18/03/2025,09:23:57,49260,49260,30,49268,30,0,707880
BANKNIFTY-III.NFO,18/03/2025,09:23:59,49260,49260,30,49268,30,0,707880
BANKNIFTY-III.NFO,18/03/2025,09:24:01,49260,49260,30,49267.95,60,0,707880
BANKNIFTY-III.NFO,18/03/2025,09:24:04,49260,49260,30,49268,30,0,707880
BANKNIFTY-III.NFO,18/03/2025,09:24:09,49268,49259.2,150,49275.2,90,30,707880
BANKNIFTY-III.NFO,18/03/2025,09:24:09,49268,49259.2,150,49275.2,90,0,707880
BANKNIFTY-III.NFO,18/03/2025,09:24:11,49268,49266.35,150,49282.9,90,0,707880
BANKNIFTY-III.NFO,18/03/2025,09:24:12,49268,49262.1,150,49281.65,90,0,707880
BANKNIFTY-III.NFO,18/03/2025,09:24:14,49268,49259.3,150,49279.7,90,0,707880
BANKNIFTY-III.NFO,18/03/2025,09:24:16,49263.7,49261.4,150,49268,30,30,707880
BANKNIFTY-III.NFO,18/03/2025,09:24:17,49263.7,49263.3,150,49268,30,0,707880
BANKNIFTY-III.NFO,18/03/2025,09:24:19,49268,49268.9,90,49284.1,90,30,707880
BANKNIFTY-III.NFO,18/03/2025,09:24:21,49268,49262.95,90,49283.6,90,0,707880
BANKNIFTY-III.NFO,18/03/2025,09:24:22,49268,49268.35,150,49283.15,90,0,707880
BANKNIFTY-III.NFO,18/03/2025,09:24:24,49268,49271.05,90,49284.8,90,0,707880
BANKNIFTY-III.NFO,18/03/2025,09:24:26,49268,49265.45,150,49286.25,90,0,707880
BANKNIFTY-III.NFO,18/03/2025,09:24:27,49268,49265.15,150,49284.75,60,0,707880
BANKNIFTY-III.NFO,18/03/2025,09:24:29,49268,49266.25,150,49284.75,60,0,707880
BANKNIFTY-III.NFO,18/03/2025,09:24:31,49266.2,49267.55,90,49284.75,60,30,708630
BANKNIFTY-III.NFO,18/03/2025,09:24:32,49266.2,49266.2,60,49284.75,60,0,708630
BANKNIFTY-III.NFO,18/03/2025,09:24:34,49266.2,49266.2,150,49284.75,60,0,708630
BANKNIFTY-III.NFO,18/03/2025,09:24:36,49266.2,49274.45,150,49290.7,60,0,708630
BANKNIFTY-III.NFO,18/03/2025,09:24:37,49266.2,49274.25,90,49291.4,60,0,708630
BANKNIFTY-III.NFO,18/03/2025,09:24:39,49266.2,49272.05,90,49291.4,60,0,708630
BANKNIFTY-III.NFO,18/03/2025,09:24:41,49266.2,49271.85,150,49290.05,60,0,708630
BANKNIFTY-III.NFO,18/03/2025,09:24:42,49266.2,49269.65,150,49290.05,60,0,708630
BANKNIFTY-III.NFO,18/03/2025,09:24:44,49266.2,49271.4,90,49289.35,60,0,708630
BANKNIFTY-III.NFO,18/03/2025,09:24:46,49266.2,49272.6,150,49290,60,0,708630
BANKNIFTY-III.NFO,18/03/2025,09:24:47,49266.2,49275.8,300,49291.95,60,0,708630
BANKNIFTY-III.NFO,18/03/2025,09:24:49,49275.3,49275.3,60,49292.7,60,30,708630
BANKNIFTY-III.NFO,18/03/2025,09:24:49,49275.3,49275.3,60,49292.7,60,0,708630
BANKNIFTY-III.NFO,18/03/2025,09:24:51,49275.3,49278.55,30,49293.95,90,30,708630
BANKNIFTY-III.NFO,18/03/2025,09:24:52,49275.3,49275.85,30,49292.8,60,0,708630
BANKNIFTY-III.NFO,18/03/2025,09:24:54,49275.3,49277.2,150,49293.95,30,0,708630
BANKNIFTY-III.NFO,18/03/2025,09:24:56,49275.3,49275.55,30,49292.7,60,0,708630
BANKNIFTY-III.NFO,18/03/2025,09:24:57,49275.3,49278.5,300,49293.2,90,0,708630
BANKNIFTY-III.NFO,18/03/2025,09:24:59,49275.3,49282.1,30,49294,30,0,708630
BANKNIFTY-III.NFO,18/03/2025,09:25:01,49275.3,49271.9,150,49293.95,90,0,708630
BANKNIFTY-III.NFO,18/03/2025,09:25:02,49275.3,49272.5,120,49291.4,60,0,708630
BANKNIFTY-III.NFO,18/03/2025,09:25:04,49275.3,49277.4,150,49293.95,30,0,708630
BANKNIFTY-III.NFO,18/03/2025,09:25:06,49275.3,49279.4,120,49293.95,90,0,708630
BANKNIFTY-III.NFO,18/03/2025,09:25:09,49275.3,49280.65,120,49294,60,0,708630
BANKNIFTY-III.NFO,18/03/2025,09:25:11,49275.3,49281.85,120,49294,30,0,708630
BANKNIFTY-III.NFO,18/03/2025,09:25:12,49275.3,49282.4,150,49294,30,0,708630
BANKNIFTY-III.NFO,18/03/2025,09:25:14,49275.3,49280.1,120,49294,60,0,708630
BANKNIFTY-III.NFO,18/03/2025,09:25:16,49275.3,49284.1,150,49294,30,0,708630
BANKNIFTY-III.NFO,18/03/2025,09:25:17,49275.3,49286.65,300,49294,30,0,708630
BANKNIFTY-III.NFO,18/03/2025,09:25:19,49275.3,49287.1,120,49294,30,0,708630
BANKNIFTY-III.NFO,18/03/2025,09:25:21,49298.7,49286.3,90,49298.7,30,180,708630
BANKNIFTY-III.NFO,18/03/2025,09:25:21,49298.7,49286.3,90,49298.7,30,0,708630
BANKNIFTY-III.NFO,18/03/2025,09:25:22,49298.7,49288.35,120,49298.7,30,0,708630
BANKNIFTY-III.NFO,18/03/2025,09:25:24,49298.7,49289.9,120,49298.7,30,0,708630
BANKNIFTY-III.NFO,18/03/2025,09:25:26,49298.7,49288.45,120,49298.7,30,0,708630
BANKNIFTY-III.NFO,18/03/2025,09:25:27,49298.7,49291.35,180,49298.7,30,0,708630
BANKNIFTY-III.NFO,18/03/2025,09:25:29,49298.7,49294.55,300,49298.7,30,0,708630
BANKNIFTY-III.NFO,18/03/2025,09:25:31,49298.7,49294,120,49298.7,30,0,708630
BANKNIFTY-III.NFO,18/03/2025,09:25:32,49298.7,49294.6,120,49298.7,30,0,708630
BANKNIFTY-III.NFO,18/03/2025,09:25:34,49298.75,49295,150,49298.75,30,150,708630
BANKNIFTY-III.NFO,18/03/2025,09:25:34,49298.75,49295,150,49298.75,30,0,708630
BANKNIFTY-III.NFO,18/03/2025,09:25:36,49298.75,49293.75,120,49298.75,30,0,708630
BANKNIFTY-III.NFO,18/03/2025,09:25:37,49298.75,49293.5,120,49298.75,30,0,708630
BANKNIFTY-III.NFO,18/03/2025,09:25:39,49298.75,49293.65,120,49298.75,30,0,708630
BANKNIFTY-III.NFO,18/03/2025,09:25:41,49299.5,49290.25,300,49299.9,30,180,708630
BANKNIFTY-III.NFO,18/03/2025,09:25:41,49299.5,49290.25,300,49299.9,30,0,708630
BANKNIFTY-III.NFO,18/03/2025,09:25:42,49299.5,49293.45,120,49299.9,30,0,708630
BANKNIFTY-III.NFO,18/03/2025,09:25:44,49299.9,49298.15,120,49300,720,30,708630
BANKNIFTY-III.NFO,18/03/2025,09:25:44,49299.9,49298.15,120,49300,720,0,708630
BANKNIFTY-III.NFO,18/03/2025,09:25:46,49300,49300.95,300,49317.55,90,720,708630
BANKNIFTY-III.NFO,18/03/2025,09:25:46,49300,49300.95,300,49317.55,90,0,708630
BANKNIFTY-III.NFO,18/03/2025,09:25:47,49300,49302.65,150,49317.55,90,0,708630
BANKNIFTY-III.NFO,18/03/2025,09:25:49,49300,49305.65,300,49317.6,30,0,708630
BANKNIFTY-III.NFO,18/03/2025,09:25:51,49300,49309.45,150,49317.6,30,0,708630
BANKNIFTY-III.NFO,18/03/2025,09:25:52,49320,49311.85,300,49320.95,30,150,708630
BANKNIFTY-III.NFO,18/03/2025,09:25:52,49320,49311.85,300,49320.95,30,0,708630
BANKNIFTY-III.NFO,18/03/2025,09:25:54,49320,49310.35,150,49320.95,30,0,708630
BANKNIFTY-III.NFO,18/03/2025,09:25:56,49320,49312.4,150,49320.95,30,0,708630
BANKNIFTY-III.NFO,18/03/2025,09:25:57,49320,49315.85,150,49320.95,30,0,708630
BANKNIFTY-III.NFO,18/03/2025,09:25:59,49320,49317.7,150,49322.4,30,0,708630
BANKNIFTY-III.NFO,18/03/2025,09:26:01,49322.4,49321.7,60,49330.95,30,30,708630
BANKNIFTY-III.NFO,18/03/2025,09:26:01,49322.4,49321.7,60,49330.95,30,0,708630
BANKNIFTY-III.NFO,18/03/2025,09:26:02,49330.95,49325,150,49335.3,30,30,708630
BANKNIFTY-III.NFO,18/03/2025,09:26:02,49330.95,49325,150,49335.3,30,0,708630
BANKNIFTY-III.NFO,18/03/2025,09:26:04,49325.05,49325.95,30,49335.3,30,30,708630
BANKNIFTY-III.NFO,18/03/2025,09:26:06,49325.05,49325,150,49335.25,60,0,708630
BANKNIFTY-III.NFO,18/03/2025,09:26:07,49325.05,49325,150,49335.2,60,0,708630
BANKNIFTY-III.NFO,18/03/2025,09:26:09,49327.55,49309.95,150,49327.85,30,150,708630
BANKNIFTY-III.NFO,18/03/2025,09:26:11,49327.55,49308.85,150,49329.95,30,0,708630
BANKNIFTY-III.NFO,18/03/2025,09:26:12,49327.55,49308.45,60,49329.95,30,0,708630
BANKNIFTY-III.NFO,18/03/2025,09:26:14,49327.55,49311.8,60,49329.95,30,0,708630
BANKNIFTY-III.NFO,18/03/2025,09:26:16,49327.55,49307.35,60,49328.2,30,0,708630
BANKNIFTY-III.NFO,18/03/2025,09:26:17,49327.55,49309.85,60,49328.2,30,0,708630
BANKNIFTY-III.NFO,18/03/2025,09:26:19,49307.5,49307.5,60,49328,60,30,708630
BANKNIFTY-III.NFO,18/03/2025,09:26:21,49307.5,49311.35,60,49328,60,0,708630
BANKNIFTY-III.NFO,18/03/2025,09:26:22,49307.5,49313.05,60,49329.95,90,0,708630
BANKNIFTY-III.NFO,18/03/2025,09:26:24,49307.5,49314.85,60,49329.95,90,0,708630
BANKNIFTY-III.NFO,18/03/2025,09:26:27,49307.5,49313.45,60,49329.95,90,0,708630
BANKNIFTY-III.NFO,18/03/2025,09:26:29,49307.5,49311.4,60,49329.95,90,0,708630
BANKNIFTY-III.NFO,18/03/2025,09:26:32,49310.7,49310.15,30,49329.95,90,120,708630
BANKNIFTY-III.NFO,18/03/2025,09:26:34,49310.7,49310.15,30,49328.45,60,0,708630
BANKNIFTY-III.NFO,18/03/2025,09:26:39,49310.15,49305.1,150,49326.75,60,30,708630
BANKNIFTY-III.NFO,18/03/2025,09:26:41,49310.15,49303.6,30,49310.7,150,0,708630
BANKNIFTY-III.NFO,18/03/2025,09:26:42,49310.7,49304.45,30,49310.7,120,30,708630
BANKNIFTY-III.NFO,18/03/2025,09:26:44,49310.7,49303.85,150,49310.7,90,30,708630
BANKNIFTY-III.NFO,18/03/2025,09:26:46,49310.7,49302.5,30,49310.7,90,0,708630
BANKNIFTY-III.NFO,18/03/2025,09:26:47,49310.7,49303.7,180,49310.7,90,0,708630
BANKNIFTY-III.NFO,18/03/2025,09:26:49,49310.7,49300.7,150,49310.7,90,0,708630
BANKNIFTY-III.NFO,18/03/2025,09:26:51,49310.7,49300,30,49310.7,90,0,708630
BANKNIFTY-III.NFO,18/03/2025,09:26:52,49310.7,49300,30,49310.65,60,0,708630
BANKNIFTY-III.NFO,18/03/2025,09:26:54,49310.7,49300,30,49310.1,60,0,708630
BANKNIFTY-III.NFO,18/03/2025,09:26:56,49310.7,49300,30,49309.15,60,0,708630
BANKNIFTY-III.NFO,18/03/2025,09:26:57,49310.7,49300,30,49308.4,60,0,708630
BANKNIFTY-III.NFO,18/03/2025,09:26:59,49310.7,49300,30,49309.95,30,0,708630
BANKNIFTY-III.NFO,18/03/2025,09:27:01,49310.7,49300,30,49309.95,60,0,708630
BANKNIFTY-III.NFO,18/03/2025,09:27:02,49300,49291.65,30,49300,300,30,708630
BANKNIFTY-III.NFO,18/03/2025,09:27:04,49300,49287.95,30,49300,300,30,708630
BANKNIFTY-III.NFO,18/03/2025,09:27:06,49300,49281.55,150,49299.95,60,0,708630
BANKNIFTY-III.NFO,18/03/2025,09:27:07,49300,49281.6,30,49299.95,60,0,708630
BANKNIFTY-III.NFO,18/03/2025,09:27:09,49300,49280.95,30,49299.95,60,0,708630
BANKNIFTY-III.NFO,18/03/2025,09:27:11,49300,49279,30,49299.65,90,0,708630
BANKNIFTY-III.NFO,18/03/2025,09:27:12,49300,49275.3,30,49293.9,90,0,708630
BANKNIFTY-III.NFO,18/03/2025,09:27:14,49300,49275.3,30,49293,180,0,708630
BANKNIFTY-III.NFO,18/03/2025,09:27:16,49300,49275.7,30,49293,60,0,708630
BANKNIFTY-III.NFO,18/03/2025,09:27:17,49300,49275.3,30,49293,60,0,708630
BANKNIFTY-III.NFO,18/03/2025,09:27:19,49300,49278.6,30,49294.2,60,0,708630
BANKNIFTY-III.NFO,18/03/2025,09:27:21,49300,49283.75,30,49299.25,60,0,708630
BANKNIFTY-III.NFO,18/03/2025,09:27:22,49300,49285.4,30,49299.95,60,0,708630
BANKNIFTY-III.NFO,18/03/2025,09:27:24,49300,49282,30,49299.95,90,0,708630
BANKNIFTY-III.NFO,18/03/2025,09:27:26,49300,49275.95,150,49298.65,60,0,708630
BANKNIFTY-III.NFO,18/03/2025,09:27:27,49300,49283.65,30,49299.95,90,0,708630
BANKNIFTY-III.NFO,18/03/2025,09:27:29,49300,49282.8,60,49299.95,60,150,708900
BANKNIFTY-III.NFO,18/03/2025,09:27:31,49300,49283.05,90,49299.95,60,0,708900
BANKNIFTY-III.NFO,18/03/2025,09:27:32,49300,49278.9,90,49299.95,60,0,708900
BANKNIFTY-III.NFO,18/03/2025,09:27:34,49280,49276.75,60,49280,60,120,708900
BANKNIFTY-III.NFO,18/03/2025,09:27:36,49280,49279.25,90,49298.35,60,60,708900
BANKNIFTY-III.NFO,18/03/2025,09:27:37,49280,49281.5,90,49299.95,60,0,708900
BANKNIFTY-III.NFO,18/03/2025,09:27:39,49281.5,49281.7,120,49299.95,60,60,708900
BANKNIFTY-III.NFO,18/03/2025,09:27:41,49282,49280.85,30,49299.95,60,60,708900
BANKNIFTY-III.NFO,18/03/2025,09:27:42,49282,49280.15,30,49299.95,60,0,708900
BANKNIFTY-III.NFO,18/03/2025,09:27:44,49282,49282.75,150,49299.95,90,0,708900
BANKNIFTY-III.NFO,18/03/2025,09:27:46,49282,49286.95,30,49300,120,0,708900
BANKNIFTY-III.NFO,18/03/2025,09:27:47,49282,49289.6,30,49300,120,0,708900
BANKNIFTY-III.NFO,18/03/2025,09:27:49,49300,49293.6,150,49300,90,30,708900
BANKNIFTY-III.NFO,18/03/2025,09:27:51,49300,49295.8,30,49300,90,0,708900
BANKNIFTY-III.NFO,18/03/2025,09:27:52,49300,49299.35,150,49300,90,0,708900
BANKNIFTY-III.NFO,18/03/2025,09:27:54,49300,49299.3,30,49304.1,30,90,708900
BANKNIFTY-III.NFO,18/03/2025,09:27:56,49297.9,49297.9,90,49304.1,30,30,708900
BANKNIFTY-III.NFO,18/03/2025,09:27:57,49297.9,49298.85,30,49304.1,30,0,708900
BANKNIFTY-III.NFO,18/03/2025,09:27:59,49304.1,49307.2,30,49309.45,30,30,708900
BANKNIFTY-III.NFO,18/03/2025,09:28:01,49309.45,49308.7,60,49328.45,60,30,708900
BANKNIFTY-III.NFO,18/03/2025,09:28:02,49309.45,49309.85,30,49328.45,60,0,708900
BANKNIFTY-III.NFO,18/03/2025,09:28:04,49309.45,49309.45,30,49325.9,60,0,708900
BANKNIFTY-III.NFO,18/03/2025,09:28:06,49309.45,49309.45,30,49325.25,60,0,708900
BANKNIFTY-III.NFO,18/03/2025,09:28:09,49309.45,49309.45,30,49323.7,60,0,708900
BANKNIFTY-III.NFO,18/03/2025,09:28:12,49309.45,49309.45,30,49322.2,60,0,708900
BANKNIFTY-III.NFO,18/03/2025,09:28:19,49309.45,49301.65,60,49322.2,60,30,708900
BANKNIFTY-III.NFO,18/03/2025,09:28:21,49309.45,49300.25,30,49320.25,60,0,708900
BANKNIFTY-III.NFO,18/03/2025,09:28:22,49309.45,49302.2,30,49320.25,60,0,708900
BANKNIFTY-III.NFO,18/03/2025,09:28:24,49309.45,49302.2,30,49319.6,60,0,708900
BANKNIFTY-III.NFO,18/03/2025,09:28:27,49309.45,49302.2,30,49318.6,60,0,708900
BANKNIFTY-III.NFO,18/03/2025,09:28:32,49309.45,49302.25,60,49319.55,60,0,708900
BANKNIFTY-III.NFO,18/03/2025,09:28:34,49309.45,49303.7,60,49320.15,60,0,708900
BANKNIFTY-III.NFO,18/03/2025,09:28:36,49309.45,49302.6,60,49320.15,60,0,708900
BANKNIFTY-III.NFO,18/03/2025,09:28:37,49309.45,49302.8,60,49320.15,60,0,708900
BANKNIFTY-III.NFO,18/03/2025,09:28:39,49309.45,49302.25,60,49320.15,60,0,708900
BANKNIFTY-III.NFO,18/03/2025,09:28:41,49309.45,49302.85,60,49320.1,60,0,708900
BANKNIFTY-III.NFO,18/03/2025,09:28:42,49309.45,49303.95,60,49323.7,60,0,708900
BANKNIFTY-III.NFO,18/03/2025,09:28:44,49309.45,49302.2,30,49323.7,60,0,708900
BANKNIFTY-III.NFO,18/03/2025,09:28:46,49309.45,49302.2,30,49320.6,60,0,708900
BANKNIFTY-III.NFO,18/03/2025,09:28:47,49309.45,49304.05,60,49320.6,60,0,708900
BANKNIFTY-III.NFO,18/03/2025,09:28:49,49309.45,49302.35,60,49309.45,120,0,708900
BANKNIFTY-III.NFO,18/03/2025,09:28:51,49309.45,49304.95,30,49309.45,90,30,708900
BANKNIFTY-III.NFO,18/03/2025,09:28:52,49309.45,49303.75,60,49309.45,90,0,708900
BANKNIFTY-III.NFO,18/03/2025,09:28:54,49309.45,49302.2,30,49309.45,90,0,708900
BANKNIFTY-III.NFO,18/03/2025,09:28:59,49309.45,49304.7,60,49309.45,90,0,708900
BANKNIFTY-III.NFO,18/03/2025,09:29:01,49302.2,49300,30,49309.45,90,30,708900
BANKNIFTY-III.NFO,18/03/2025,09:29:02,49309.45,49301.4,60,49309.45,60,30,708900
BANKNIFTY-III.NFO,18/03/2025,09:29:04,49309.45,49303.1,30,49309.45,60,0,708900
BANKNIFTY-III.NFO,18/03/2025,09:29:05,49309.45,49305.5,30,49309.45,120,0,708900
BANKNIFTY-III.NFO,18/03/2025,09:29:07,49309.45,49305.15,90,49309.45,120,0,708900
BANKNIFTY-III.NFO,18/03/2025,09:29:09,49309.45,49306.6,60,49323.7,60,120,708900
BANKNIFTY-III.NFO,18/03/2025,09:29:10,49309.45,49305.6,60,49323.7,60,0,708900
BANKNIFTY-III.NFO,18/03/2025,09:29:12,49309.45,49307.05,300,49324.35,60,0,708900
BANKNIFTY-III.NFO,18/03/2025,09:29:14,49309.45,49305.35,60,49324.9,60,0,708900
BANKNIFTY-III.NFO,18/03/2025,09:29:15,49309.45,49307.2,30,49324.9,60,0,708900
BANKNIFTY-III.NFO,18/03/2025,09:29:17,49309.45,49308.45,60,49324.9,60,0,708900
BANKNIFTY-III.NFO,18/03/2025,09:29:19,49308.45,49310.5,30,49326.25,60,30,708900
BANKNIFTY-III.NFO,18/03/2025,09:29:20,49308.45,49305.85,30,49326.25,60,0,708900
BANKNIFTY-III.NFO,18/03/2025,09:29:22,49308.45,49302.7,30,49323.3,60,0,708900
BANKNIFTY-III.NFO,18/03/2025,09:29:24,49308.45,49300.6,30,49320.7,60,0,708900
BANKNIFTY-III.NFO,18/03/2025,09:29:25,49320.7,49300.1,30,49320.7,60,30,708900
BANKNIFTY-III.NFO,18/03/2025,09:29:27,49320.7,49300.45,30,49308,30,0,708900
BANKNIFTY-III.NFO,18/03/2025,09:29:29,49320.7,49300.05,30,49308,30,0,708900
BANKNIFTY-III.NFO,18/03/2025,09:29:30,49320.7,49300,30,49308,30,0,708900
BANKNIFTY-III.NFO,18/03/2025,09:29:32,49320.7,49300,30,49309.45,60,0,708900
BANKNIFTY-III.NFO,18/03/2025,09:29:34,49320.7,49300,30,49309.4,90,0,708900
BANKNIFTY-III.NFO,18/03/2025,09:29:37,49309.4,49300,30,49309.4,90,30,708900
BANKNIFTY-III.NFO,18/03/2025,09:29:39,49296.1,49293.85,60,49309.4,60,60,708900
BANKNIFTY-III.NFO,18/03/2025,09:29:40,49296.1,49290.85,30,49309.4,60,0,708900
BANKNIFTY-III.NFO,18/03/2025,09:29:42,49296.1,49290.6,30,49300,30,0,708900
BANKNIFTY-III.NFO,18/03/2025,09:29:44,49296.1,49291.2,30,49300,30,0,708900
BANKNIFTY-III.NFO,18/03/2025,09:29:45,49296.1,49292.3,30,49300,30,0,708900
BANKNIFTY-III.NFO,18/03/2025,09:29:47,49296.1,49289.8,30,49300,30,0,708900
BANKNIFTY-III.NFO,18/03/2025,09:29:49,49296.1,49296,30,49300,30,0,708900
BANKNIFTY-III.NFO,18/03/2025,09:29:55,49296.1,49296,30,49299.95,60,0,708900
BANKNIFTY-III.NFO,18/03/2025,09:29:57,49296.1,49296,30,49300,30,0,708900
BANKNIFTY-III.NFO,18/03/2025,09:29:59,49296.1,49296,30,49299.95,90,0,708900
BANKNIFTY-III.NFO,18/03/2025,09:30:00,49296,49279.9,30,49299.95,90,30,708900
BANKNIFTY-III.NFO,18/03/2025,09:30:02,49299.95,49278.8,60,49299.9,30,60,708900
BANKNIFTY-III.NFO,18/03/2025,09:30:04,49299.95,49282,60,49299.9,30,0,708900
BANKNIFTY-III.NFO,18/03/2025,09:30:05,49299.95,49281.7,60,49299.9,30,0,708900
BANKNIFTY-III.NFO,18/03/2025,09:30:07,49299.95,49279.95,60,49299.9,30,0,708900
BANKNIFTY-III.NFO,18/03/2025,09:30:09,49299.95,49281.3,60,49298.65,30,0,708900
BANKNIFTY-III.NFO,18/03/2025,09:30:10,49299.95,49278.2,60,49298.65,30,0,708900
BANKNIFTY-III.NFO,18/03/2025,09:30:12,49299.95,49283,60,49298.3,30,0,708900
BANKNIFTY-III.NFO,18/03/2025,09:30:14,49299.95,49282.2,60,49299.3,30,0,708900
BANKNIFTY-III.NFO,18/03/2025,09:30:15,49299.95,49277.85,60,49299.05,30,0,708900
BANKNIFTY-III.NFO,18/03/2025,09:30:17,49299.95,49283.9,60,49299.3,30,0,708900
BANKNIFTY-III.NFO,18/03/2025,09:30:19,49299.95,49286.25,60,49300,60,0,708900
BANKNIFTY-III.NFO,18/03/2025,09:30:21,49299.95,49287.15,60,49300,30,0,708900
BANKNIFTY-III.NFO,18/03/2025,09:30:22,49299.95,49294.6,60,49300,30,0,708900
BANKNIFTY-III.NFO,18/03/2025,09:30:24,49296.2,49293.1,60,49300,30,30,709440
BANKNIFTY-III.NFO,18/03/2025,09:30:26,49296.2,49293.75,60,49300,30,0,709440
BANKNIFTY-III.NFO,18/03/2025,09:30:27,49296.2,49292.65,60,49300,30,0,709440
BANKNIFTY-III.NFO,18/03/2025,09:30:29,49296.2,49293.75,60,49300,30,0,709440
BANKNIFTY-III.NFO,18/03/2025,09:30:30,49296.2,49294.25,60,49300,30,0,709440
BANKNIFTY-III.NFO,18/03/2025,09:30:32,49300,49296.2,30,49308.05,90,30,709440
BANKNIFTY-III.NFO,18/03/2025,09:30:34,49296.2,49297.15,30,49308.1,30,30,709440
BANKNIFTY-III.NFO,18/03/2025,09:30:35,49296.2,49301.25,60,49308.1,30,0,709440
BANKNIFTY-III.NFO,18/03/2025,09:30:37,49296.2,49300.45,60,49308.1,30,0,709440
BANKNIFTY-III.NFO,18/03/2025,09:30:39,49296.2,49304.75,60,49308.1,30,0,709440
BANKNIFTY-III.NFO,18/03/2025,09:30:40,49308.1,49307.45,60,49321.1,30,30,709440
BANKNIFTY-III.NFO,18/03/2025,09:30:42,49308.1,49308.7,60,49321.1,30,0,709440
BANKNIFTY-III.NFO,18/03/2025,09:30:44,49308.1,49311.7,60,49321.1,30,0,709440
BANKNIFTY-III.NFO,18/03/2025,09:30:45,49308.1,49312.6,60,49321.1,30,0,709440
BANKNIFTY-III.NFO,18/03/2025,09:30:47,49308.1,49314.7,60,49321.1,30,0,709440
BANKNIFTY-III.NFO,18/03/2025,09:30:49,49308.1,49316.65,60,49321.1,30,0,709440
BANKNIFTY-III.NFO,18/03/2025,09:30:50,49308.1,49316.2,60,49321.1,30,0,709440
BANKNIFTY-III.NFO,18/03/2025,09:30:52,49308.1,49318.8,120,49321.1,30,0,709440
BANKNIFTY-III.NFO,18/03/2025,09:30:54,49308.1,49320,60,49321.1,30,0,709440
BANKNIFTY-III.NFO,18/03/2025,09:30:55,49321.1,49315.25,60,49329.6,60,30,709440
BANKNIFTY-III.NFO,18/03/2025,09:30:57,49321.1,49315.5,60,49329.6,60,0,709440
BANKNIFTY-III.NFO,18/03/2025,09:30:59,49321.1,49314.6,60,49329.6,60,0,709440
BANKNIFTY-III.NFO,18/03/2025,09:31:00,49321.15,49314.5,60,49329.6,90,30,709440
BANKNIFTY-III.NFO,18/03/2025,09:31:02,49321.15,49318,60,49327,60,0,709440
BANKNIFTY-III.NFO,18/03/2025,09:31:04,49321.15,49321.1,150,49327,60,0,709440
BANKNIFTY-III.NFO,18/03/2025,09:31:05,49327,49325.35,120,49329.65,30,60,709440
BANKNIFTY-III.NFO,18/03/2025,09:31:07,49330,49330.45,240,49335.3,30,90,709440
BANKNIFTY-III.NFO,18/03/2025,09:31:09,49335.3,49334.55,30,49348.95,60,30,709440
BANKNIFTY-III.NFO,18/03/2025,09:31:09,49335.3,49334.55,30,49348.95,60,0,709440
BANKNIFTY-III.NFO,18/03/2025,09:31:10,49335.3,49334.95,30,49348.95,60,0,709440
BANKNIFTY-III.NFO,18/03/2025,09:31:12,49335.3,49335.25,30,49348.95,90,0,709440
BANKNIFTY-III.NFO,18/03/2025,09:31:14,49338.95,49339.95,30,49349,30,30,709440
BANKNIFTY-III.NFO,18/03/2025,09:31:14,49338.95,49339.95,30,49349,30,0,709440
BANKNIFTY-III.NFO,18/03/2025,09:31:15,49338.95,49341.4,30,49349,30,0,709440
BANKNIFTY-III.NFO,18/03/2025,09:31:17,49341.1,49340.8,30,49349,30,30,709440
BANKNIFTY-III.NFO,18/03/2025,09:31:17,49341.1,49340.8,30,49349,30,0,709440
BANKNIFTY-III.NFO,18/03/2025,09:31:19,49341.1,49346.4,30,49349,30,0,709440
BANKNIFTY-III.NFO,18/03/2025,09:31:20,49341.1,49344.3,30,49349,30,0,709440
BANKNIFTY-III.NFO,18/03/2025,09:31:22,49341.1,49342.35,240,49349,30,0,709440
BANKNIFTY-III.NFO,18/03/2025,09:31:24,49341.1,49341.85,30,49349,30,0,709440
BANKNIFTY-III.NFO,18/03/2025,09:31:25,49341.1,49341.25,30,49348,30,0,709440
BANKNIFTY-III.NFO,18/03/2025,09:31:27,49341.1,49341.1,30,49348,30,0,709440
BANKNIFTY-III.NFO,18/03/2025,09:31:29,49341.1,49341.9,30,49348,30,0,709440
BANKNIFTY-III.NFO,18/03/2025,09:31:30,49341.1,49345.25,30,49348,30,0,709440
BANKNIFTY-III.NFO,18/03/2025,09:31:32,49341.1,49344.7,150,49348,30,0,709440
BANKNIFTY-III.NFO,18/03/2025,09:31:34,49341.1,49346.5,90,49348,30,0,709440
BANKNIFTY-III.NFO,18/03/2025,09:31:35,49348,49348,240,49349,30,30,709440
BANKNIFTY-III.NFO,18/03/2025,09:31:35,49348,49348,240,49349,30,0,709440
BANKNIFTY-III.NFO,18/03/2025,09:31:37,49350,49345.05,60,49350,360,90,709440
BANKNIFTY-III.NFO,18/03/2025,09:31:37,49350,49345.05,60,49350,360,0,709440
BANKNIFTY-III.NFO,18/03/2025,09:31:39,49350,49345.1,60,49350,360,0,709440
BANKNIFTY-III.NFO,18/03/2025,09:31:40,49350,49344,240,49350,360,0,709440
BANKNIFTY-III.NFO,18/03/2025,09:31:42,49350,49348,30,49350,360,0,709440
BANKNIFTY-III.NFO,18/03/2025,09:31:44,49350,49348,30,49349,30,0,709440
BANKNIFTY-III.NFO,18/03/2025,09:31:45,49349,49348,30,49350,360,30,709440
BANKNIFTY-III.NFO,18/03/2025,09:31:47,49349,49348,30,49350,360,0,709440
BANKNIFTY-III.NFO,18/03/2025,09:31:49,49348,49340,30,49349.95,90,60,709440
BANKNIFTY-III.NFO,18/03/2025,09:31:50,49348,49340,30,49349.95,90,0,709440
BANKNIFTY-III.NFO,18/03/2025,09:31:52,49348,49341.9,60,49350,330,0,709440
BANKNIFTY-III.NFO,18/03/2025,09:31:54,49348,49342.45,60,49349,30,0,709440
BANKNIFTY-III.NFO,18/03/2025,09:31:55,49348,49346.55,60,49349,30,0,709440
BANKNIFTY-III.NFO,18/03/2025,09:31:57,49350,49347.05,150,49350,30,330,709440
BANKNIFTY-III.NFO,18/03/2025,09:31:59,49350,49349.5,30,49360,60,30,709440
BANKNIFTY-III.NFO,18/03/2025,09:32:00,49350,49351.15,30,49360,60,0,709440
BANKNIFTY-III.NFO,18/03/2025,09:32:02,49350,49350.7,90,49360,60,120,709440
BANKNIFTY-III.NFO,18/03/2025,09:32:04,49350,49350.2,90,49359,30,0,709440
BANKNIFTY-III.NFO,18/03/2025,09:32:05,49350,49352.3,90,49355,90,0,709440
BANKNIFTY-III.NFO,18/03/2025,09:32:07,49355,49351.75,90,49359,30,30,709440
BANKNIFTY-III.NFO,18/03/2025,09:32:07,49355,49351.75,90,49359,30,0,709440
BANKNIFTY-III.NFO,18/03/2025,09:32:09,49355,49350.9,90,49359,30,0,709440
BANKNIFTY-III.NFO,18/03/2025,09:32:10,49354.65,49354.45,60,49359,30,30,709440
BANKNIFTY-III.NFO,18/03/2025,09:32:12,49354.65,49355.45,60,49359,30,0,709440
BANKNIFTY-III.NFO,18/03/2025,09:32:14,49360.1,49365,30,49379.95,90,120,709440
BANKNIFTY-III.NFO,18/03/2025,09:32:14,49360.1,49365,30,49379.95,90,0,709440
BANKNIFTY-III.NFO,18/03/2025,09:32:15,49360.1,49369,30,49379.95,90,0,709440
BANKNIFTY-III.NFO,18/03/2025,09:32:17,49370,49360,30,49379.95,90,30,709440
BANKNIFTY-III.NFO,18/03/2025,09:32:17,49370,49360,30,49379.95,90,0,709440
BANKNIFTY-III.NFO,18/03/2025,09:32:19,49360,49356.55,30,49379.9,60,120,709440
BANKNIFTY-III.NFO,18/03/2025,09:32:20,49360,49358.05,30,49379.9,60,0,709440
BANKNIFTY-III.NFO,18/03/2025,09:32:22,49360,49356.4,30,49379.9,60,0,709440
BANKNIFTY-III.NFO,18/03/2025,09:32:24,49360,49358.55,30,49379.9,60,0,709440
BANKNIFTY-III.NFO,18/03/2025,09:32:25,49360,49362.2,30,49379.95,90,0,709440
BANKNIFTY-III.NFO,18/03/2025,09:32:27,49370,49362.2,30,49379.95,90,30,709440
BANKNIFTY-III.NFO,18/03/2025,09:32:29,49370,49361.45,60,49379.95,90,0,709440
BANKNIFTY-III.NFO,18/03/2025,09:32:30,49370,49368.25,30,49380,30,0,709440
BANKNIFTY-III.NFO,18/03/2025,09:32:32,49370,49371,30,49378,30,0,709440
BANKNIFTY-III.NFO,18/03/2025,09:32:34,49370,49365.3,30,49378,30,300,709440
BANKNIFTY-III.NFO,18/03/2025,09:32:35,49370,49365.35,30,49378,30,0,709440
BANKNIFTY-III.NFO,18/03/2025,09:32:37,49370,49363.1,30,49374,120,0,709440
BANKNIFTY-III.NFO,18/03/2025,09:32:39,49370,49365.85,30,49374,120,0,709440
BANKNIFTY-III.NFO,18/03/2025,09:32:40,49370,49363.1,60,49374,120,0,709440
BANKNIFTY-III.NFO,18/03/2025,09:32:42,49370,49366.95,30,49374,120,0,709440
BANKNIFTY-III.NFO,18/03/2025,09:32:44,49370,49365.7,30,49374,120,0,709440
BANKNIFTY-III.NFO,18/03/2025,09:32:45,49370,49362.9,30,49374,120,0,709440
BANKNIFTY-III.NFO,18/03/2025,09:32:47,49370,49361.9,30,49374,120,0,709440
BANKNIFTY-III.NFO,18/03/2025,09:32:49,49370,49360.8,30,49374,120,0,709440
BANKNIFTY-III.NFO,18/03/2025,09:32:50,49370,49360.3,30,49374,150,0,709440
BANKNIFTY-III.NFO,18/03/2025,09:32:52,49370,49360,30,49373.95,90,0,709440
BANKNIFTY-III.NFO,18/03/2025,09:32:54,49370,49360,30,49371.95,60,0,709440
BANKNIFTY-III.NFO,18/03/2025,09:32:57,49370,49360,30,49372,30,0,709440
BANKNIFTY-III.NFO,18/03/2025,09:32:59,49370,49360,30,49371.95,90,0,709440
BANKNIFTY-III.NFO,18/03/2025,09:33:00,49370,49364.2,30,49372,30,0,709440
BANKNIFTY-III.NFO,18/03/2025,09:33:02,49370,49367.15,30,49372,30,0,709440
BANKNIFTY-III.NFO,18/03/2025,09:33:04,49370,49364.1,30,49372,30,0,709440
BANKNIFTY-III.NFO,18/03/2025,09:33:05,49370,49363.3,30,49372,30,0,709440
BANKNIFTY-III.NFO,18/03/2025,09:33:07,49374,49365.5,60,49374,30,120,709440
BANKNIFTY-III.NFO,18/03/2025,09:33:07,49374,49365.5,60,49374,30,0,709440
BANKNIFTY-III.NFO,18/03/2025,09:33:09,49374,49361.8,60,49374,30,0,709440
BANKNIFTY-III.NFO,18/03/2025,09:33:12,49374,49362.4,60,49374,30,0,709440
BANKNIFTY-III.NFO,18/03/2025,09:33:14,49374,49360,30,49373.95,90,0,709440
BANKNIFTY-III.NFO,18/03/2025,09:33:15,49374,49362.8,60,49374,30,0,709440
BANKNIFTY-III.NFO,18/03/2025,09:33:17,49374,49363.5,60,49374,30,0,709440
BANKNIFTY-III.NFO,18/03/2025,09:33:19,49374,49362.2,60,49374,30,0,709440
BANKNIFTY-III.NFO,18/03/2025,09:33:20,49374,49363.6,30,49374,30,0,709440
BANKNIFTY-III.NFO,18/03/2025,09:33:22,49374,49364.65,60,49373.5,30,0,709440
BANKNIFTY-III.NFO,18/03/2025,09:33:24,49374,49362.6,30,49373.5,30,0,709440
BANKNIFTY-III.NFO,18/03/2025,09:33:25,49374,49360,30,49373.45,90,0,709440
BANKNIFTY-III.NFO,18/03/2025,09:33:27,49374,49364.05,60,49373.5,30,0,709440
BANKNIFTY-III.NFO,18/03/2025,09:33:28,49374,49362.25,60,49373.5,30,0,709440
BANKNIFTY-III.NFO,18/03/2025,09:33:30,49374,49361.8,60,49373.5,30,0,709440
BANKNIFTY-III.NFO,18/03/2025,09:33:32,49374,49366,30,49373.5,30,0,709440
BANKNIFTY-III.NFO,18/03/2025,09:33:42,49374,49366,30,49373.45,90,0,709440
BANKNIFTY-III.NFO,18/03/2025,09:33:43,49374,49366,30,49372.75,90,0,709440
BANKNIFTY-III.NFO,18/03/2025,09:33:45,49374,49366,30,49371.1,60,0,709440
BANKNIFTY-III.NFO,18/03/2025,09:33:47,49374,49366,30,49372.85,60,0,709440
BANKNIFTY-III.NFO,18/03/2025,09:33:52,49374,49366,30,49372.9,30,0,709440
BANKNIFTY-III.NFO,18/03/2025,09:33:55,49374,49366,30,49372.85,90,0,709440
BANKNIFTY-III.NFO,18/03/2025,09:34:02,49374,49366,30,49372.9,30,0,709440
BANKNIFTY-III.NFO,18/03/2025,09:34:03,49374,49366,30,49372,30,0,709440
BANKNIFTY-III.NFO,18/03/2025,09:34:05,49374,49366,30,49371.95,60,0,709440
BANKNIFTY-III.NFO,18/03/2025,09:34:07,49374,49366,30,49372,30,0,709440
BANKNIFTY-III.NFO,18/03/2025,09:34:12,49374,49361,30,49372,30,0,709440
BANKNIFTY-III.NFO,18/03/2025,09:34:15,49372,49361,30,49372.9,30,30,710190
BANKNIFTY-III.NFO,18/03/2025,09:34:17,49374,49361,30,49373.95,90,60,710190
BANKNIFTY-III.NFO,18/03/2025,09:34:18,49374,49361,30,49370.9,60,0,710190
BANKNIFTY-III.NFO,18/03/2025,09:34:20,49374,49361,30,49369.35,60,0,710190
BANKNIFTY-III.NFO,18/03/2025,09:34:22,49361,49360,30,49368.15,60,30,710190
BANKNIFTY-III.NFO,18/03/2025,09:34:23,49361,49360,30,49368.15,60,0,710190
BANKNIFTY-III.NFO,18/03/2025,09:34:25,49361,49360,30,49370.4,60,0,710190
BANKNIFTY-III.NFO,18/03/2025,09:34:27,49361,49360,30,49368.25,60,0,710190
BANKNIFTY-III.NFO,18/03/2025,09:34:28,49360,49336.55,30,49360.4,60,30,710190
BANKNIFTY-III.NFO,18/03/2025,09:34:30,49360,49336.65,30,49358.15,60,0,710190
BANKNIFTY-III.NFO,18/03/2025,09:34:32,49360,49333.4,60,49352.75,60,0,710190
BANKNIFTY-III.NFO,18/03/2025,09:34:33,49330.1,49329.1,30,49350.35,60,30,710190
BANKNIFTY-III.NFO,18/03/2025,09:34:35,49333,49333.05,60,49350.35,60,30,710190
BANKNIFTY-III.NFO,18/03/2025,09:34:37,49333,49336.95,30,49354.1,60,0,710190
BANKNIFTY-III.NFO,18/03/2025,09:34:38,49333,49339.45,30,49354.95,90,0,710190
BANKNIFTY-III.NFO,18/03/2025,09:34:40,49340.05,49340.5,30,49355,720,30,710190
BANKNIFTY-III.NFO,18/03/2025,09:34:42,49354.95,49341.5,30,49355,720,30,710190
BANKNIFTY-III.NFO,18/03/2025,09:34:44,49354.95,49336.95,30,49354.95,90,0,710190
BANKNIFTY-III.NFO,18/03/2025,09:34:45,49354.95,49339,30,49354.95,90,0,710190
BANKNIFTY-III.NFO,18/03/2025,09:34:47,49354.95,49339.05,30,49353,60,0,710190
BANKNIFTY-III.NFO,18/03/2025,09:34:49,49354.95,49338.9,30,49353,60,0,710190
BANKNIFTY-III.NFO,18/03/2025,09:34:50,49354.95,49334.55,30,49352.95,90,0,710190
BANKNIFTY-III.NFO,18/03/2025,09:34:52,49354.95,49336.05,30,49352.95,90,0,710190
BANKNIFTY-III.NFO,18/03/2025,09:34:54,49354.95,49338.1,30,49352.95,90,0,710190
BANKNIFTY-III.NFO,18/03/2025,09:34:55,49354.95,49339.55,30,49352.95,90,0,710190
BANKNIFTY-III.NFO,18/03/2025,09:34:57,49354.95,49341,30,49353,30,0,710190
BANKNIFTY-III.NFO,18/03/2025,09:35:00,49354.95,49337.95,30,49352.95,90,0,710190
BANKNIFTY-III.NFO,18/03/2025,09:35:02,49354.95,49337.5,30,49352.95,90,0,710190
BANKNIFTY-III.NFO,18/03/2025,09:35:04,49354.95,49337.15,30,49352.95,60,0,710190
BANKNIFTY-III.NFO,18/03/2025,09:35:05,49354.95,49337.3,30,49352.95,90,0,710190
BANKNIFTY-III.NFO,18/03/2025,09:35:07,49354.95,49334.15,30,49352.95,90,0,710190
BANKNIFTY-III.NFO,18/03/2025,09:35:09,49354.95,49332.85,30,49352.95,90,0,710190
BANKNIFTY-III.NFO,18/03/2025,09:35:10,49354.95,49331.25,30,49352.35,60,0,710190
BANKNIFTY-III.NFO,18/03/2025,09:35:12,49354.95,49333.65,30,49352.35,60,0,710190
BANKNIFTY-III.NFO,18/03/2025,09:35:14,49354.95,49331.4,30,49352.35,60,0,710190
BANKNIFTY-III.NFO,18/03/2025,09:35:15,49354.95,49332.3,30,49352.35,60,0,710190
BANKNIFTY-III.NFO,18/03/2025,09:35:17,49354.95,49337,30,49352.95,90,0,710190
BANKNIFTY-III.NFO,18/03/2025,09:35:19,49354.95,49341.1,30,49353,30,0,710190
BANKNIFTY-III.NFO,18/03/2025,09:35:20,49353,49345.95,30,49355,720,30,710190
BANKNIFTY-III.NFO,18/03/2025,09:35:22,49355,49345.85,30,49355,690,30,710190
BANKNIFTY-III.NFO,18/03/2025,09:35:24,49355,49345.1,30,49355,690,0,710190
BANKNIFTY-III.NFO,18/03/2025,09:35:25,49355,49342.7,30,49355,690,0,710190
BANKNIFTY-III.NFO,18/03/2025,09:35:27,49355,49343.65,30,49355,690,0,710190
BANKNIFTY-III.NFO,18/03/2025,09:35:29,49355,49348.65,30,49355,690,0,710190
BANKNIFTY-III.NFO,18/03/2025,09:35:30,49355,49347.95,30,49354,30,0,710190
BANKNIFTY-III.NFO,18/03/2025,09:35:32,49355,49348.15,30,49355,570,150,710190
BANKNIFTY-III.NFO,18/03/2025,09:35:34,49355,49354.25,30,49355,540,30,710190
BANKNIFTY-III.NFO,18/03/2025,09:35:35,49355,49350.3,30,49355,540,0,710190
BANKNIFTY-III.NFO,18/03/2025,09:35:37,49354,49353.75,30,49355,420,180,710190
BANKNIFTY-III.NFO,18/03/2025,09:35:39,49360,49357,30,49360.05,30,450,710190
BANKNIFTY-III.NFO,18/03/2025,09:35:40,49360,49357,30,49360.05,30,0,710190
BANKNIFTY-III.NFO,18/03/2025,09:35:47,49360,49359.65,30,49360.05,30,0,710190
BANKNIFTY-III.NFO,18/03/2025,09:35:49,49360.05,49359.4,60,49374.95,60,30,710190
BANKNIFTY-III.NFO,18/03/2025,09:35:50,49360.05,49364.85,30,49374.95,60,0,710190
BANKNIFTY-III.NFO,18/03/2025,09:35:54,49358.55,49358.5,30,49374.95,90,30,710190
BANKNIFTY-III.NFO,18/03/2025,09:35:55,49358.55,49361.65,30,49374.95,60,0,710190
BANKNIFTY-III.NFO,18/03/2025,09:35:57,49358.55,49357.5,30,49374.95,90,0,710190
BANKNIFTY-III.NFO,18/03/2025,09:35:59,49358.55,49357.5,30,49373.35,60,0,710190
BANKNIFTY-III.NFO,18/03/2025,09:36:00,49358.55,49357.5,30,49369.7,60,0,710190
BANKNIFTY-III.NFO,18/03/2025,09:36:02,49358.55,49357.5,30,49372.35,60,0,710190
BANKNIFTY-III.NFO,18/03/2025,09:36:04,49358.55,49357.5,30,49370.95,60,0,710190
BANKNIFTY-III.NFO,18/03/2025,09:36:05,49358.55,49357.5,30,49370.95,90,30,710190
BANKNIFTY-III.NFO,18/03/2025,09:36:07,49358.55,49357.5,30,49369.6,60,0,710190
BANKNIFTY-III.NFO,18/03/2025,09:36:10,49358.55,49357.5,30,49360,30,0,710190
BANKNIFTY-III.NFO,18/03/2025,09:36:12,49358.55,49354.85,30,49360,30,0,710190
BANKNIFTY-III.NFO,18/03/2025,09:36:14,49358.55,49353.75,30,49360,30,0,710190
BANKNIFTY-III.NFO,18/03/2025,09:36:15,49358.55,49353.2,30,49357.5,30,0,710190
BANKNIFTY-III.NFO,18/03/2025,09:36:17,49360,49359.05,30,49368,30,60,710190
BANKNIFTY-III.NFO,18/03/2025,09:36:19,49360,49353.2,30,49367.95,90,0,710190
BANKNIFTY-III.NFO,18/03/2025,09:36:20,49360,49351.85,60,49367.95,90,0,710190
BANKNIFTY-III.NFO,18/03/2025,09:36:22,49360,49352.15,30,49360,30,0,710190
BANKNIFTY-III.NFO,18/03/2025,09:36:24,49360,49355.5,30,49360,30,0,710190
BANKNIFTY-III.NFO,18/03/2025,09:36:25,49360,49361.9,30,49368,30,30,710400
BANKNIFTY-III.NFO,18/03/2025,09:36:27,49360,49359.15,30,49365,30,0,710400
BANKNIFTY-III.NFO,18/03/2025,09:36:29,49360,49352.15,30,49367.95,90,0,710400
BANKNIFTY-III.NFO,18/03/2025,09:36:30,49360,49352.15,30,49365.1,60,0,710400
BANKNIFTY-III.NFO,18/03/2025,09:36:33,49360,49352.15,30,49362.95,60,0,710400
BANKNIFTY-III.NFO,18/03/2025,09:36:35,49360,49352.15,30,49358.2,60,0,710400
BANKNIFTY-III.NFO,18/03/2025,09:36:37,49351.15,49336.1,60,49355,60,60,710400
BANKNIFTY-III.NFO,18/03/2025,09:36:38,49351.15,49335.55,60,49355,60,0,710400
BANKNIFTY-III.NFO,18/03/2025,09:36:40,49351.15,49332.15,60,49353.2,60,0,710400
BANKNIFTY-III.NFO,18/03/2025,09:36:42,49351.15,49335.3,60,49351.1,30,0,710400
BANKNIFTY-III.NFO,18/03/2025,09:36:43,49351.15,49336.6,60,49351.15,60,0,710400
BANKNIFTY-III.NFO,18/03/2025,09:36:45,49351.15,49331.65,150,49349.9,60,0,710400
BANKNIFTY-III.NFO,18/03/2025,09:36:47,49349.9,49335.35,30,49349.9,90,30,710400
BANKNIFTY-III.NFO,18/03/2025,09:36:48,49349.9,49337.25,30,49349.95,150,0,710400
BANKNIFTY-III.NFO,18/03/2025,09:36:50,49348.85,49337.25,30,49349.95,180,60,710400
BANKNIFTY-III.NFO,18/03/2025,09:36:52,49348.85,49334.25,30,49349.9,90,0,710400
BANKNIFTY-III.NFO,18/03/2025,09:36:54,49348.85,49331.75,30,49349.9,90,0,710400
BANKNIFTY-III.NFO,18/03/2025,09:36:55,49348.85,49334.9,30,49349.9,90,0,710400
BANKNIFTY-III.NFO,18/03/2025,09:36:57,49348.85,49333.9,30,49349.9,90,0,710400
BANKNIFTY-III.NFO,18/03/2025,09:36:59,49348.85,49327.15,30,49348,60,0,710400
BANKNIFTY-III.NFO,18/03/2025,09:37:00,49348.85,49335.9,30,49348.85,60,0,710400
BANKNIFTY-III.NFO,18/03/2025,09:37:02,49348.85,49335.9,30,49348.85,90,0,710400
BANKNIFTY-III.NFO,18/03/2025,09:37:04,49348.85,49336.35,30,49348.85,150,0,710400
BANKNIFTY-III.NFO,18/03/2025,09:37:05,49348.85,49338.2,30,49348.85,150,30,710400
BANKNIFTY-III.NFO,18/03/2025,09:37:07,49350,49338.25,60,49354.9,30,300,710400
BANKNIFTY-III.NFO,18/03/2025,09:37:09,49347,49346.85,90,49366.45,60,30,710400
BANKNIFTY-III.NFO,18/03/2025,09:37:10,49347,49350.5,60,49367.95,90,0,710400
BANKNIFTY-III.NFO,18/03/2025,09:37:12,49347,49346.55,60,49367.6,90,0,710400
BANKNIFTY-III.NFO,18/03/2025,09:37:14,49347,49351.1,30,49365,60,0,710400
BANKNIFTY-III.NFO,18/03/2025,09:37:15,49347,49351.1,30,49363.05,60,0,710400
BANKNIFTY-III.NFO,18/03/2025,09:37:17,49347,49351.1,30,49358.05,90,0,710400
BANKNIFTY-III.NFO,18/03/2025,09:37:19,49347,49351.1,30,49359.9,60,0,710400
BANKNIFTY-III.NFO,18/03/2025,09:37:20,49347,49350.95,30,49359.95,150,0,710400
BANKNIFTY-III.NFO,18/03/2025,09:37:22,49347,49351.35,30,49366.35,60,0,710400
BANKNIFTY-III.NFO,18/03/2025,09:37:24,49347,49347.1,60,49365.5,60,0,710400
BANKNIFTY-III.NFO,18/03/2025,09:37:25,49347,49348.55,60,49367.55,60,0,710400
BANKNIFTY-III.NFO,18/03/2025,09:37:27,49347,49353.4,30,49367.95,90,0,710400
BANKNIFTY-III.NFO,18/03/2025,09:37:29,49347,49354.75,30,49367.95,90,0,710400
BANKNIFTY-III.NFO,18/03/2025,09:37:30,49347,49355.85,30,49367.95,90,0,710400
BANKNIFTY-III.NFO,18/03/2025,09:37:32,49347,49345.7,60,49365.45,90,0,710400
BANKNIFTY-III.NFO,18/03/2025,09:37:34,49347,49356.45,30,49367.95,60,0,710400
BANKNIFTY-III.NFO,18/03/2025,09:37:37,49365,49356.5,60,49368,30,60,710400
BANKNIFTY-III.NFO,18/03/2025,09:37:39,49365,49356.5,60,49368,30,0,710400
BANKNIFTY-III.NFO,18/03/2025,09:37:40,49368,49368,30,49371,30,60,710400
BANKNIFTY-III.NFO,18/03/2025,09:37:42,49371.15,49368,30,49373,30,120,710400
BANKNIFTY-III.NFO,18/03/2025,09:37:44,49373,49368.25,30,49377.95,60,30,710400
BANKNIFTY-III.NFO,18/03/2025,09:37:45,49373,49365.05,30,49375,30,0,710400
BANKNIFTY-III.NFO,18/03/2025,09:37:47,49375,49365.1,60,49378,30,60,710400
BANKNIFTY-III.NFO,18/03/2025,09:37:47,49375,49365.1,60,49378,30,0,710400
BANKNIFTY-III.NFO,18/03/2025,09:37:49,49375,49370.35,30,49378,30,0,710400
BANKNIFTY-III.NFO,18/03/2025,09:37:52,49375,49373.15,30,49378,30,450,710400
BANKNIFTY-III.NFO,18/03/2025,09:37:54,49375,49373.15,30,49378,30,0,710400
BANKNIFTY-III.NFO,18/03/2025,09:37:55,49375,49370.8,30,49378,30,0,710400
BANKNIFTY-III.NFO,18/03/2025,09:37:57,49375,49375,30,49378,30,0,710400
BANKNIFTY-III.NFO,18/03/2025,09:38:03,49378,49375,30,49379,30,30,710400
BANKNIFTY-III.NFO,18/03/2025,09:38:03,49378,49375,30,49379,30,0,710400
BANKNIFTY-III.NFO,18/03/2025,09:38:05,49378,49375,30,49379,30,0,710400
BANKNIFTY-III.NFO,18/03/2025,09:38:07,49378,49379,30,49380,30,0,710400
BANKNIFTY-III.NFO,18/03/2025,09:38:10,49380,49379,30,49388.7,90,30,710400
BANKNIFTY-III.NFO,18/03/2025,09:38:10,49380,49379,30,49388.7,90,0,710400
BANKNIFTY-III.NFO,18/03/2025,09:38:12,49380,49375,30,49379,30,0,710400
BANKNIFTY-III.NFO,18/03/2025,09:38:13,49380,49379,30,49389.45,90,0,710400
BANKNIFTY-III.NFO,18/03/2025,09:38:15,49375,49368.85,60,49390.5,90,30,710400
BANKNIFTY-III.NFO,18/03/2025,09:38:17,49375,49375.15,30,49390.2,90,0,710400
BANKNIFTY-III.NFO,18/03/2025,09:38:18,49375,49364.15,60,49388.9,60,0,710400
BANKNIFTY-III.NFO,18/03/2025,09:38:20,49375,49364.15,60,49384.3,60,0,710400
BANKNIFTY-III.NFO,18/03/2025,09:38:22,49375,49366.35,60,49386.35,60,0,710400
BANKNIFTY-III.NFO,18/03/2025,09:38:23,49375,49366.95,180,49386.35,60,0,710400
BANKNIFTY-III.NFO,18/03/2025,09:38:25,49375,49364.55,60,49384.25,60,0,710400
BANKNIFTY-III.NFO,18/03/2025,09:38:27,49375,49372.45,30,49379.9,90,0,710400
BANKNIFTY-III.NFO,18/03/2025,09:38:28,49375,49364.15,60,49379.9,90,0,710400
BANKNIFTY-III.NFO,18/03/2025,09:38:31,49375,49364.1,30,49379.9,90,0,710400
BANKNIFTY-III.NFO,18/03/2025,09:38:38,49375,49365.9,30,49378,30,0,710400
BANKNIFTY-III.NFO,18/03/2025,09:38:40,49375,49365.95,60,49378,30,0,710400
BANKNIFTY-III.NFO,18/03/2025,09:38:41,49375,49374.3,30,49378,30,0,710400
BANKNIFTY-III.NFO,18/03/2025,09:38:45,49375,49374.55,30,49378,30,0,710400
BANKNIFTY-III.NFO,18/03/2025,09:38:50,49378,49374.55,30,49379.95,60,30,710400
BANKNIFTY-III.NFO,18/03/2025,09:38:51,49379.95,49374.55,30,49379.95,30,30,710400
BANKNIFTY-III.NFO,18/03/2025,09:38:53,49379.95,49374.55,30,49379.95,30,0,710400
BANKNIFTY-III.NFO,18/03/2025,09:38:55,49380,49379.95,30,49390.9,90,60,710400
BANKNIFTY-III.NFO,18/03/2025,09:38:56,49380,49390.9,30,49391.5,60,0,710400
BANKNIFTY-III.NFO,18/03/2025,09:38:58,49380,49382.3,30,49390.65,60,0,710400
BANKNIFTY-III.NFO,18/03/2025,09:38:59,49380,49379.95,30,49391.25,90,0,710400
BANKNIFTY-III.NFO,18/03/2025,09:39:01,49380,49379.95,30,49391.6,90,0,710400
BANKNIFTY-III.NFO,18/03/2025,09:39:03,49380,49383.5,30,49391.85,60,0,710400
BANKNIFTY-III.NFO,18/03/2025,09:39:04,49380,49391.85,30,49391.95,60,0,710400
BANKNIFTY-III.NFO,18/03/2025,09:39:08,49380,49380,60,49392,30,0,710400
BANKNIFTY-III.NFO,18/03/2025,09:39:09,49380,49381.7,60,49392,30,0,710400
BANKNIFTY-III.NFO,18/03/2025,09:39:11,49380,49380,60,49392,30,0,710400
BANKNIFTY-III.NFO,18/03/2025,09:39:13,49380,49379.95,30,49392,30,0,710400
BANKNIFTY-III.NFO,18/03/2025,09:39:14,49380,49380,60,49392,30,0,710400
BANKNIFTY-III.NFO,18/03/2025,09:39:18,49380,49381.6,60,49392,30,0,710400
BANKNIFTY-III.NFO,18/03/2025,09:39:19,49380,49380,60,49392,30,0,710400
BANKNIFTY-III.NFO,18/03/2025,09:39:21,49380,49381.4,60,49392,30,0,710400
BANKNIFTY-III.NFO,18/03/2025,09:39:23,49380,49382.15,60,49391,30,0,710400
BANKNIFTY-III.NFO,18/03/2025,09:39:24,49380,49380.85,60,49391,30,0,710400
BANKNIFTY-III.NFO,18/03/2025,09:39:26,49380,49380.55,60,49391,30,0,710400
BANKNIFTY-III.NFO,18/03/2025,09:39:28,49391,49379.95,30,49391.95,60,30,710700
BANKNIFTY-III.NFO,18/03/2025,09:39:28,49391,49379.95,30,49391.95,60,0,710700
BANKNIFTY-III.NFO,18/03/2025,09:39:29,49391,49391.95,30,49392,30,0,710700
BANKNIFTY-III.NFO,18/03/2025,09:39:33,49392,49389.5,30,49394.95,60,30,710700
BANKNIFTY-III.NFO,18/03/2025,09:39:33,49392,49389.5,30,49394.95,60,0,710700
BANKNIFTY-III.NFO,18/03/2025,09:39:34,49392,49389.65,30,49395,30,0,710700
BANKNIFTY-III.NFO,18/03/2025,09:39:36,49392,49390,30,49394.95,60,0,710700
BANKNIFTY-III.NFO,18/03/2025,09:39:38,49390,49379.95,30,49393.75,60,30,710700
BANKNIFTY-III.NFO,18/03/2025,09:39:39,49390,49379.95,30,49390.75,90,0,710700
BANKNIFTY-III.NFO,18/03/2025,09:39:41,49390,49379.95,30,49389.5,90,0,710700
BANKNIFTY-III.NFO,18/03/2025,09:39:43,49390,49379.95,30,49391.2,90,0,710700
BANKNIFTY-III.NFO,18/03/2025,09:39:44,49390,49379.95,30,49388.95,90,0,710700
BANKNIFTY-III.NFO,18/03/2025,09:39:46,49390,49379.95,30,49386.85,90,0,710700
BANKNIFTY-III.NFO,18/03/2025,09:39:48,49390,49381.2,30,49391.15,90,0,710700
BANKNIFTY-III.NFO,18/03/2025,09:39:49,49390,49382.6,30,49393.95,90,0,710700
BANKNIFTY-III.NFO,18/03/2025,09:39:51,49390,49382.6,30,49394,30,0,710700
BANKNIFTY-III.NFO,18/03/2025,09:39:53,49390,49382.65,60,49394,30,0,710700
BANKNIFTY-III.NFO,18/03/2025,09:39:54,49394,49380.45,60,49396.6,90,30,710700
BANKNIFTY-III.NFO,18/03/2025,09:39:54,49394,49380.45,60,49396.6,90,0,710700
BANKNIFTY-III.NFO,18/03/2025,09:39:56,49396.6,49391.05,30,49396.6,30,30,710700
BANKNIFTY-III.NFO,18/03/2025,09:39:56,49396.6,49391.05,30,49396.6,30,0,710700
BANKNIFTY-III.NFO,18/03/2025,09:39:58,49396.6,49391.05,30,49396.65,30,0,710700
BANKNIFTY-III.NFO,18/03/2025,09:40:01,49396.6,49389.75,30,49396.65,30,0,710700
BANKNIFTY-III.NFO,18/03/2025,09:40:04,49396.6,49389.75,30,49396,30,0,710700
BANKNIFTY-III.NFO,18/03/2025,09:40:08,49396,49387.7,60,49396.65,30,30,710700
BANKNIFTY-III.NFO,18/03/2025,09:40:09,49396,49397,30,49400,480,0,710700
BANKNIFTY-III.NFO,18/03/2025,09:40:13,49396,49388.9,60,49400,480,0,710700
BANKNIFTY-III.NFO,18/03/2025,09:40:14,49396,49388.85,60,49400,480,0,710700
BANKNIFTY-III.NFO,18/03/2025,09:40:16,49396,49397,30,49400,480,0,710700
BANKNIFTY-III.NFO,18/03/2025,09:40:18,49396,49383.6,60,49399.95,60,0,710700
BANKNIFTY-III.NFO,18/03/2025,09:40:19,49396,49385.7,60,49400,450,0,710700
BANKNIFTY-III.NFO,18/03/2025,09:40:21,49396,49389.05,60,49400,450,0,710700
BANKNIFTY-III.NFO,18/03/2025,09:40:23,49400,49393.4,60,49400,330,120,710700
BANKNIFTY-III.NFO,18/03/2025,09:40:23,49400,49393.4,60,49400,330,0,710700
BANKNIFTY-III.NFO,18/03/2025,09:40:24,49400,49395.9,30,49400,180,150,710700
BANKNIFTY-III.NFO,18/03/2025,09:40:26,49400,49391.6,60,49400,150,30,710700
BANKNIFTY-III.NFO,18/03/2025,09:40:28,49400,49394.35,30,49400,120,30,710700
BANKNIFTY-III.NFO,18/03/2025,09:40:29,49410.8,49394.35,30,49411.4,60,150,710700
BANKNIFTY-III.NFO,18/03/2025,09:40:29,49410.8,49394.35,30,49411.4,60,0,710700
BANKNIFTY-III.NFO,18/03/2025,09:40:31,49410.8,49394.35,30,49411.4,60,0,710700
BANKNIFTY-III.NFO,18/03/2025,09:40:33,49410.8,49391.4,60,49411.4,30,0,710700
BANKNIFTY-III.NFO,18/03/2025,09:40:34,49410.8,49389.4,60,49412.6,60,0,710700
BANKNIFTY-III.NFO,18/03/2025,09:40:36,49410.8,49389.9,60,49409.45,30,0,710700
BANKNIFTY-III.NFO,18/03/2025,09:40:38,49410.8,49395.25,30,49408.35,30,0,710700
BANKNIFTY-III.NFO,18/03/2025,09:40:39,49410.8,49395.25,30,49408.6,30,0,710700
BANKNIFTY-III.NFO,18/03/2025,09:40:41,49410.8,49392.6,60,49410.4,30,0,710700
BANKNIFTY-III.NFO,18/03/2025,09:40:43,49410.8,49398.3,30,49410,60,0,710700
BANKNIFTY-III.NFO,18/03/2025,09:40:46,49410.8,49396,30,49407.55,60,0,710700
BANKNIFTY-III.NFO,18/03/2025,09:40:48,49410.8,49394.1,30,49409.9,30,0,710700
BANKNIFTY-III.NFO,18/03/2025,09:40:49,49410.8,49394.1,30,49408.4,60,0,710700
BANKNIFTY-III.NFO,18/03/2025,09:40:51,49410.8,49394.45,30,49400,60,0,710700
BANKNIFTY-III.NFO,18/03/2025,09:40:54,49410.8,49384.85,60,49400,60,0,710700
BANKNIFTY-III.NFO,18/03/2025,09:40:56,49410.8,49383.35,60,49400,90,0,710700
BANKNIFTY-III.NFO,18/03/2025,09:40:58,49410.8,49379.95,30,49398.95,30,0,710700
BANKNIFTY-III.NFO,18/03/2025,09:40:59,49410.8,49379.95,30,49396.6,60,0,710700
BANKNIFTY-III.NFO,18/03/2025,09:41:01,49410.8,49379.95,30,49396.6,30,0,710700
BANKNIFTY-III.NFO,18/03/2025,09:41:03,49410.8,49380,60,49396.6,30,0,710700
BANKNIFTY-III.NFO,18/03/2025,09:41:04,49410.8,49385.8,30,49400,90,0,710700
BANKNIFTY-III.NFO,18/03/2025,09:41:06,49410.8,49385.95,30,49398.25,30,0,710700
BANKNIFTY-III.NFO,18/03/2025,09:41:08,49410.8,49380,60,49397.9,30,0,710700
BANKNIFTY-III.NFO,18/03/2025,09:41:09,49410.8,49382.1,30,49396.6,30,0,710700
BANKNIFTY-III.NFO,18/03/2025,09:41:11,49392.65,49379.95,30,49392.3,60,30,710700
BANKNIFTY-III.NFO,18/03/2025,09:41:13,49392.65,49379.95,30,49395.1,30,0,710700
BANKNIFTY-III.NFO,18/03/2025,09:41:14,49392.65,49379.95,30,49392.2,60,0,710700
BANKNIFTY-III.NFO,18/03/2025,09:41:16,49392.65,49379.95,30,49386.3,30,0,710700
BANKNIFTY-III.NFO,18/03/2025,09:41:18,49392.65,49379.95,30,49385.15,30,0,710700
BANKNIFTY-III.NFO,18/03/2025,09:41:19,49392.65,49379.95,30,49385.4,60,0,710700
BANKNIFTY-III.NFO,18/03/2025,09:41:21,49392.65,49379.95,30,49383.5,30,0,710700
BANKNIFTY-III.NFO,18/03/2025,09:41:23,49379.95,49375.75,30,49382.5,60,60,710700
BANKNIFTY-III.NFO,18/03/2025,09:41:25,49379.95,49375.75,30,49383.45,60,0,710700
BANKNIFTY-III.NFO,18/03/2025,09:41:26,49379.95,49375.75,30,49381.25,60,0,710700
BANKNIFTY-III.NFO,18/03/2025,09:41:28,49379.95,49375.75,30,49379.5,30,0,710700
BANKNIFTY-III.NFO,18/03/2025,09:41:30,49375.75,49372.2,30,49376.7,60,30,710700
BANKNIFTY-III.NFO,18/03/2025,09:41:31,49375.75,49372.2,30,49381.95,60,0,710700
BANKNIFTY-III.NFO,18/03/2025,09:41:33,49375.75,49372.2,30,49381.15,60,0,710700
BANKNIFTY-III.NFO,18/03/2025,09:41:35,49375.75,49372.2,30,49382.15,60,0,710700
BANKNIFTY-III.NFO,18/03/2025,09:41:36,49375.75,49372.2,30,49382.95,60,0,710700
BANKNIFTY-III.NFO,18/03/2025,09:41:38,49375.75,49372.2,30,49381.5,60,0,710700
BANKNIFTY-III.NFO,18/03/2025,09:41:40,49375.75,49372.2,30,49383.85,60,0,710700
BANKNIFTY-III.NFO,18/03/2025,09:41:41,49375.75,49372.2,30,49383.05,60,0,710700
BANKNIFTY-III.NFO,18/03/2025,09:41:43,49370.05,49369.55,30,49370,240,60,710700
BANKNIFTY-III.NFO,18/03/2025,09:41:45,49370.05,49369.55,30,49370,240,0,710700
BANKNIFTY-III.NFO,18/03/2025,09:41:46,49369.55,49364.3,60,49370,240,30,710700
BANKNIFTY-III.NFO,18/03/2025,09:41:48,49370,49364.3,60,49370,150,90,710700
BANKNIFTY-III.NFO,18/03/2025,09:41:50,49370,49364.3,90,49370,150,0,710700
BANKNIFTY-III.NFO,18/03/2025,09:41:51,49370,49376.45,30,49380,30,150,710700
BANKNIFTY-III.NFO,18/03/2025,09:41:53,49370,49374.6,60,49380,30,0,710700
BANKNIFTY-III.NFO,18/03/2025,09:41:55,49370,49367.8,90,49380,30,0,710700
BANKNIFTY-III.NFO,18/03/2025,09:41:56,49370,49369.75,90,49380,30,0,710700
BANKNIFTY-III.NFO,18/03/2025,09:41:58,49370,49371.6,90,49380,30,0,710700
BANKNIFTY-III.NFO,18/03/2025,09:42:03,49370,49371.6,60,49380,30,0,710700
BANKNIFTY-III.NFO,18/03/2025,09:42:06,49371.6,49366.4,60,49380,30,30,710700
BANKNIFTY-III.NFO,18/03/2025,09:42:08,49371.6,49370.4,30,49380,30,0,710700
BANKNIFTY-III.NFO,18/03/2025,09:42:10,49371.6,49370.4,30,49379.95,60,0,710700
BANKNIFTY-III.NFO,18/03/2025,09:42:11,49371.6,49370.4,30,49377.75,30,0,710700
BANKNIFTY-III.NFO,18/03/2025,09:42:13,49371.6,49370.4,30,49377.8,60,0,710700
BANKNIFTY-III.NFO,18/03/2025,09:42:15,49371.6,49370.4,30,49379.95,60,0,710700
BANKNIFTY-III.NFO,18/03/2025,09:42:16,49371.6,49370.4,30,49379.3,60,0,710700
BANKNIFTY-III.NFO,18/03/2025,09:42:18,49371.6,49370.4,30,49379.25,60,0,710700
BANKNIFTY-III.NFO,18/03/2025,09:42:20,49371.6,49370.4,30,49380.45,60,0,710700
BANKNIFTY-III.NFO,18/03/2025,09:42:21,49371.6,49370.4,30,49381.05,30,0,710700
BANKNIFTY-III.NFO,18/03/2025,09:42:23,49371.6,49371.65,30,49383.15,60,0,710700
BANKNIFTY-III.NFO,18/03/2025,09:42:25,49371.6,49370.4,30,49379.75,60,0,710700
BANKNIFTY-III.NFO,18/03/2025,09:42:26,49371.6,49370.4,30,49380.7,60,0,710700
BANKNIFTY-III.NFO,18/03/2025,09:42:28,49371.6,49370.4,30,49379.1,30,0,710700
BANKNIFTY-III.NFO,18/03/2025,09:42:30,49371.6,49370.4,30,49383.4,60,0,710700
BANKNIFTY-III.NFO,18/03/2025,09:42:31,49371.6,49370.45,90,49385.9,60,0,710700
BANKNIFTY-III.NFO,18/03/2025,09:42:33,49371.6,49370.45,90,49386.45,30,0,710700
BANKNIFTY-III.NFO,18/03/2025,09:42:34,49371.6,49370.45,90,49388,30,0,710700
BANKNIFTY-III.NFO,18/03/2025,09:42:36,49371.6,49378.45,30,49390.95,60,0,710700
BANKNIFTY-III.NFO,18/03/2025,09:42:38,49371.6,49378.5,60,49380,30,0,710700
BANKNIFTY-III.NFO,18/03/2025,09:42:39,49371.6,49378.45,30,49380,30,0,710700
BANKNIFTY-III.NFO,18/03/2025,09:42:41,49380,49378.5,90,49396.75,60,30,710700
BANKNIFTY-III.NFO,18/03/2025,09:42:43,49380,49378.55,60,49396.85,60,0,711180
BANKNIFTY-III.NFO,18/03/2025,09:42:44,49378.55,49378.55,60,49395.75,60,30,711180
BANKNIFTY-III.NFO,18/03/2025,09:42:46,49378.55,49385.7,30,49394.85,60,0,711180
BANKNIFTY-III.NFO,18/03/2025,09:42:48,49378.55,49393.05,30,49393.45,60,0,711180
BANKNIFTY-III.NFO,18/03/2025,09:42:49,49392.65,49381.7,30,49392.5,30,60,711180
BANKNIFTY-III.NFO,18/03/2025,09:42:51,49392.65,49381.7,60,49396.95,60,0,711180
BANKNIFTY-III.NFO,18/03/2025,09:42:53,49392.65,49384.35,30,49393.8,30,0,711180
BANKNIFTY-III.NFO,18/03/2025,09:42:54,49392.65,49388.2,30,49394.65,30,0,711180
BANKNIFTY-III.NFO,18/03/2025,09:42:56,49392.65,49379.9,60,49397.2,60,0,711180
BANKNIFTY-III.NFO,18/03/2025,09:42:58,49392.65,49379.9,60,49397.15,60,0,711180
BANKNIFTY-III.NFO,18/03/2025,09:42:59,49392.65,49396.3,30,49400,180,0,711180
BANKNIFTY-III.NFO,18/03/2025,09:43:01,49392.65,49384.55,90,49400,180,0,711180
BANKNIFTY-III.NFO,18/03/2025,09:43:03,49392.65,49397.85,30,49400,180,0,711180
BANKNIFTY-III.NFO,18/03/2025,09:43:04,49400,49397.85,30,49400,150,30,711180
BANKNIFTY-III.NFO,18/03/2025,09:43:06,49397.85,49388.1,60,49400,150,30,711180
BANKNIFTY-III.NFO,18/03/2025,09:43:08,49400,49385.05,60,49399.95,60,30,711180
BANKNIFTY-III.NFO,18/03/2025,09:43:09,49400,49382.2,60,49399.95,60,0,711180
BANKNIFTY-III.NFO,18/03/2025,09:43:11,49400,49378.15,90,49394.45,30,0,711180
BANKNIFTY-III.NFO,18/03/2025,09:43:13,49400,49378.15,90,49396.15,30,0,711180
BANKNIFTY-III.NFO,18/03/2025,09:43:14,49400,49380.1,90,49396.15,30,0,711180
BANKNIFTY-III.NFO,18/03/2025,09:43:18,49400,49387.9,30,49399.95,60,0,711180
BANKNIFTY-III.NFO,18/03/2025,09:43:19,49400,49380.15,60,49398.9,30,0,711180
BANKNIFTY-III.NFO,18/03/2025,09:43:21,49400,49380.5,60,49399.95,30,0,711180
BANKNIFTY-III.NFO,18/03/2025,09:43:23,49400,49391.05,30,49398.8,30,0,711180
BANKNIFTY-III.NFO,18/03/2025,09:43:24,49400,49385.65,90,49398.8,30,0,711180
BANKNIFTY-III.NFO,18/03/2025,09:43:26,49400,49386.5,90,49398.8,30,0,711180
BANKNIFTY-III.NFO,18/03/2025,09:43:28,49400,49382.55,60,49398.75,60,0,711180
BANKNIFTY-III.NFO,18/03/2025,09:43:29,49400,49390,30,49398.75,30,0,711180
BANKNIFTY-III.NFO,18/03/2025,09:43:31,49400,49384.85,60,49398.75,60,0,711180
BANKNIFTY-III.NFO,18/03/2025,09:43:33,49400,49380.3,90,49398.6,30,0,711180
BANKNIFTY-III.NFO,18/03/2025,09:43:35,49400,49380.3,90,49397.95,30,0,711180
BANKNIFTY-III.NFO,18/03/2025,09:43:36,49400,49380.3,90,49396.5,30,0,711180
BANKNIFTY-III.NFO,18/03/2025,09:43:38,49400,49380.25,30,49395.25,60,0,711180
BANKNIFTY-III.NFO,18/03/2025,09:43:40,49400,49381.2,30,49397.8,30,0,711180
BANKNIFTY-III.NFO,18/03/2025,09:43:41,49400,49388.05,30,49395.35,60,0,711180
BANKNIFTY-III.NFO,18/03/2025,09:43:43,49400,49388.05,30,49396.8,60,0,711180
BANKNIFTY-III.NFO,18/03/2025,09:43:45,49400,49388.05,30,49397.5,60,0,711180
BANKNIFTY-III.NFO,18/03/2025,09:43:46,49400,49388.05,30,49396.85,60,0,711180
BANKNIFTY-III.NFO,18/03/2025,09:43:48,49400,49388.05,30,49396.35,30,0,711180
BANKNIFTY-III.NFO,18/03/2025,09:43:50,49400,49383.2,30,49395.8,60,0,711180
BANKNIFTY-III.NFO,18/03/2025,09:43:51,49400,49383.9,30,49393.1,60,0,711180
BANKNIFTY-III.NFO,18/03/2025,09:43:53,49393.1,49383.9,30,49395.85,60,30,711180
BANKNIFTY-III.NFO,18/03/2025,09:43:55,49393.1,49383.9,30,49394.55,150,0,711180
BANKNIFTY-III.NFO,18/03/2025,09:43:56,49393.1,49383.9,30,49392.85,150,0,711180
BANKNIFTY-III.NFO,18/03/2025,09:43:58,49394.35,49388.95,30,49393.6,90,30,711180
BANKNIFTY-III.NFO,18/03/2025,09:44:00,49394.35,49382.2,60,49394.7,30,0,711180
BANKNIFTY-III.NFO,18/03/2025,09:44:01,49394.35,49382.25,90,49397.55,30,0,711180
BANKNIFTY-III.NFO,18/03/2025,09:44:03,49394.35,49382.25,90,49398.8,60,0,711180
BANKNIFTY-III.NFO,18/03/2025,09:44:06,49394.35,49385,30,49394.7,120,0,711180
BANKNIFTY-III.NFO,18/03/2025,09:44:08,49394.35,49389.7,30,49394,240,0,711180
BANKNIFTY-III.NFO,18/03/2025,09:44:10,49394.35,49390.05,30,49393.65,90,0,711180
BANKNIFTY-III.NFO,18/03/2025,09:44:11,49390.45,49386.85,30,49390.25,30,60,711180
BANKNIFTY-III.NFO,18/03/2025,09:44:13,49391.15,49385,30,49394,150,60,711180
BANKNIFTY-III.NFO,18/03/2025,09:44:15,49385,49388.55,30,49394,150,30,711180
BANKNIFTY-III.NFO,18/03/2025,09:44:16,49385,49388.55,30,49394,150,0,711180
BANKNIFTY-III.NFO,18/03/2025,09:44:20,49393.65,49388.55,30,49393.65,30,30,711180
BANKNIFTY-III.NFO,18/03/2025,09:44:21,49392.2,49388.55,30,49394,180,60,711180
BANKNIFTY-III.NFO,18/03/2025,09:44:23,49388.55,49387.85,30,49394,180,30,711180
BANKNIFTY-III.NFO,18/03/2025,09:44:25,49388.55,49386.2,30,49391,30,0,711180
BANKNIFTY-III.NFO,18/03/2025,09:44:26,49388.55,49386.6,30,49391,30,0,711180
BANKNIFTY-III.NFO,18/03/2025,09:44:30,49388.55,49382.2,60,49391,30,0,711180
BANKNIFTY-III.NFO,18/03/2025,09:44:31,49388.55,49382.2,90,49391,60,0,711180
BANKNIFTY-III.NFO,18/03/2025,09:44:33,49388.55,49382.2,60,49387.75,60,0,711180
BANKNIFTY-III.NFO,18/03/2025,09:44:35,49388.55,49382.2,60,49390.2,30,0,711180
BANKNIFTY-III.NFO,18/03/2025,09:44:36,49388.55,49382.2,60,49391,30,0,711180
BANKNIFTY-III.NFO,18/03/2025,09:44:40,49388.55,49382.2,60,49391,60,0,711180
BANKNIFTY-III.NFO,18/03/2025,09:44:43,49388.55,49382.2,60,49391,90,0,711180
BANKNIFTY-III.NFO,18/03/2025,09:44:48,49388.55,49382.2,60,49390,150,0,711180
BANKNIFTY-III.NFO,18/03/2025,09:44:51,49388.55,49382.25,60,49390,150,0,711180
BANKNIFTY-III.NFO,18/03/2025,09:44:55,49388.55,49382.2,60,49390,150,0,711180
BANKNIFTY-III.NFO,18/03/2025,09:44:58,49388.55,49382.2,60,49390,180,0,711180
BANKNIFTY-III.NFO,18/03/2025,09:45:01,49382.2,49378.1,30,49389.45,30,60,711180
BANKNIFTY-III.NFO,18/03/2025,09:45:03,49382.2,49378.3,30,49390,180,0,711180
BANKNIFTY-III.NFO,18/03/2025,09:45:05,49382.2,49378.1,30,49389.05,60,0,711180
BANKNIFTY-III.NFO,18/03/2025,09:45:06,49382.2,49378.1,30,49387.5,60,0,711180
BANKNIFTY-III.NFO,18/03/2025,09:45:08,49382.2,49378.1,30,49382.15,180,0,711180
BANKNIFTY-III.NFO,18/03/2025,09:45:10,49382.2,49378.1,30,49380.35,90,0,711180
BANKNIFTY-III.NFO,18/03/2025,09:45:11,49382.2,49378.1,30,49380.9,30,0,711180
BANKNIFTY-III.NFO,18/03/2025,09:45:13,49382.2,49381,30,49381.4,30,0,711180
BANKNIFTY-III.NFO,18/03/2025,09:45:15,49378.1,49370.4,30,49376.5,150,60,711180
BANKNIFTY-III.NFO,18/03/2025,09:45:16,49378.1,49370.4,30,49375.9,30,0,711180
BANKNIFTY-III.NFO,18/03/2025,09:45:18,49378.1,49370.4,30,49373.7,60,0,711180
BANKNIFTY-III.NFO,18/03/2025,09:45:20,49378.1,49370.4,30,49375.15,180,0,711180
BANKNIFTY-III.NFO,18/03/2025,09:45:21,49378.1,49370.4,30,49380.4,30,0,711180
BANKNIFTY-III.NFO,18/03/2025,09:45:23,49378.1,49370.4,30,49381.2,180,0,711180
BANKNIFTY-III.NFO,18/03/2025,09:45:25,49378.1,49370.4,30,49382.2,60,0,711180
BANKNIFTY-III.NFO,18/03/2025,09:45:26,49378.1,49369.1,60,49382.2,30,0,711180
BANKNIFTY-III.NFO,18/03/2025,09:45:28,49378.1,49372.25,30,49382.2,30,0,711180
BANKNIFTY-III.NFO,18/03/2025,09:45:30,49378.1,49364.1,30,49378.3,90,0,711180
BANKNIFTY-III.NFO,18/03/2025,09:45:31,49378.1,49364.1,30,49374.4,210,0,711180
BANKNIFTY-III.NFO,18/03/2025,09:45:33,49378.1,49364.1,30,49374.2,90,0,711180
BANKNIFTY-III.NFO,18/03/2025,09:45:35,49378.1,49364.15,60,49378.3,30,0,711180
BANKNIFTY-III.NFO,18/03/2025,09:45:36,49378.1,49364.7,60,49370,30,0,711180
BANKNIFTY-III.NFO,18/03/2025,09:45:38,49378.1,49364.15,60,49370,30,0,711180
BANKNIFTY-III.NFO,18/03/2025,09:45:41,49370,49364.15,90,49382.2,30,30,711240
BANKNIFTY-III.NFO,18/03/2025,09:45:43,49370,49364.2,60,49382.2,30,0,711240
BANKNIFTY-III.NFO,18/03/2025,09:45:45,49370,49364.35,60,49382.2,30,0,711240
BANKNIFTY-III.NFO,18/03/2025,09:45:46,49370,49366.8,60,49382.2,30,0,711240
BANKNIFTY-III.NFO,18/03/2025,09:45:48,49370,49364.2,60,49382.2,60,0,711240
BANKNIFTY-III.NFO,18/03/2025,09:45:50,49370,49364.2,60,49380,90,0,711240
BANKNIFTY-III.NFO,18/03/2025,09:45:51,49370,49364.65,60,49380,90,0,711240
BANKNIFTY-III.NFO,18/03/2025,09:45:53,49370,49365.05,60,49380,120,0,711240
BANKNIFTY-III.NFO,18/03/2025,09:45:55,49370,49364.15,60,49370,30,0,711240
BANKNIFTY-III.NFO,18/03/2025,09:45:56,49370,49365.8,60,49370,30,0,711240
BANKNIFTY-III.NFO,18/03/2025,09:45:58,49370,49370,120,49380,120,30,711240
BANKNIFTY-III.NFO,18/03/2025,09:46:00,49370,49370,120,49378.8,90,0,711240
BANKNIFTY-III.NFO,18/03/2025,09:46:01,49370,49370,120,49379.95,180,0,711240
BANKNIFTY-III.NFO,18/03/2025,09:46:04,49370,49370,120,49379.25,60,0,711240
BANKNIFTY-III.NFO,18/03/2025,09:46:06,49370,49370,120,49379.95,180,0,711240
BANKNIFTY-III.NFO,18/03/2025,09:46:08,49370,49370,90,49379.95,180,30,711240
BANKNIFTY-III.NFO,18/03/2025,09:46:09,49370,49370,90,49379.95,180,0,711240
BANKNIFTY-III.NFO,18/03/2025,09:46:18,49370,49370,90,49379.35,30,0,711240
BANKNIFTY-III.NFO,18/03/2025,09:46:19,49370,49370,90,49379.3,30,0,711240
BANKNIFTY-III.NFO,18/03/2025,09:46:21,49370,49370,90,49379.8,30,0,711240
BANKNIFTY-III.NFO,18/03/2025,09:46:23,49370,49370,90,49379.95,150,0,711240
BANKNIFTY-III.NFO,18/03/2025,09:46:28,49370,49370.05,60,49379.95,150,0,711240
BANKNIFTY-III.NFO,18/03/2025,09:46:29,49370,49371.45,90,49380,90,0,711240
BANKNIFTY-III.NFO,18/03/2025,09:46:31,49370,49370.05,90,49380,90,0,711240
BANKNIFTY-III.NFO,18/03/2025,09:46:33,49370,49370,90,49380,90,0,711240
BANKNIFTY-III.NFO,18/03/2025,09:46:34,49370,49370.05,60,49380,90,0,711240
BANKNIFTY-III.NFO,18/03/2025,09:46:36,49370,49370.05,90,49380,90,0,711240
BANKNIFTY-III.NFO,18/03/2025,09:46:38,49370,49370.05,30,49380,90,0,711240
BANKNIFTY-III.NFO,18/03/2025,09:46:39,49370,49370.1,60,49380,90,0,711240
BANKNIFTY-III.NFO,18/03/2025,09:46:41,49370,49374.35,60,49380,90,0,711240
BANKNIFTY-III.NFO,18/03/2025,09:46:43,49370,49376.2,60,49380,90,0,711240
BANKNIFTY-III.NFO,18/03/2025,09:46:44,49380,49376.45,30,49380,60,30,711240
BANKNIFTY-III.NFO,18/03/2025,09:46:46,49380,49372.95,90,49380,60,0,711240
BANKNIFTY-III.NFO,18/03/2025,09:46:48,49380,49370.1,90,49380,60,0,711240
BANKNIFTY-III.NFO,18/03/2025,09:46:51,49380,49370.1,60,49380,60,0,711240
BANKNIFTY-III.NFO,18/03/2025,09:46:54,49380,49370.1,90,49380,60,0,711240
BANKNIFTY-III.NFO,18/03/2025,09:46:59,49380,49373.6,60,49390,240,60,711240
BANKNIFTY-III.NFO,18/03/2025,09:47:01,49380,49375.4,60,49390,240,0,711240
BANKNIFTY-III.NFO,18/03/2025,09:47:02,49380,49376.65,90,49390,240,0,711240
BANKNIFTY-III.NFO,18/03/2025,09:47:04,49380,49381.45,30,49390,240,0,711240
BANKNIFTY-III.NFO,18/03/2025,09:47:06,49380,49376.7,60,49390,240,0,711240
BANKNIFTY-III.NFO,18/03/2025,09:47:07,49380,49386.65,30,49390,240,0,711240
BANKNIFTY-III.NFO,18/03/2025,09:47:09,49380,49389,30,49390,240,0,711240
BANKNIFTY-III.NFO,18/03/2025,09:47:12,49380,49381.8,60,49390,240,0,711240
BANKNIFTY-III.NFO,18/03/2025,09:47:14,49380,49387.2,30,49390,240,0,711240
BANKNIFTY-III.NFO,18/03/2025,09:47:16,49390,49387.3,60,49390,30,210,711240
BANKNIFTY-III.NFO,18/03/2025,09:47:17,49389,49387.25,60,49390,30,30,711240
BANKNIFTY-III.NFO,18/03/2025,09:47:19,49390,49389.95,30,49394.35,60,30,711240
BANKNIFTY-III.NFO,18/03/2025,09:47:21,49394.35,49389.95,60,49394.35,30,30,711240
BANKNIFTY-III.NFO,18/03/2025,09:47:22,49394.35,49389.95,60,49394.35,30,0,711240
BANKNIFTY-III.NFO,18/03/2025,09:47:24,49394.35,49390.2,60,49400,300,30,711240
BANKNIFTY-III.NFO,18/03/2025,09:47:26,49394.35,49392.05,90,49400,300,0,711240
BANKNIFTY-III.NFO,18/03/2025,09:47:27,49394.35,49392.8,60,49399,30,0,711240
BANKNIFTY-III.NFO,18/03/2025,09:47:29,49394.35,49394.85,60,49399,30,0,711240
BANKNIFTY-III.NFO,18/03/2025,09:47:31,49400,49397.25,60,49416.7,60,330,711240
BANKNIFTY-III.NFO,18/03/2025,09:47:32,49400,49397.25,60,49416.7,60,0,711240
BANKNIFTY-III.NFO,18/03/2025,09:47:34,49400,49396.55,30,49415.6,60,0,711240
BANKNIFTY-III.NFO,18/03/2025,09:47:36,49400,49400.05,60,49415.6,30,0,711240
BANKNIFTY-III.NFO,18/03/2025,09:47:37,49400,49400.05,30,49414.9,30,0,711240
BANKNIFTY-III.NFO,18/03/2025,09:47:39,49400,49400.05,30,49412.75,30,0,711240
BANKNIFTY-III.NFO,18/03/2025,09:47:44,49400,49400.05,30,49411,60,0,711240
BANKNIFTY-III.NFO,18/03/2025,09:47:46,49400,49400.05,30,49410.5,30,0,711240
BANKNIFTY-III.NFO,18/03/2025,09:47:47,49400,49400.05,30,49411,60,0,711240
BANKNIFTY-III.NFO,18/03/2025,09:47:49,49400,49400.05,30,49411,30,0,711240
BANKNIFTY-III.NFO,18/03/2025,09:47:51,49400,49400.35,60,49411,30,0,711240
BANKNIFTY-III.NFO,18/03/2025,09:47:53,49400,49400.35,30,49411,30,0,711240
BANKNIFTY-III.NFO,18/03/2025,09:47:54,49400,49400.35,30,49411,60,0,711240
BANKNIFTY-III.NFO,18/03/2025,09:47:56,49400,49400.05,30,49411,60,0,711240
BANKNIFTY-III.NFO,18/03/2025,09:47:58,49400,49400.05,30,49410,30,0,711240
BANKNIFTY-III.NFO,18/03/2025,09:48:01,49400,49400.05,30,49410,60,0,711240
BANKNIFTY-III.NFO,18/03/2025,09:48:03,49400,49400.05,30,49410,30,0,711240
BANKNIFTY-III.NFO,18/03/2025,09:48:06,49400,49400.05,30,49410,60,0,711240
BANKNIFTY-III.NFO,18/03/2025,09:48:08,49400,49400.05,30,49410,30,0,711240
BANKNIFTY-III.NFO,18/03/2025,09:48:14,49400,49400.1,90,49410,30,0,711240
BANKNIFTY-III.NFO,18/03/2025,09:48:16,49400,49408.3,30,49410,30,0,711240
BANKNIFTY-III.NFO,18/03/2025,09:48:18,49400,49404.5,30,49410,30,0,711240
BANKNIFTY-III.NFO,18/03/2025,09:48:19,49400,49400.05,30,49410,30,0,711240
BANKNIFTY-III.NFO,18/03/2025,09:48:21,49400,49400.1,90,49410,30,0,711240
BANKNIFTY-III.NFO,18/03/2025,09:48:24,49400,49404.5,30,49410,30,0,711240
BANKNIFTY-III.NFO,18/03/2025,09:48:26,49410,49404.55,60,49411,30,30,711240
BANKNIFTY-III.NFO,18/03/2025,09:48:28,49410,49400.1,90,49411,30,0,711240
BANKNIFTY-III.NFO,18/03/2025,09:48:29,49411,49400.1,90,49416.7,60,30,711570
BANKNIFTY-III.NFO,18/03/2025,09:48:29,49411,49400.1,90,49416.7,60,0,711570
BANKNIFTY-III.NFO,18/03/2025,09:48:31,49411,49412.05,30,49416.7,30,0,711570
BANKNIFTY-III.NFO,18/03/2025,09:48:32,49411,49404.5,30,49416.7,30,0,711570
BANKNIFTY-III.NFO,18/03/2025,09:48:34,49411,49410.35,30,49416.7,30,0,711570
BANKNIFTY-III.NFO,18/03/2025,09:48:37,49411,49409.1,30,49416.7,60,0,711570
BANKNIFTY-III.NFO,18/03/2025,09:48:39,49411,49409.1,30,49415.8,30,0,711570
BANKNIFTY-III.NFO,18/03/2025,09:48:41,49409.1,49400.15,60,49416.7,60,30,711570
BANKNIFTY-III.NFO,18/03/2025,09:48:42,49409.1,49400.05,30,49412.35,90,0,711570
BANKNIFTY-III.NFO,18/03/2025,09:48:44,49409.1,49402.4,30,49410.7,60,0,711570
BANKNIFTY-III.NFO,18/03/2025,09:48:46,49400,49400.05,30,49409.85,180,90,711570
BANKNIFTY-III.NFO,18/03/2025,09:48:47,49400,49395.85,30,49407.7,90,0,711570
BANKNIFTY-III.NFO,18/03/2025,09:48:49,49400,49389.15,30,49405.3,30,0,711570
BANKNIFTY-III.NFO,18/03/2025,09:48:51,49400,49392.85,60,49408.1,30,0,711570
BANKNIFTY-III.NFO,18/03/2025,09:48:52,49400,49395,60,49409.25,30,0,711570
BANKNIFTY-III.NFO,18/03/2025,09:48:54,49400,49395.15,60,49409.95,60,0,711570
BANKNIFTY-III.NFO,18/03/2025,09:48:56,49400,49395.35,30,49409.95,60,0,711570
BANKNIFTY-III.NFO,18/03/2025,09:48:57,49400,49399.05,30,49409.95,60,0,711570
BANKNIFTY-III.NFO,18/03/2025,09:48:59,49400,49390.05,120,49406.75,150,0,711570
BANKNIFTY-III.NFO,18/03/2025,09:49:01,49400,49390.05,90,49401.9,90,0,711570
BANKNIFTY-III.NFO,18/03/2025,09:49:02,49400,49390.05,90,49401.05,150,0,711570
BANKNIFTY-III.NFO,18/03/2025,09:49:04,49400,49390.05,90,49401.25,150,0,711570
BANKNIFTY-III.NFO,18/03/2025,09:49:06,49400,49390.05,90,49398.95,150,0,711570
BANKNIFTY-III.NFO,18/03/2025,09:49:07,49400,49390.05,90,49400.9,60,0,711570
BANKNIFTY-III.NFO,18/03/2025,09:49:09,49400,49390.05,90,49399.4,150,0,711570
BANKNIFTY-III.NFO,18/03/2025,09:49:11,49400,49390.05,90,49395.8,150,0,711570
BANKNIFTY-III.NFO,18/03/2025,09:49:12,49400,49390.05,90,49397,150,0,711570
BANKNIFTY-III.NFO,18/03/2025,09:49:14,49390.05,49373.75,30,49390,90,120,711570
BANKNIFTY-III.NFO,18/03/2025,09:49:16,49390.05,49373.75,30,49387.9,180,0,711570
BANKNIFTY-III.NFO,18/03/2025,09:49:17,49390.05,49373.8,90,49388.6,180,0,711570
BANKNIFTY-III.NFO,18/03/2025,09:49:19,49390.05,49376.35,90,49392.15,60,0,711570
BANKNIFTY-III.NFO,18/03/2025,09:49:21,49390.05,49373.8,90,49390.55,30,0,711570
BANKNIFTY-III.NFO,18/03/2025,09:49:22,49390.05,49376.8,90,49393.45,60,0,711570
BANKNIFTY-III.NFO,18/03/2025,09:49:24,49390.05,49373.75,30,49387.6,90,0,711570
BANKNIFTY-III.NFO,18/03/2025,09:49:26,49390.05,49373.75,30,49385.3,90,0,711570
BANKNIFTY-III.NFO,18/03/2025,09:49:27,49390.05,49373.75,30,49382.5,150,0,711570
BANKNIFTY-III.NFO,18/03/2025,09:49:29,49390.05,49373.75,30,49380.35,150,0,711570
BANKNIFTY-III.NFO,18/03/2025,09:49:31,49390.05,49373.75,30,49381.9,30,0,711570
BANKNIFTY-III.NFO,18/03/2025,09:49:32,49390.05,49373.75,30,49382.65,30,0,711570
BANKNIFTY-III.NFO,18/03/2025,09:49:34,49390.05,49373.75,30,49379.3,60,0,711570
BANKNIFTY-III.NFO,18/03/2025,09:49:36,49390.05,49373.75,30,49382,180,0,711570
BANKNIFTY-III.NFO,18/03/2025,09:49:37,49390.05,49373.75,30,49381.4,60,0,711570
BANKNIFTY-III.NFO,18/03/2025,09:49:39,49390.05,49373.75,30,49378.05,30,0,711570
BANKNIFTY-III.NFO,18/03/2025,09:49:41,49378.05,49373.75,30,49379.05,150,30,711570
BANKNIFTY-III.NFO,18/03/2025,09:49:42,49378.05,49373.75,30,49381.3,60,0,711570
BANKNIFTY-III.NFO,18/03/2025,09:49:44,49378.05,49373.75,30,49382.5,150,0,711570
BANKNIFTY-III.NFO,18/03/2025,09:49:46,49378.05,49373.75,30,49384.7,60,0,711570
BANKNIFTY-III.NFO,18/03/2025,09:49:47,49378.05,49373.8,60,49380,30,0,711570
BANKNIFTY-III.NFO,18/03/2025,09:49:49,49378.05,49373.75,30,49380,30,0,711570
BANKNIFTY-III.NFO,18/03/2025,09:49:59,49378.05,49373.75,30,49376.6,150,0,711570
BANKNIFTY-III.NFO,18/03/2025,09:50:01,49378.05,49373.75,30,49380,30,0,711570
BANKNIFTY-III.NFO,18/03/2025,09:50:12,49378.05,49373.75,30,49379,30,0,711570
BANKNIFTY-III.NFO,18/03/2025,09:50:24,49378.05,49373.75,30,49378.05,30,0,711570
BANKNIFTY-III.NFO,18/03/2025,09:50:27,49378.05,49373.75,30,49378.05,60,0,711570
BANKNIFTY-III.NFO,18/03/2025,09:50:31,49378.05,49373.75,30,49375.25,150,0,711570
BANKNIFTY-III.NFO,18/03/2025,09:50:32,49373.75,49370,90,49373.7,120,30,711570
BANKNIFTY-III.NFO,18/03/2025,09:50:34,49373.75,49370,90,49372.4,120,0,711570
BANKNIFTY-III.NFO,18/03/2025,09:50:36,49370,49370,60,49372.15,90,60,711570
BANKNIFTY-III.NFO,18/03/2025,09:50:37,49370,49365.05,30,49370,90,60,711570
BANKNIFTY-III.NFO,18/03/2025,09:50:39,49367.85,49365.05,30,49367.8,60,30,711570
BANKNIFTY-III.NFO,18/03/2025,09:50:41,49365.05,49360.05,30,49364.2,30,30,711570
BANKNIFTY-III.NFO,18/03/2025,09:50:42,49360.05,49352.4,60,49365.55,60,30,711570
BANKNIFTY-III.NFO,18/03/2025,09:50:44,49360.05,49355.85,30,49363.4,30,0,711570
BANKNIFTY-III.NFO,18/03/2025,09:50:46,49362.3,49350.05,60,49364.75,30,30,711570
BANKNIFTY-III.NFO,18/03/2025,09:50:47,49362.3,49351.05,30,49363.85,90,0,711570
BANKNIFTY-III.NFO,18/03/2025,09:50:49,49362.3,49351.1,90,49366.35,30,0,711570
BANKNIFTY-III.NFO,18/03/2025,09:50:51,49362.3,49352.1,60,49365,60,0,711570
BANKNIFTY-III.NFO,18/03/2025,09:50:52,49362.3,49352.95,60,49365,30,0,711570
BANKNIFTY-III.NFO,18/03/2025,09:50:54,49365,49353.9,120,49370,60,30,711570
BANKNIFTY-III.NFO,18/03/2025,09:50:56,49365,49351.1,90,49368,180,0,711570
BANKNIFTY-III.NFO,18/03/2025,09:50:57,49365,49355.75,60,49361,30,0,711570
BANKNIFTY-III.NFO,18/03/2025,09:50:59,49365,49351.05,60,49361,30,0,711570
BANKNIFTY-III.NFO,18/03/2025,09:51:02,49365,49351.05,90,49361,30,0,711570
BANKNIFTY-III.NFO,18/03/2025,09:51:04,49365,49352.95,90,49361,30,0,711570
BANKNIFTY-III.NFO,18/03/2025,09:51:06,49365,49351.7,60,49361,30,0,711570
BANKNIFTY-III.NFO,18/03/2025,09:51:07,49365,49352.05,90,49361,30,0,711570
BANKNIFTY-III.NFO,18/03/2025,09:51:11,49365,49351.05,60,49361,30,0,711570
BANKNIFTY-III.NFO,18/03/2025,09:51:12,49365,49351,30,49361,30,0,711570
BANKNIFTY-III.NFO,18/03/2025,09:51:16,49365,49352,30,49361,30,0,711570
BANKNIFTY-III.NFO,18/03/2025,09:51:19,49365,49352,30,49362,60,0,711570
BANKNIFTY-III.NFO,18/03/2025,09:51:24,49365,49352,30,49360.15,180,0,711570
BANKNIFTY-III.NFO,18/03/2025,09:51:26,49365,49352,30,49360.6,150,0,711570
BANKNIFTY-III.NFO,18/03/2025,09:51:27,49365,49352,30,49359,150,0,711570
BANKNIFTY-III.NFO,18/03/2025,09:51:29,49365,49352,30,49356.9,150,0,711570
BANKNIFTY-III.NFO,18/03/2025,09:51:30,49365,49352,30,49357.5,150,0,711570
BANKNIFTY-III.NFO,18/03/2025,09:51:32,49365,49352,60,49357.8,150,0,711570
BANKNIFTY-III.NFO,18/03/2025,09:51:34,49365,49352,60,49358.3,150,0,711570
BANKNIFTY-III.NFO,18/03/2025,09:51:35,49365,49352,60,49360.2,180,0,711570
BANKNIFTY-III.NFO,18/03/2025,09:51:37,49365,49352,60,49360.9,150,0,711570
BANKNIFTY-III.NFO,18/03/2025,09:51:39,49365,49352,60,49362,30,0,711570
BANKNIFTY-III.NFO,18/03/2025,09:51:42,49365,49352,60,49361.85,150,0,711570
BANKNIFTY-III.NFO,18/03/2025,09:51:44,49365,49355,30,49359.75,30,0,711570
BANKNIFTY-III.NFO,18/03/2025,09:51:50,49359.75,49352,30,49362,30,30,711510
BANKNIFTY-III.NFO,18/03/2025,09:51:52,49362,49352,30,49366.5,180,30,711510
BANKNIFTY-III.NFO,18/03/2025,09:51:54,49362,49352,30,49367.1,180,0,711510
BANKNIFTY-III.NFO,18/03/2025,09:51:55,49362,49352,30,49364.15,150,0,711510
BANKNIFTY-III.NFO,18/03/2025,09:51:57,49362,49352.05,90,49367.15,180,0,711510
BANKNIFTY-III.NFO,18/03/2025,09:51:59,49362,49352.05,90,49367.05,30,0,711510
BANKNIFTY-III.NFO,18/03/2025,09:52:00,49362,49354.2,60,49365.65,30,0,711510
BANKNIFTY-III.NFO,18/03/2025,09:52:02,49362,49354.6,60,49365.65,30,0,711510
BANKNIFTY-III.NFO,18/03/2025,09:52:04,49362,49357.8,60,49365.65,30,0,711510
BANKNIFTY-III.NFO,18/03/2025,09:52:05,49362,49358.5,90,49365.65,30,0,711510
BANKNIFTY-III.NFO,18/03/2025,09:52:07,49362,49356.7,60,49365.65,30,0,711510
BANKNIFTY-III.NFO,18/03/2025,09:52:09,49362,49354.2,60,49365.65,30,0,711510
BANKNIFTY-III.NFO,18/03/2025,09:52:12,49362,49352.05,90,49365.65,30,0,711510
BANKNIFTY-III.NFO,18/03/2025,09:52:16,49362,49355,60,49365.65,30,0,711510
BANKNIFTY-III.NFO,18/03/2025,09:52:17,49362,49353.4,90,49365.65,30,0,711510
BANKNIFTY-III.NFO,18/03/2025,09:52:19,49353.4,49352.05,90,49365.65,30,30,711510
BANKNIFTY-III.NFO,18/03/2025,09:52:21,49353.4,49352,30,49363.7,30,0,711510
BANKNIFTY-III.NFO,18/03/2025,09:52:22,49353.4,49352,30,49365.15,60,0,711510
BANKNIFTY-III.NFO,18/03/2025,09:52:24,49353.4,49352,30,49365.6,60,0,711510
BANKNIFTY-III.NFO,18/03/2025,09:52:26,49353.4,49352.85,90,49365.65,30,0,711510
BANKNIFTY-III.NFO,18/03/2025,09:52:27,49353.4,49355.85,30,49365.65,30,0,711510
BANKNIFTY-III.NFO,18/03/2025,09:52:29,49353.4,49356.45,90,49365.65,30,0,711510
BANKNIFTY-III.NFO,18/03/2025,09:52:31,49365.65,49361.05,60,49369,30,30,711510
BANKNIFTY-III.NFO,18/03/2025,09:52:32,49365.65,49367.2,30,49369,30,0,711510
BANKNIFTY-III.NFO,18/03/2025,09:52:34,49369,49367.2,30,49374.8,30,30,711510
BANKNIFTY-III.NFO,18/03/2025,09:52:36,49369,49367.2,30,49374.85,30,0,711510
BANKNIFTY-III.NFO,18/03/2025,09:52:41,49369,49367.2,30,49374.8,30,0,711510
BANKNIFTY-III.NFO,18/03/2025,09:52:42,49369,49367.2,30,49374.15,30,0,711510
BANKNIFTY-III.NFO,18/03/2025,09:52:44,49369,49367.2,30,49374.85,30,0,711510
BANKNIFTY-III.NFO,18/03/2025,09:52:45,49369,49367.2,30,49374.8,30,0,711510
BANKNIFTY-III.NFO,18/03/2025,09:52:47,49369,49361.85,30,49372.35,30,0,711510
BANKNIFTY-III.NFO,18/03/2025,09:52:49,49369,49361.9,90,49374.8,30,0,711510
BANKNIFTY-III.NFO,18/03/2025,09:52:50,49369,49361.1,30,49374.1,30,0,711510
BANKNIFTY-III.NFO,18/03/2025,09:52:52,49369,49356.05,60,49373.2,30,0,711510
BANKNIFTY-III.NFO,18/03/2025,09:52:54,49369,49358.1,60,49374.8,60,0,711510
BANKNIFTY-III.NFO,18/03/2025,09:52:55,49369,49359.5,60,49374.8,60,0,711510
BANKNIFTY-III.NFO,18/03/2025,09:52:57,49369,49364.7,90,49374.85,30,0,711510
BANKNIFTY-III.NFO,18/03/2025,09:52:59,49369,49361.45,90,49374.85,30,0,711510
BANKNIFTY-III.NFO,18/03/2025,09:53:00,49369,49360.55,60,49374.85,30,0,711510
BANKNIFTY-III.NFO,18/03/2025,09:53:02,49369,49363.15,60,49374.85,30,0,711510
BANKNIFTY-III.NFO,18/03/2025,09:53:04,49369,49364.15,60,49374.85,30,0,711510
BANKNIFTY-III.NFO,18/03/2025,09:53:05,49369,49362.9,60,49374.85,30,0,711510
BANKNIFTY-III.NFO,18/03/2025,09:53:10,49374.85,49364.2,60,49378.05,30,30,711510
BANKNIFTY-III.NFO,18/03/2025,09:53:12,49374.85,49362.9,60,49378,30,0,711510
BANKNIFTY-III.NFO,18/03/2025,09:53:13,49374.85,49365.15,60,49378.05,30,0,711510
BANKNIFTY-III.NFO,18/03/2025,09:53:15,49374.85,49371.1,30,49378.05,30,0,711510
BANKNIFTY-III.NFO,18/03/2025,09:53:18,49374.85,49371.1,30,49378,30,0,711510
BANKNIFTY-III.NFO,18/03/2025,09:53:20,49371.1,49360.05,30,49375.6,60,30,711510
BANKNIFTY-III.NFO,18/03/2025,09:53:22,49371.1,49360,30,49371.85,60,0,711510
BANKNIFTY-III.NFO,18/03/2025,09:53:23,49369.35,49360,30,49370.8,150,30,711510
BANKNIFTY-III.NFO,18/03/2025,09:53:25,49369.35,49360.05,60,49375.65,180,0,711510
BANKNIFTY-III.NFO,18/03/2025,09:53:27,49369.35,49360.05,60,49378.05,60,0,711510
BANKNIFTY-III.NFO,18/03/2025,09:53:28,49369.35,49360.05,90,49376.45,180,0,711510
BANKNIFTY-III.NFO,18/03/2025,09:53:30,49369.35,49360.05,90,49377.75,30,0,711510
BANKNIFTY-III.NFO,18/03/2025,09:53:33,49369.35,49360.1,60,49378.05,60,0,711510
BANKNIFTY-III.NFO,18/03/2025,09:53:35,49369.35,49361.15,60,49378.05,60,0,711510
BANKNIFTY-III.NFO,18/03/2025,09:53:40,49361.15,49361.15,60,49378,60,30,711510
BANKNIFTY-III.NFO,18/03/2025,09:53:42,49361.15,49361.7,60,49378,30,0,711510
BANKNIFTY-III.NFO,18/03/2025,09:53:43,49361.15,49361.7,60,49378.05,30,0,711510
BANKNIFTY-III.NFO,18/03/2025,09:53:45,49361.15,49360,30,49373.75,60,0,711510
BANKNIFTY-III.NFO,18/03/2025,09:53:47,49361.15,49360.05,90,49376.1,60,0,711510
BANKNIFTY-III.NFO,18/03/2025,09:53:48,49361.15,49360.05,60,49375.65,60,0,711510
BANKNIFTY-III.NFO,18/03/2025,09:53:53,49361.15,49360,30,49373.85,60,0,711510
BANKNIFTY-III.NFO,18/03/2025,09:53:55,49361.15,49360,30,49369.75,60,0,711510
BANKNIFTY-III.NFO,18/03/2025,09:53:57,49361.15,49360,30,49369.8,60,0,711510
BANKNIFTY-III.NFO,18/03/2025,09:53:58,49361.15,49360,30,49367.45,60,0,711510
BANKNIFTY-III.NFO,18/03/2025,09:54:00,49360,49350.1,90,49366.35,60,30,711510
BANKNIFTY-III.NFO,18/03/2025,09:54:02,49360,49350.1,90,49366.3,30,0,711510
BANKNIFTY-III.NFO,18/03/2025,09:54:03,49360,49350.1,60,49365.3,30,0,711510
BANKNIFTY-III.NFO,18/03/2025,09:54:05,49360,49350.1,90,49365.3,30,0,711510
BANKNIFTY-III.NFO,18/03/2025,09:54:07,49350.1,49350.1,90,49367.55,60,30,711510
BANKNIFTY-III.NFO,18/03/2025,09:54:08,49350.1,49350.05,60,49365.55,60,0,711510
