Ticker,Date,Time,LTP,BuyPrice,BuyQty,SellPrice,SellQty,LTQ,OpenInterest
BANKNIFTY-II.NFO,18/03/2025,09:15:00,49026,49037.35,120,49094.9,60,150,831420
BANKNIFTY-II.NFO,18/03/2025,09:15:00,49026,49037.35,120,49094.9,60,0,831420
BANKNIFTY-II.NFO,18/03/2025,09:15:00,49026,49037.35,120,49094.9,60,0,831420
BANKNIFTY-II.NFO,18/03/2025,09:15:00,49025.95,49037.35,120,49094.9,60,0,831420
BANKNIFTY-II.NFO,18/03/2025,09:15:01,49049.8,49034.6,90,49049.8,90,180,831420
BANKNIFTY-II.NFO,18/03/2025,09:15:01,49049.8,49034.6,90,49049.8,90,0,831420
BANKNIFTY-II.NFO,18/03/2025,09:15:03,49021.1,48993.4,60,49038.6,120,390,831420
BANKNIFTY-II.NFO,18/03/2025,09:15:03,49069.85,48993.4,60,49038.6,120,0,831420
BANKNIFTY-II.NFO,18/03/2025,09:15:03,49021.1,48993.4,60,49038.6,120,0,831420
BANKNIFTY-II.NFO,18/03/2025,09:15:05,49021.1,48971,60,49000.3,120,0,831420
BANKNIFTY-II.NFO,18/03/2025,09:15:06,48943.1,48939.75,150,48983.75,120,120,831420
BANKNIFTY-II.NFO,18/03/2025,09:15:06,48943.1,48939.75,150,48983.75,120,0,831420
BANKNIFTY-II.NFO,18/03/2025,09:15:08,48945.5,48940.6,30,48972.8,120,30,831420
BANKNIFTY-II.NFO,18/03/2025,09:15:10,48975.65,48959.2,120,48994.85,30,360,831420
BANKNIFTY-II.NFO,18/03/2025,09:15:11,48970,48970,4860,48970.5,30,270,831420
BANKNIFTY-II.NFO,18/03/2025,09:15:13,48970,48970,2400,48970.4,30,2460,831420
BANKNIFTY-II.NFO,18/03/2025,09:15:14,48975.65,48970.3,60,48973.4,30,120,831420
BANKNIFTY-II.NFO,18/03/2025,09:15:16,48975.65,48971.65,120,48984.2,30,0,831420
BANKNIFTY-II.NFO,18/03/2025,09:15:18,48970.15,48970.35,120,48981.1,150,60,831420
BANKNIFTY-II.NFO,18/03/2025,09:15:19,48970.35,48970.5,60,48976.85,30,30,831420
BANKNIFTY-II.NFO,18/03/2025,09:15:21,48970.15,48970.15,30,48975,30,120,833490
BANKNIFTY-II.NFO,18/03/2025,09:15:23,48985,48985,1440,48989.85,30,990,833490
BANKNIFTY-II.NFO,18/03/2025,09:15:24,48985,48985,600,48988.05,30,840,833490
BANKNIFTY-II.NFO,18/03/2025,09:15:26,48954.05,48954.05,30,48975.1,90,630,833490
BANKNIFTY-II.NFO,18/03/2025,09:15:28,48954.05,48943.55,120,48968.95,90,0,833490
BANKNIFTY-II.NFO,18/03/2025,09:15:29,48954.05,48943.05,120,48972.7,90,0,833490
BANKNIFTY-II.NFO,18/03/2025,09:15:31,48946.2,48944.25,120,48972.1,120,30,833490
BANKNIFTY-II.NFO,18/03/2025,09:15:33,48946.2,48951.05,120,48977.05,120,0,833490
BANKNIFTY-II.NFO,18/03/2025,09:15:34,48946.85,48947.45,60,48975.9,120,300,833490
BANKNIFTY-II.NFO,18/03/2025,09:15:36,48946.85,48949.85,90,48972.8,120,0,833490
BANKNIFTY-II.NFO,18/03/2025,09:15:37,48972.8,48950.85,30,48972.8,60,90,833490
BANKNIFTY-II.NFO,18/03/2025,09:15:39,48972.8,48962,30,48979.4,120,0,833490
BANKNIFTY-II.NFO,18/03/2025,09:15:41,48972.8,48956,30,48974.4,120,0,833490
BANKNIFTY-II.NFO,18/03/2025,09:15:42,48972.8,48953.8,30,48972.75,150,0,833490
BANKNIFTY-II.NFO,18/03/2025,09:15:44,48972.8,48953.8,30,48972.75,120,0,833490
BANKNIFTY-II.NFO,18/03/2025,09:15:46,48954.4,48954.7,30,48972.75,120,30,833490
BANKNIFTY-II.NFO,18/03/2025,09:15:47,48953.75,48956.45,30,48972.75,120,360,833490
BANKNIFTY-II.NFO,18/03/2025,09:15:49,48972.75,48956.05,30,48972.75,120,30,833490
BANKNIFTY-II.NFO,18/03/2025,09:15:50,48972.75,48953.05,30,48972.75,120,0,833490
BANKNIFTY-II.NFO,18/03/2025,09:15:52,48972.75,48954.7,30,48972.8,90,90,833490
BANKNIFTY-II.NFO,18/03/2025,09:15:54,48975,48975,3450,48976.35,150,1560,833490
BANKNIFTY-II.NFO,18/03/2025,09:15:55,48975,48975,3150,48982.9,150,300,833490
BANKNIFTY-II.NFO,18/03/2025,09:15:57,48975,48975.25,90,48984.95,90,0,833490
BANKNIFTY-II.NFO,18/03/2025,09:15:59,48980.75,48980.8,90,48990,30,60,833490
BANKNIFTY-II.NFO,18/03/2025,09:16:00,48999,48992,120,48999,90,210,833490
BANKNIFTY-II.NFO,18/03/2025,09:16:02,49016.95,49016.95,90,49025.95,30,240,833490
BANKNIFTY-II.NFO,18/03/2025,09:16:04,49017.05,49017.05,90,49025.95,30,120,833490
BANKNIFTY-II.NFO,18/03/2025,09:16:05,49026.1,49025.25,150,49033.95,30,540,833490
BANKNIFTY-II.NFO,18/03/2025,09:16:07,49051.1,49045.15,90,49060,60,360,833490
BANKNIFTY-II.NFO,18/03/2025,09:16:09,49044.2,49046.4,300,49060,60,480,833490
BANKNIFTY-II.NFO,18/03/2025,09:16:10,49040.85,49044,150,49060,60,900,833490
BANKNIFTY-II.NFO,18/03/2025,09:16:12,49042.95,49042.95,90,49060,60,60,833490
BANKNIFTY-II.NFO,18/03/2025,09:16:13,49050,49050.15,90,49060,60,90,833490
BANKNIFTY-II.NFO,18/03/2025,09:16:15,49050.15,49050.55,90,49060,60,30,833490
BANKNIFTY-II.NFO,18/03/2025,09:16:17,49050.15,49052,90,49060,60,0,833490
BANKNIFTY-II.NFO,18/03/2025,09:16:18,49054.1,49053.4,90,49060,30,150,833490
BANKNIFTY-II.NFO,18/03/2025,09:16:20,49050,49049.6,90,49069.95,120,630,833490
BANKNIFTY-II.NFO,18/03/2025,09:16:20,49070,49049.6,90,49069.95,120,0,833490
BANKNIFTY-II.NFO,18/03/2025,09:16:22,49049.6,49049.5,90,49063.5,60,30,833490
BANKNIFTY-II.NFO,18/03/2025,09:16:23,49053.25,49044.85,90,49063.5,60,30,833490
BANKNIFTY-II.NFO,18/03/2025,09:16:25,49050.15,49047.05,150,49070,30,180,833490
BANKNIFTY-II.NFO,18/03/2025,09:16:27,49050.15,49060,30,49069.95,120,0,833490
BANKNIFTY-II.NFO,18/03/2025,09:16:28,49046.1,49044.65,90,49063.7,30,180,833490
BANKNIFTY-II.NFO,18/03/2025,09:16:30,49046.1,49046.85,150,49063.7,30,0,833490
BANKNIFTY-II.NFO,18/03/2025,09:16:32,49050.15,49050.85,90,49063.7,30,30,833490
BANKNIFTY-II.NFO,18/03/2025,09:16:33,49050.85,49050.85,90,49064.65,30,30,833490
BANKNIFTY-II.NFO,18/03/2025,09:16:35,49070,49070,2310,49070.1,30,930,833490
BANKNIFTY-II.NFO,18/03/2025,09:16:37,49064.65,49046.15,120,49060.4,30,2370,833490
BANKNIFTY-II.NFO,18/03/2025,09:16:38,49064.65,49053.25,90,49063.15,60,0,833490
BANKNIFTY-II.NFO,18/03/2025,09:16:40,49053.25,49053.25,90,49063.9,60,30,833490
BANKNIFTY-II.NFO,18/03/2025,09:16:42,49053.25,49056.3,90,49066.6,30,0,833490
BANKNIFTY-II.NFO,18/03/2025,09:16:43,49059.2,49062.15,90,49070,60,30,833490
BANKNIFTY-II.NFO,18/03/2025,09:16:45,49062.15,49062.15,120,49070,90,30,833490
BANKNIFTY-II.NFO,18/03/2025,09:16:47,49062.15,49062.2,90,49069.6,60,0,833490
BANKNIFTY-II.NFO,18/03/2025,09:16:48,49070.45,49060.55,90,49068.75,60,300,833490
BANKNIFTY-II.NFO,18/03/2025,09:16:48,49070.45,49060.55,90,49068.75,60,0,833490
BANKNIFTY-II.NFO,18/03/2025,09:16:50,49070.45,49054.3,90,49065.1,60,0,833490
BANKNIFTY-II.NFO,18/03/2025,09:16:52,49062.15,49062.15,90,49071.15,60,90,833490
BANKNIFTY-II.NFO,18/03/2025,09:16:53,49062.15,49054.55,150,49062,30,60,833490
BANKNIFTY-II.NFO,18/03/2025,09:16:55,49054.55,49054.55,120,49062,30,30,833490
BANKNIFTY-II.NFO,18/03/2025,09:16:57,49062,49058.6,120,49070.4,90,90,833490
BANKNIFTY-II.NFO,18/03/2025,09:16:58,49062,49058.6,120,49070.45,30,0,833490
BANKNIFTY-II.NFO,18/03/2025,09:17:00,49058.6,49058.4,90,49065.55,30,60,833490
BANKNIFTY-II.NFO,18/03/2025,09:17:02,49067.4,49068.2,120,49077,150,150,833490
BANKNIFTY-II.NFO,18/03/2025,09:17:03,49080,49080.35,90,49083.15,30,300,833490
BANKNIFTY-II.NFO,18/03/2025,09:17:03,49080,49080.35,90,49083.15,30,0,833490
BANKNIFTY-II.NFO,18/03/2025,09:17:05,49083.15,49084.4,60,49086,30,60,833490
BANKNIFTY-II.NFO,18/03/2025,09:17:05,49083.15,49084.4,60,49086,30,0,833490
BANKNIFTY-II.NFO,18/03/2025,09:17:07,49086,49086.35,60,49090,30,30,833490
BANKNIFTY-II.NFO,18/03/2025,09:17:07,49086,49086.35,60,49090,30,0,833490
BANKNIFTY-II.NFO,18/03/2025,09:17:08,49090,49087.4,120,49099.95,120,30,833490
BANKNIFTY-II.NFO,18/03/2025,09:17:08,49090,49087.4,120,49099.95,120,0,833490
BANKNIFTY-II.NFO,18/03/2025,09:17:10,49087.45,49088.3,90,49099.95,120,30,833490
BANKNIFTY-II.NFO,18/03/2025,09:17:12,49087.45,49083.9,120,49099.95,150,0,833490
BANKNIFTY-II.NFO,18/03/2025,09:17:13,49087.45,49090,30,49099.95,150,0,833490
BANKNIFTY-II.NFO,18/03/2025,09:17:15,49090.05,49090,30,49100,1380,30,833490
BANKNIFTY-II.NFO,18/03/2025,09:17:15,49090.05,49090,30,49100,1380,0,833490
BANKNIFTY-II.NFO,18/03/2025,09:17:17,49090.15,49090.15,30,49100,1380,60,833490
BANKNIFTY-II.NFO,18/03/2025,09:17:17,49090.15,49090.15,30,49100,1380,0,833490
BANKNIFTY-II.NFO,18/03/2025,09:17:18,49087.25,49088.05,30,49099.95,120,60,833490
BANKNIFTY-II.NFO,18/03/2025,09:17:20,49088.8,49088.8,30,49100,1380,30,833490
BANKNIFTY-II.NFO,18/03/2025,09:17:22,49090.95,49090.1,30,49100,1380,150,833490
BANKNIFTY-II.NFO,18/03/2025,09:17:22,49090.95,49090.1,30,49100,1380,0,833490
BANKNIFTY-II.NFO,18/03/2025,09:17:23,49089.8,49088.1,30,49100,1380,60,833490
BANKNIFTY-II.NFO,18/03/2025,09:17:25,49091.5,49090.95,30,49095,30,60,833490
BANKNIFTY-II.NFO,18/03/2025,09:17:25,49091.5,49090.95,30,49095,30,0,833490
BANKNIFTY-II.NFO,18/03/2025,09:17:27,49095,49090.95,30,49099.95,150,30,833490
BANKNIFTY-II.NFO,18/03/2025,09:17:27,49095,49090.95,30,49099.95,150,0,833490
BANKNIFTY-II.NFO,18/03/2025,09:17:28,49090.95,49084.9,30,49089.8,720,30,833490
BANKNIFTY-II.NFO,18/03/2025,09:17:30,49089.8,49085.7,60,49089.8,660,60,833490
BANKNIFTY-II.NFO,18/03/2025,09:17:32,49089.8,49093.85,60,49095,30,690,833490
BANKNIFTY-II.NFO,18/03/2025,09:17:33,49092.8,49093.3,60,49100,1350,120,833490
BANKNIFTY-II.NFO,18/03/2025,09:17:33,49095.4,49093.3,60,49100,1350,0,833490
BANKNIFTY-II.NFO,18/03/2025,09:17:35,49092.8,49094.2,60,49100,1350,0,833490
BANKNIFTY-II.NFO,18/03/2025,09:17:37,49100,49092.65,30,49100,1320,30,833490
BANKNIFTY-II.NFO,18/03/2025,09:17:37,49100,49092.65,30,49100,1320,0,833490
BANKNIFTY-II.NFO,18/03/2025,09:17:38,49100,49094,30,49100,1290,30,833490
BANKNIFTY-II.NFO,18/03/2025,09:17:40,49100,49091.6,90,49098.8,60,0,833490
BANKNIFTY-II.NFO,18/03/2025,09:17:42,49098.8,49093.45,90,49098.75,120,30,833490
BANKNIFTY-II.NFO,18/03/2025,09:17:43,49098.8,49088.75,90,49098.75,120,0,833490
BANKNIFTY-II.NFO,18/03/2025,09:17:45,49098.8,49088.75,90,49098.75,150,0,833490
BANKNIFTY-II.NFO,18/03/2025,09:17:47,49098.8,49088.75,90,49097.75,120,0,833490
BANKNIFTY-II.NFO,18/03/2025,09:17:48,49098.8,49088.75,90,49094.35,120,0,833490
BANKNIFTY-II.NFO,18/03/2025,09:17:50,49098.8,49083.05,90,49093.95,120,0,833490
BANKNIFTY-II.NFO,18/03/2025,09:17:52,49089.95,49083,30,49089.3,150,60,833490
BANKNIFTY-II.NFO,18/03/2025,09:17:53,49083,49079.35,90,49087.45,120,30,833490
BANKNIFTY-II.NFO,18/03/2025,09:17:55,49083,49079.35,90,49089.6,120,0,833490
BANKNIFTY-II.NFO,18/03/2025,09:17:57,49083,49079.35,90,49090.7,120,0,833490
BANKNIFTY-II.NFO,18/03/2025,09:17:58,49092.85,49079.35,90,49091.65,90,90,833490
BANKNIFTY-II.NFO,18/03/2025,09:18:00,49091.65,49086.55,90,49094.85,30,60,833490
BANKNIFTY-II.NFO,18/03/2025,09:18:02,49086.55,49091.65,90,49098,60,30,833490
BANKNIFTY-II.NFO,18/03/2025,09:18:03,49086.55,49092.3,90,49097.95,30,0,833490
BANKNIFTY-II.NFO,18/03/2025,09:18:05,49085.35,49085.35,90,49093.7,30,60,833490
BANKNIFTY-II.NFO,18/03/2025,09:18:07,49085.35,49086,90,49093.2,60,0,833490
BANKNIFTY-II.NFO,18/03/2025,09:18:08,49090,49091.65,120,49096.3,30,30,833490
BANKNIFTY-II.NFO,18/03/2025,09:18:10,49091.65,49091.65,90,49095.85,30,30,833490
BANKNIFTY-II.NFO,18/03/2025,09:18:12,49091.65,49080.55,90,49093.5,30,90,833490
BANKNIFTY-II.NFO,18/03/2025,09:18:13,49091.65,49080.55,90,49093.5,30,0,833490
BANKNIFTY-II.NFO,18/03/2025,09:18:15,49080.55,49080.55,90,49091.95,30,60,833490
BANKNIFTY-II.NFO,18/03/2025,09:18:17,49080.55,49080.55,90,49090.15,30,0,833490
BANKNIFTY-II.NFO,18/03/2025,09:18:18,49080.55,49080.55,90,49087.4,30,30,833490
BANKNIFTY-II.NFO,18/03/2025,09:18:20,49068.65,49067.8,90,49075,930,450,833490
BANKNIFTY-II.NFO,18/03/2025,09:18:22,49067.8,49069.15,90,49075,930,30,837120
BANKNIFTY-II.NFO,18/03/2025,09:18:23,49071.7,49071.7,60,49075,930,30,837120
BANKNIFTY-II.NFO,18/03/2025,09:18:25,49071.7,49070,90,49075,930,0,837120
BANKNIFTY-II.NFO,18/03/2025,09:18:27,49069.65,49069.65,90,49075,930,30,837120
BANKNIFTY-II.NFO,18/03/2025,09:18:28,49068.6,49068.6,90,49075,930,90,837120
BANKNIFTY-II.NFO,18/03/2025,09:18:30,49068.6,49070.05,90,49075,930,0,837120
BANKNIFTY-II.NFO,18/03/2025,09:18:31,49070.05,49070,30,49075,930,60,837120
BANKNIFTY-II.NFO,18/03/2025,09:18:33,49070.05,49070.05,90,49075,930,0,837120
BANKNIFTY-II.NFO,18/03/2025,09:18:35,49070.05,49070.05,90,49075,930,30,837120
BANKNIFTY-II.NFO,18/03/2025,09:18:36,49070.05,49070,30,49075,930,0,837120
BANKNIFTY-II.NFO,18/03/2025,09:18:38,49066.95,49069.6,90,49075,930,60,837120
BANKNIFTY-II.NFO,18/03/2025,09:18:40,49066.95,49068.3,90,49075,930,0,837120
BANKNIFTY-II.NFO,18/03/2025,09:18:41,49066.95,49067.45,30,49071,120,0,837120
BANKNIFTY-II.NFO,18/03/2025,09:18:43,49066.95,49069.15,150,49071,120,0,837120
BANKNIFTY-II.NFO,18/03/2025,09:18:45,49066.95,49066.8,30,49071,120,0,837120
BANKNIFTY-II.NFO,18/03/2025,09:18:46,49067,49068.3,30,49071,120,60,837120
BANKNIFTY-II.NFO,18/03/2025,09:18:48,49067,49069.6,30,49071,120,0,837120
BANKNIFTY-II.NFO,18/03/2025,09:18:49,49070.35,49071,30,49075,960,150,837120
BANKNIFTY-II.NFO,18/03/2025,09:18:51,49070.35,49071,30,49075,960,0,837120
BANKNIFTY-II.NFO,18/03/2025,09:18:53,49070.35,49071.35,30,49075,960,0,837120
BANKNIFTY-II.NFO,18/03/2025,09:18:54,49075,49071.55,150,49075,810,150,837120
BANKNIFTY-II.NFO,18/03/2025,09:18:56,49082.75,49084.2,90,49089.95,120,900,837120
BANKNIFTY-II.NFO,18/03/2025,09:18:58,49079.45,49079.45,90,49089.95,120,60,837120
BANKNIFTY-II.NFO,18/03/2025,09:18:59,49079.45,49079.45,90,49089.95,60,90,837120
BANKNIFTY-II.NFO,18/03/2025,09:19:01,49079.45,49079.4,90,49089.95,120,30,837120
BANKNIFTY-II.NFO,18/03/2025,09:19:03,49079.45,49079.4,90,49089.95,120,0,837120
BANKNIFTY-II.NFO,18/03/2025,09:19:04,49079.4,49082.8,90,49090,60,30,837120
BANKNIFTY-II.NFO,18/03/2025,09:19:06,49079.4,49082.8,90,49090,60,0,837120
BANKNIFTY-II.NFO,18/03/2025,09:19:08,49082.8,49082.8,90,49089.95,120,60,837120
BANKNIFTY-II.NFO,18/03/2025,09:19:09,49082.8,49082.8,90,49090,60,60,837120
BANKNIFTY-II.NFO,18/03/2025,09:19:11,49082.8,49082.8,90,49090,60,0,837120
BANKNIFTY-II.NFO,18/03/2025,09:19:13,49082.8,49082.8,90,49089.95,150,30,837120
BANKNIFTY-II.NFO,18/03/2025,09:19:14,49082.8,49082.8,90,49089.95,120,0,837120
BANKNIFTY-II.NFO,18/03/2025,09:19:16,49082.8,49082.8,90,49089.95,150,0,837120
BANKNIFTY-II.NFO,18/03/2025,09:19:19,49089.1,49082.8,90,49089.1,90,30,837120
BANKNIFTY-II.NFO,18/03/2025,09:19:21,49089.1,49081.6,90,49088.5,150,0,837120
BANKNIFTY-II.NFO,18/03/2025,09:19:22,49089.1,49077.4,90,49084.95,120,0,837120
BANKNIFTY-II.NFO,18/03/2025,09:19:26,49089.1,49075.05,90,49083.9,120,0,837120
BANKNIFTY-II.NFO,18/03/2025,09:19:28,49089.1,49075.05,90,49084.7,120,0,837120
BANKNIFTY-II.NFO,18/03/2025,09:19:29,49089.1,49077.85,90,49084.75,30,0,837120
BANKNIFTY-II.NFO,18/03/2025,09:19:31,49075.05,49081.4,90,49089.1,30,120,837120
BANKNIFTY-II.NFO,18/03/2025,09:19:33,49075.05,49075.05,90,49081.4,30,0,837120
BANKNIFTY-II.NFO,18/03/2025,09:19:34,49075.05,49075.9,90,49081.4,30,0,837120
BANKNIFTY-II.NFO,18/03/2025,09:19:36,49088,49075.05,90,49083.75,30,120,837120
BANKNIFTY-II.NFO,18/03/2025,09:19:38,49088,49082.1,90,49089.05,60,0,837120
BANKNIFTY-II.NFO,18/03/2025,09:19:39,49088,49075.15,120,49089.05,60,0,837120
BANKNIFTY-II.NFO,18/03/2025,09:19:41,49088,49080.7,90,49087.3,60,0,837120
BANKNIFTY-II.NFO,18/03/2025,09:19:43,49088,49080,30,49084.2,30,0,837120
BANKNIFTY-II.NFO,18/03/2025,09:19:44,49075,49067,90,49081.05,60,180,837120
BANKNIFTY-II.NFO,18/03/2025,09:19:46,49075,49071.75,90,49078.65,30,0,837120
BANKNIFTY-II.NFO,18/03/2025,09:19:48,49083.1,49070.05,90,49081.85,60,120,837120
BANKNIFTY-II.NFO,18/03/2025,09:19:49,49083.1,49070.05,90,49083.9,60,0,837120
BANKNIFTY-II.NFO,18/03/2025,09:19:51,49070.05,49070.05,90,49081.5,60,30,837120
BANKNIFTY-II.NFO,18/03/2025,09:19:52,49070.05,49066.95,30,49079.9,30,30,837120
BANKNIFTY-II.NFO,18/03/2025,09:19:54,49070.05,49069.6,90,49079.45,30,0,837120
BANKNIFTY-II.NFO,18/03/2025,09:19:56,49070.05,49066.95,30,49072,30,0,837120
BANKNIFTY-II.NFO,18/03/2025,09:19:59,49066.95,49066,30,49066.6,30,30,837120
BANKNIFTY-II.NFO,18/03/2025,09:20:00,49066.95,49066,30,49066.6,30,0,837120
BANKNIFTY-II.NFO,18/03/2025,09:20:02,49066,49051.25,90,49063.8,30,30,837120
BANKNIFTY-II.NFO,18/03/2025,09:20:04,49066,49050.05,120,49066.25,30,0,837120
BANKNIFTY-II.NFO,18/03/2025,09:20:05,49066,49050.65,120,49066.6,60,0,837120
BANKNIFTY-II.NFO,18/03/2025,09:20:07,49050.05,49050.05,90,49062.15,30,480,837120
BANKNIFTY-II.NFO,18/03/2025,09:20:09,49050.05,49050.05,90,49051.45,30,0,837120
BANKNIFTY-II.NFO,18/03/2025,09:20:12,49051.45,49052.35,90,49071.85,120,30,837120
BANKNIFTY-II.NFO,18/03/2025,09:20:14,49051.45,49056.85,30,49071.05,150,0,837120
BANKNIFTY-II.NFO,18/03/2025,09:20:15,49056.9,49051.6,60,49069.4,120,30,837120
BANKNIFTY-II.NFO,18/03/2025,09:20:17,49057.3,49065.35,30,49076.65,150,60,837120
BANKNIFTY-II.NFO,18/03/2025,09:20:19,49057.3,49065.35,30,49078.65,120,0,837120
BANKNIFTY-II.NFO,18/03/2025,09:20:20,49061.65,49066.75,60,49080,30,60,837120
BANKNIFTY-II.NFO,18/03/2025,09:20:22,49061.65,49065.9,150,49080,60,0,837120
BANKNIFTY-II.NFO,18/03/2025,09:20:24,49065.9,49068.35,30,49080,30,30,837120
BANKNIFTY-II.NFO,18/03/2025,09:20:25,49080,49072.6,120,49085,60,30,837120
BANKNIFTY-II.NFO,18/03/2025,09:20:27,49080,49070.1,120,49079.15,30,0,837120
BANKNIFTY-II.NFO,18/03/2025,09:20:29,49079.15,49074.65,120,49079.25,30,30,837120
BANKNIFTY-II.NFO,18/03/2025,09:20:30,49079.15,49070.2,30,49079.25,30,0,837120
BANKNIFTY-II.NFO,18/03/2025,09:20:32,49079.25,49072.6,60,49079.15,30,30,837120
BANKNIFTY-II.NFO,18/03/2025,09:20:34,49079.25,49073.95,120,49079.15,30,0,837120
BANKNIFTY-II.NFO,18/03/2025,09:20:35,49079.25,49074.4,120,49079.15,30,0,837120
BANKNIFTY-II.NFO,18/03/2025,09:20:37,49079.15,49078,30,49085,90,30,837120
BANKNIFTY-II.NFO,18/03/2025,09:20:39,49079.15,49073.95,30,49085,90,0,837120
BANKNIFTY-II.NFO,18/03/2025,09:20:40,49073.95,49073.05,30,49082.15,30,30,837120
BANKNIFTY-II.NFO,18/03/2025,09:20:42,49073.95,49074.8,30,49082.15,30,0,837120
BANKNIFTY-II.NFO,18/03/2025,09:20:44,49078.65,49074.8,30,49079.15,60,270,837120
BANKNIFTY-II.NFO,18/03/2025,09:20:45,49075.25,49070.85,30,49079,30,60,837120
BANKNIFTY-II.NFO,18/03/2025,09:20:47,49075.25,49072.5,120,49079,30,0,837120
BANKNIFTY-II.NFO,18/03/2025,09:20:49,49075.25,49074.25,120,49079,30,0,837120
BANKNIFTY-II.NFO,18/03/2025,09:20:50,49074.9,49070.55,90,49078.95,120,30,837120
BANKNIFTY-II.NFO,18/03/2025,09:20:52,49075.2,49070.35,90,49078.95,120,120,837120
BANKNIFTY-II.NFO,18/03/2025,09:20:54,49075.2,49071.25,120,49079,30,0,837120
BANKNIFTY-II.NFO,18/03/2025,09:20:55,49076.2,49071.25,90,49079,30,60,837120
BANKNIFTY-II.NFO,18/03/2025,09:20:57,49071.25,49063.55,30,49074.85,120,60,837120
BANKNIFTY-II.NFO,18/03/2025,09:20:59,49062.7,49066,90,49074.85,150,90,837120
BANKNIFTY-II.NFO,18/03/2025,09:21:00,49062.7,49059.2,90,49074.85,150,0,837120
BANKNIFTY-II.NFO,18/03/2025,09:21:02,49059.2,49059.2,90,49073.3,120,60,837120
BANKNIFTY-II.NFO,18/03/2025,09:21:03,49059.2,49062.1,90,49078,120,0,837120
BANKNIFTY-II.NFO,18/03/2025,09:21:05,49062.9,49066.7,90,49078.95,150,150,837120
BANKNIFTY-II.NFO,18/03/2025,09:21:07,49062.9,49073.6,90,49078.95,120,0,837120
BANKNIFTY-II.NFO,18/03/2025,09:21:08,49062.9,49070.7,90,49078.75,120,0,837120
BANKNIFTY-II.NFO,18/03/2025,09:21:10,49062.9,49056.2,90,49072.9,120,0,837120
BANKNIFTY-II.NFO,18/03/2025,09:21:12,49062.9,49064.85,90,49076.25,120,0,837120
BANKNIFTY-II.NFO,18/03/2025,09:21:13,49064.85,49064.85,90,49076.25,120,60,837120
BANKNIFTY-II.NFO,18/03/2025,09:21:15,49064.85,49064.85,90,49078.9,120,0,837120
BANKNIFTY-II.NFO,18/03/2025,09:21:17,49064.85,49064.85,90,49074.25,30,0,837120
BANKNIFTY-II.NFO,18/03/2025,09:21:18,49064.85,49064.85,90,49079,30,0,837120
BANKNIFTY-II.NFO,18/03/2025,09:21:20,49064.85,49064.2,90,49076,30,0,837120
BANKNIFTY-II.NFO,18/03/2025,09:21:23,49064.85,49063,90,49068,30,0,837120
BANKNIFTY-II.NFO,18/03/2025,09:21:25,49064.85,49063.5,60,49068,30,0,837120
BANKNIFTY-II.NFO,18/03/2025,09:21:26,49064.85,49066.3,30,49068,30,0,837120
BANKNIFTY-II.NFO,18/03/2025,09:21:28,49071.45,49070.95,90,49076,30,150,835920
BANKNIFTY-II.NFO,18/03/2025,09:21:29,49071.45,49070.95,90,49076,30,0,835920
BANKNIFTY-II.NFO,18/03/2025,09:21:31,49071.45,49071.05,90,49076,30,0,835920
BANKNIFTY-II.NFO,18/03/2025,09:21:33,49071.55,49071.45,90,49076,30,60,835920
BANKNIFTY-II.NFO,18/03/2025,09:21:34,49071.55,49070.2,90,49076,30,0,835920
BANKNIFTY-II.NFO,18/03/2025,09:21:36,49071.45,49071.8,90,49076.3,30,360,835920
BANKNIFTY-II.NFO,18/03/2025,09:21:38,49071.45,49071.8,90,49079.15,30,0,835920
BANKNIFTY-II.NFO,18/03/2025,09:21:40,49073.3,49071.8,90,49079.1,30,30,835920
BANKNIFTY-II.NFO,18/03/2025,09:21:41,49071.8,49071.8,90,49079.15,30,30,835920
BANKNIFTY-II.NFO,18/03/2025,09:21:43,49075.7,49074.25,90,49079.15,30,60,835920
BANKNIFTY-II.NFO,18/03/2025,09:21:45,49080,49080,510,49085,90,240,835920
BANKNIFTY-II.NFO,18/03/2025,09:21:46,49074.25,49075,30,49084.95,30,600,835920
BANKNIFTY-II.NFO,18/03/2025,09:21:48,49077.9,49080,750,49084.9,30,30,835920
BANKNIFTY-II.NFO,18/03/2025,09:21:50,49080,49075,30,49084.8,150,780,835920
BANKNIFTY-II.NFO,18/03/2025,09:21:51,49080,49075,30,49079.6,30,0,835920
BANKNIFTY-II.NFO,18/03/2025,09:21:53,49080,49077.5,90,49084.75,30,0,835920
BANKNIFTY-II.NFO,18/03/2025,09:21:58,49080,49075.05,90,49084.75,30,0,835920
BANKNIFTY-II.NFO,18/03/2025,09:21:59,49080,49075,30,49079.95,30,0,835920
BANKNIFTY-II.NFO,18/03/2025,09:22:01,49079.95,49079.95,30,49080,30,60,835920
BANKNIFTY-II.NFO,18/03/2025,09:22:03,49079.95,49078.35,30,49079.95,60,30,835920
BANKNIFTY-II.NFO,18/03/2025,09:22:04,49079.95,49078.7,60,49079.95,30,30,835920
BANKNIFTY-II.NFO,18/03/2025,09:22:06,49080,49078,90,49082.55,30,60,835920
BANKNIFTY-II.NFO,18/03/2025,09:22:08,49080,49079.5,90,49085,90,0,835920
BANKNIFTY-II.NFO,18/03/2025,09:22:09,49080,49079.95,60,49084.1,30,0,835920
BANKNIFTY-II.NFO,18/03/2025,09:22:11,49081.5,49080.6,90,49085,90,60,835920
BANKNIFTY-II.NFO,18/03/2025,09:22:13,49084.55,49084.95,30,49085,90,30,835920
BANKNIFTY-II.NFO,18/03/2025,09:22:14,49085,49084.6,30,49085,60,60,835920
BANKNIFTY-II.NFO,18/03/2025,09:22:16,49084.1,49080,30,49085,60,60,835920
BANKNIFTY-II.NFO,18/03/2025,09:22:18,49075.05,49075,150,49084.95,120,210,835920
BANKNIFTY-II.NFO,18/03/2025,09:22:19,49075.05,49075.05,90,49083.55,30,90,835920
BANKNIFTY-II.NFO,18/03/2025,09:22:21,49075.05,49075.05,90,49083.55,30,0,835920
BANKNIFTY-II.NFO,18/03/2025,09:22:23,49075.05,49075.05,90,49082.35,30,0,835920
BANKNIFTY-II.NFO,18/03/2025,09:22:24,49075.05,49075.05,90,49085,60,0,835920
BANKNIFTY-II.NFO,18/03/2025,09:22:26,49085,49075.05,90,49085,30,30,835920
BANKNIFTY-II.NFO,18/03/2025,09:22:28,49085,49076.85,90,49085,30,0,835920
BANKNIFTY-II.NFO,18/03/2025,09:22:31,49076.85,49077.9,90,49085,30,30,835920
BANKNIFTY-II.NFO,18/03/2025,09:22:33,49076.85,49081.05,60,49084.95,30,0,835920
BANKNIFTY-II.NFO,18/03/2025,09:22:34,49076.85,49082.55,60,49084.95,30,0,835920
BANKNIFTY-II.NFO,18/03/2025,09:22:36,49084.95,49081.85,60,49085,60,60,835920
BANKNIFTY-II.NFO,18/03/2025,09:22:38,49083.15,49083.1,90,49093.15,30,210,835920
BANKNIFTY-II.NFO,18/03/2025,09:22:39,49083.15,49087.5,90,49094,60,0,835920
BANKNIFTY-II.NFO,18/03/2025,09:22:44,49083.15,49087.5,90,49091.75,30,0,835920
BANKNIFTY-II.NFO,18/03/2025,09:22:46,49087.5,49084.85,90,49091.5,120,30,835920
BANKNIFTY-II.NFO,18/03/2025,09:22:47,49090.85,49083.65,90,49091.5,150,90,835920
BANKNIFTY-II.NFO,18/03/2025,09:22:49,49090.85,49082.25,90,49091.5,120,0,835920
BANKNIFTY-II.NFO,18/03/2025,09:22:51,49082.25,49084.95,90,49091.55,30,30,835920
BANKNIFTY-II.NFO,18/03/2025,09:22:52,49082.25,49084.95,90,49091.2,30,0,835920
BANKNIFTY-II.NFO,18/03/2025,09:22:54,49082.25,49084.05,90,49091.5,150,0,835920
BANKNIFTY-II.NFO,18/03/2025,09:22:56,49077.55,49082.8,90,49091.55,30,180,835920
BANKNIFTY-II.NFO,18/03/2025,09:22:57,49091.55,49088.45,90,49093.3,30,30,835920
BANKNIFTY-II.NFO,18/03/2025,09:22:59,49090.85,49085.15,90,49091.95,150,90,835920
BANKNIFTY-II.NFO,18/03/2025,09:23:01,49093.85,49090.1,30,49093.15,120,90,835920
BANKNIFTY-II.NFO,18/03/2025,09:23:02,49094,49088.9,120,49094,30,60,835920
BANKNIFTY-II.NFO,18/03/2025,09:23:04,49095,49088.85,90,49095,210,90,835920
BANKNIFTY-II.NFO,18/03/2025,09:23:05,49095,49090.3,90,49095,180,60,835920
BANKNIFTY-II.NFO,18/03/2025,09:23:07,49095,49090.3,90,49095,180,0,835920
BANKNIFTY-II.NFO,18/03/2025,09:23:09,49094.45,49094.45,30,49095,180,150,835920
BANKNIFTY-II.NFO,18/03/2025,09:23:10,49094.45,49090.2,90,49095,150,120,835920
BANKNIFTY-II.NFO,18/03/2025,09:23:12,49098,49098.1,60,49098.8,30,270,835920
BANKNIFTY-II.NFO,18/03/2025,09:23:14,49103,49100.95,150,49104,30,1140,835920
BANKNIFTY-II.NFO,18/03/2025,09:23:14,49103,49100.95,150,49104,30,0,835920
BANKNIFTY-II.NFO,18/03/2025,09:23:15,49105.9,49106.05,30,49110,90,60,835920
BANKNIFTY-II.NFO,18/03/2025,09:23:15,49105.9,49106.05,30,49110,90,0,835920
BANKNIFTY-II.NFO,18/03/2025,09:23:17,49106.05,49106.8,150,49110,90,30,835920
BANKNIFTY-II.NFO,18/03/2025,09:23:17,49106.05,49106.8,150,49110,90,0,835920
BANKNIFTY-II.NFO,18/03/2025,09:23:19,49115,49106.15,90,49111.95,30,480,835920
BANKNIFTY-II.NFO,18/03/2025,09:23:19,49115,49106.15,90,49111.95,30,0,835920
BANKNIFTY-II.NFO,18/03/2025,09:23:20,49114.05,49114.1,30,49120,90,480,835920
BANKNIFTY-II.NFO,18/03/2025,09:23:20,49119.1,49114.1,30,49120,90,0,835920
BANKNIFTY-II.NFO,18/03/2025,09:23:22,49120,49118.6,90,49125,60,90,835920
BANKNIFTY-II.NFO,18/03/2025,09:23:22,49120,49118.6,90,49125,60,0,835920
BANKNIFTY-II.NFO,18/03/2025,09:23:23,49125,49123.2,90,49130,90,60,835920
BANKNIFTY-II.NFO,18/03/2025,09:23:23,49125,49123.2,90,49130,90,0,835920
BANKNIFTY-II.NFO,18/03/2025,09:23:25,49120.45,49118.15,30,49128.55,120,210,835920
BANKNIFTY-II.NFO,18/03/2025,09:23:27,49120.45,49116.05,30,49127.4,120,0,835920
BANKNIFTY-II.NFO,18/03/2025,09:23:28,49120.45,49120.05,30,49129.95,120,0,835920
BANKNIFTY-II.NFO,18/03/2025,09:23:30,49120.45,49122.05,30,49128.45,120,0,835920
BANKNIFTY-II.NFO,18/03/2025,09:23:32,49125.7,49113.9,30,49122.15,120,90,835920
BANKNIFTY-II.NFO,18/03/2025,09:23:32,49125.7,49113.9,30,49122.15,120,0,835920
BANKNIFTY-II.NFO,18/03/2025,09:23:34,49114.1,49114.05,120,49124.15,150,210,835920
BANKNIFTY-II.NFO,18/03/2025,09:23:35,49114.1,49116.05,30,49125,60,0,835920
BANKNIFTY-II.NFO,18/03/2025,09:23:37,49125,49118.2,240,49125,150,30,835920
BANKNIFTY-II.NFO,18/03/2025,09:23:39,49117.15,49117.55,90,49125,150,30,835920
BANKNIFTY-II.NFO,18/03/2025,09:23:40,49125,49116.9,90,49124.95,150,30,835920
BANKNIFTY-II.NFO,18/03/2025,09:23:42,49112.1,49115.1,30,49125,270,150,835920
BANKNIFTY-II.NFO,18/03/2025,09:23:44,49124.95,49116.25,30,49121,30,30,835920
BANKNIFTY-II.NFO,18/03/2025,09:23:45,49120,49117.6,30,49123,240,30,835920
BANKNIFTY-II.NFO,18/03/2025,09:23:47,49117.6,49119.5,30,49123,240,60,835920
BANKNIFTY-II.NFO,18/03/2025,09:23:49,49125,49119.5,30,49125,30,480,835920
BANKNIFTY-II.NFO,18/03/2025,09:23:50,49120.1,49120.05,30,49126.2,30,60,835920
BANKNIFTY-II.NFO,18/03/2025,09:23:52,49120.1,49120.05,120,49130,60,0,835920
BANKNIFTY-II.NFO,18/03/2025,09:23:54,49126.3,49120.05,90,49127.25,30,30,835920
BANKNIFTY-II.NFO,18/03/2025,09:23:54,49126.3,49120.05,90,49127.25,30,0,835920
BANKNIFTY-II.NFO,18/03/2025,09:23:55,49120.05,49120.05,90,49130,90,30,835920
BANKNIFTY-II.NFO,18/03/2025,09:23:57,49120.05,49122.2,90,49130,90,0,835920
BANKNIFTY-II.NFO,18/03/2025,09:23:59,49120.05,49123.1,90,49130,90,0,835920
BANKNIFTY-II.NFO,18/03/2025,09:24:00,49123.15,49120.5,30,49129.65,150,150,835920
BANKNIFTY-II.NFO,18/03/2025,09:24:02,49123.15,49120.75,90,49130,90,0,835920
BANKNIFTY-II.NFO,18/03/2025,09:24:04,49123.15,49122.1,120,49130,90,0,835920
BANKNIFTY-II.NFO,18/03/2025,09:24:05,49127.25,49124.35,30,49130,90,30,835920
BANKNIFTY-II.NFO,18/03/2025,09:24:05,49127.25,49124.35,30,49130,90,0,835920
BANKNIFTY-II.NFO,18/03/2025,09:24:07,49120.05,49120.05,120,49127.75,30,60,835920
BANKNIFTY-II.NFO,18/03/2025,09:24:09,49120.05,49121.9,90,49127.25,30,0,835920
BANKNIFTY-II.NFO,18/03/2025,09:24:10,49130,49127.85,360,49130,60,60,835920
BANKNIFTY-II.NFO,18/03/2025,09:24:10,49130,49127.85,360,49130,60,0,835920
BANKNIFTY-II.NFO,18/03/2025,09:24:12,49135.65,49132.4,30,49135.7,30,480,835920
BANKNIFTY-II.NFO,18/03/2025,09:24:12,49135.65,49132.4,30,49135.7,30,0,835920
BANKNIFTY-II.NFO,18/03/2025,09:24:14,49128.7,49126.05,30,49135.95,30,390,835920
BANKNIFTY-II.NFO,18/03/2025,09:24:14,49138.45,49126.05,30,49135.95,30,0,835920
BANKNIFTY-II.NFO,18/03/2025,09:24:15,49128.7,49125.35,30,49138.05,210,0,835920
BANKNIFTY-II.NFO,18/03/2025,09:24:17,49128.7,49126.8,240,49134.65,30,0,835920
BANKNIFTY-II.NFO,18/03/2025,09:24:19,49137.2,49133.4,90,49140.65,30,90,835920
BANKNIFTY-II.NFO,18/03/2025,09:24:20,49133.4,49131.5,90,49139.1,30,60,835920
BANKNIFTY-II.NFO,18/03/2025,09:24:22,49133.4,49130.15,90,49139.1,30,0,835920
BANKNIFTY-II.NFO,18/03/2025,09:24:24,49133.4,49134.7,90,49143.75,60,0,835920
BANKNIFTY-II.NFO,18/03/2025,09:24:25,49133.4,49130.25,90,49141.85,210,0,835920
BANKNIFTY-II.NFO,18/03/2025,09:24:27,49130.7,49128.05,90,49139.65,30,90,836550
BANKNIFTY-II.NFO,18/03/2025,09:24:27,49141.6,49128.05,90,49139.65,30,0,836550
BANKNIFTY-II.NFO,18/03/2025,09:24:29,49130.95,49130.95,90,49139.95,30,30,836550
BANKNIFTY-II.NFO,18/03/2025,09:24:30,49132.05,49130.65,30,49140.3,30,450,836550
BANKNIFTY-II.NFO,18/03/2025,09:24:32,49128.1,49132.3,90,49144.95,240,270,836550
BANKNIFTY-II.NFO,18/03/2025,09:24:34,49131.05,49131.05,30,49142.65,240,30,836550
BANKNIFTY-II.NFO,18/03/2025,09:24:35,49142.65,49136.6,30,49145,90,30,836550
BANKNIFTY-II.NFO,18/03/2025,09:24:35,49142.65,49136.6,30,49145,90,0,836550
BANKNIFTY-II.NFO,18/03/2025,09:24:37,49142.65,49137.6,30,49145,90,0,836550
BANKNIFTY-II.NFO,18/03/2025,09:24:39,49145,49140.1,90,49144.7,30,60,836550
BANKNIFTY-II.NFO,18/03/2025,09:24:39,49145,49140.1,90,49144.7,30,0,836550
BANKNIFTY-II.NFO,18/03/2025,09:24:40,49144.95,49140.1,90,49145,30,30,836550
BANKNIFTY-II.NFO,18/03/2025,09:24:42,49145,49134.1,240,49145.3,30,210,836550
BANKNIFTY-II.NFO,18/03/2025,09:24:44,49145,49136.05,30,49146.25,30,0,836550
BANKNIFTY-II.NFO,18/03/2025,09:24:45,49145,49136.1,240,49149,120,0,836550
BANKNIFTY-II.NFO,18/03/2025,09:24:47,49145,49138.05,30,49145.85,30,540,836550
BANKNIFTY-II.NFO,18/03/2025,09:24:49,49145,49139.1,30,49148.7,30,0,836550
BANKNIFTY-II.NFO,18/03/2025,09:24:50,49145,49139.65,240,49149,120,0,836550
BANKNIFTY-II.NFO,18/03/2025,09:24:52,49147.6,49138.9,30,49139.65,30,30,836550
BANKNIFTY-II.NFO,18/03/2025,09:24:52,49147.6,49138.9,30,49139.65,30,0,836550
BANKNIFTY-II.NFO,18/03/2025,09:24:54,49147.6,49138.4,60,49139.65,30,0,836550
BANKNIFTY-II.NFO,18/03/2025,09:24:55,49140.05,49139.05,30,49148.15,30,60,836550
BANKNIFTY-II.NFO,18/03/2025,09:24:57,49140.05,49141.15,60,49148.15,30,0,836550
BANKNIFTY-II.NFO,18/03/2025,09:24:59,49140.05,49142.8,240,49149,120,0,836550
BANKNIFTY-II.NFO,18/03/2025,09:25:00,49140.05,49138.9,60,49149,120,0,836550
BANKNIFTY-II.NFO,18/03/2025,09:25:02,49140.05,49141.2,90,49145.15,30,0,836550
BANKNIFTY-II.NFO,18/03/2025,09:25:04,49140.05,49141.2,90,49149,120,0,836550
BANKNIFTY-II.NFO,18/03/2025,09:25:05,49140.05,49145.05,90,49149,120,0,836550
BANKNIFTY-II.NFO,18/03/2025,09:25:07,49145.05,49145,90,49148.95,30,60,836550
BANKNIFTY-II.NFO,18/03/2025,09:25:09,49145,49144.95,90,49148.95,30,30,836550
BANKNIFTY-II.NFO,18/03/2025,09:25:10,49145,49144.95,150,49148.95,30,90,836550
BANKNIFTY-II.NFO,18/03/2025,09:25:12,49145,49145.1,90,49149,120,0,836550
BANKNIFTY-II.NFO,18/03/2025,09:25:14,49145,49143.7,90,49149,120,0,836550
BANKNIFTY-II.NFO,18/03/2025,09:25:15,49145,49146,60,49149,120,0,836550
BANKNIFTY-II.NFO,18/03/2025,09:25:17,49150,49150.1,60,49155,30,360,836550
BANKNIFTY-II.NFO,18/03/2025,09:25:17,49150,49150.1,60,49155,30,0,836550
BANKNIFTY-II.NFO,18/03/2025,09:25:19,49170.85,49150.55,30,49165.7,30,2250,836550
BANKNIFTY-II.NFO,18/03/2025,09:25:19,49170.85,49150.55,30,49165.7,30,0,836550
BANKNIFTY-II.NFO,18/03/2025,09:25:20,49171.25,49148.55,270,49161.85,30,930,836550
BANKNIFTY-II.NFO,18/03/2025,09:25:20,49171.25,49148.55,270,49161.85,30,0,836550
BANKNIFTY-II.NFO,18/03/2025,09:25:22,49171.25,49150,120,49160.05,30,0,836550
BANKNIFTY-II.NFO,18/03/2025,09:25:24,49171.25,49154.85,90,49162,30,0,836550
BANKNIFTY-II.NFO,18/03/2025,09:25:25,49155.5,49153,60,49155.5,60,30,836550
BANKNIFTY-II.NFO,18/03/2025,09:25:27,49155.5,49153.1,60,49155.5,60,0,836550
BANKNIFTY-II.NFO,18/03/2025,09:25:29,49155.5,49158.4,90,49164,120,60,836550
BANKNIFTY-II.NFO,18/03/2025,09:25:30,49155.5,49158.4,90,49164,120,0,836550
BANKNIFTY-II.NFO,18/03/2025,09:25:34,49155.5,49158.9,30,49164,120,0,836550
BANKNIFTY-II.NFO,18/03/2025,09:25:35,49155.5,49160.2,30,49164,120,0,836550
BANKNIFTY-II.NFO,18/03/2025,09:25:39,49164,49158.9,30,49164,90,30,836550
BANKNIFTY-II.NFO,18/03/2025,09:25:40,49165.4,49165.4,90,49174.2,30,540,836550
BANKNIFTY-II.NFO,18/03/2025,09:25:40,49172.5,49165.4,90,49174.2,30,0,836550
BANKNIFTY-II.NFO,18/03/2025,09:25:42,49165.4,49157.55,120,49175,60,90,836550
BANKNIFTY-II.NFO,18/03/2025,09:25:44,49172.55,49159.05,120,49173.4,30,60,836550
BANKNIFTY-II.NFO,18/03/2025,09:25:44,49172.55,49159.05,120,49173.4,30,0,836550
BANKNIFTY-II.NFO,18/03/2025,09:25:45,49172.55,49166.25,90,49175,60,0,836550
BANKNIFTY-II.NFO,18/03/2025,09:25:47,49167.9,49166.7,90,49174,30,30,836550
BANKNIFTY-II.NFO,18/03/2025,09:25:49,49167.9,49166.7,90,49173.3,30,0,836550
BANKNIFTY-II.NFO,18/03/2025,09:25:50,49167.9,49169,270,49174,30,0,836550
BANKNIFTY-II.NFO,18/03/2025,09:25:52,49174,49171.95,60,49175,60,30,836550
BANKNIFTY-II.NFO,18/03/2025,09:25:52,49174,49171.95,60,49175,60,0,836550
BANKNIFTY-II.NFO,18/03/2025,09:25:54,49175,49173.55,90,49178,30,60,836550
BANKNIFTY-II.NFO,18/03/2025,09:25:54,49175,49173.55,90,49178,30,0,836550
BANKNIFTY-II.NFO,18/03/2025,09:25:55,49175,49173.55,120,49178,30,0,836550
BANKNIFTY-II.NFO,18/03/2025,09:25:57,49175,49176.3,240,49178,30,0,836550
BANKNIFTY-II.NFO,18/03/2025,09:25:59,49179.25,49179.2,30,49184,30,240,836550
BANKNIFTY-II.NFO,18/03/2025,09:25:59,49180,49179.2,30,49184,30,0,836550
BANKNIFTY-II.NFO,18/03/2025,09:26:00,49185,49181.4,240,49185.95,30,60,836550
BANKNIFTY-II.NFO,18/03/2025,09:26:00,49185,49181.4,240,49185.95,30,0,836550
BANKNIFTY-II.NFO,18/03/2025,09:26:02,49190,49188.05,120,49195,30,120,836550
BANKNIFTY-II.NFO,18/03/2025,09:26:02,49190,49188.05,120,49195,30,0,836550
BANKNIFTY-II.NFO,18/03/2025,09:26:04,49190,49190.8,120,49195,30,0,836550
BANKNIFTY-II.NFO,18/03/2025,09:26:05,49190.8,49188.95,30,49195,30,180,836550
BANKNIFTY-II.NFO,18/03/2025,09:26:05,49190.8,49188.95,30,49195,30,0,836550
BANKNIFTY-II.NFO,18/03/2025,09:26:07,49180.05,49176.1,30,49185.75,30,300,836550
BANKNIFTY-II.NFO,18/03/2025,09:26:09,49185.8,49174.1,60,49181.5,30,30,836550
BANKNIFTY-II.NFO,18/03/2025,09:26:10,49192.7,49182.6,90,49192.25,150,60,836550
BANKNIFTY-II.NFO,18/03/2025,09:26:10,49192.7,49182.6,90,49192.25,150,0,836550
BANKNIFTY-II.NFO,18/03/2025,09:26:12,49182.6,49176.1,30,49190.2,150,90,836550
BANKNIFTY-II.NFO,18/03/2025,09:26:14,49181.5,49176.05,30,49191.35,30,30,836550
BANKNIFTY-II.NFO,18/03/2025,09:26:15,49178.05,49176.05,30,49188.1,150,30,836550
BANKNIFTY-II.NFO,18/03/2025,09:26:17,49178.05,49178.05,120,49192.3,30,0,836550
BANKNIFTY-II.NFO,18/03/2025,09:26:19,49178.05,49176.05,30,49190.45,30,210,836550
BANKNIFTY-II.NFO,18/03/2025,09:26:20,49178.05,49178.1,90,49185.8,30,0,836550
BANKNIFTY-II.NFO,18/03/2025,09:26:22,49178.05,49183.1,90,49190,30,0,836550
BANKNIFTY-II.NFO,18/03/2025,09:26:24,49178.05,49176.8,90,49185.35,30,90,836550
BANKNIFTY-II.NFO,18/03/2025,09:26:25,49178.05,49178.7,90,49186.7,30,0,836550
BANKNIFTY-II.NFO,18/03/2025,09:26:27,49178.05,49178.35,240,49185,30,0,836550
BANKNIFTY-II.NFO,18/03/2025,09:26:29,49178.05,49177.4,90,49185,30,0,836550
BANKNIFTY-II.NFO,18/03/2025,09:26:32,49178.05,49178.05,30,49184.75,30,0,836550
BANKNIFTY-II.NFO,18/03/2025,09:26:34,49188.9,49178.05,30,49181.4,30,240,836550
BANKNIFTY-II.NFO,18/03/2025,09:26:35,49188.9,49178.55,90,49189.95,30,0,836550
BANKNIFTY-II.NFO,18/03/2025,09:26:37,49193.65,49178.05,30,49183.75,30,270,836550
BANKNIFTY-II.NFO,18/03/2025,09:26:37,49193.65,49178.05,30,49183.75,30,0,836550
BANKNIFTY-II.NFO,18/03/2025,09:26:39,49193.65,49178.05,30,49182.35,30,0,836550
BANKNIFTY-II.NFO,18/03/2025,09:26:40,49176.95,49170.1,30,49182.35,30,120,836550
BANKNIFTY-II.NFO,18/03/2025,09:26:42,49176.45,49170,60,49182.35,30,30,836550
BANKNIFTY-II.NFO,18/03/2025,09:26:44,49176.45,49170.1,30,49179,30,0,836550
BANKNIFTY-II.NFO,18/03/2025,09:26:45,49170.1,49171.65,30,49179.65,30,60,836550
BANKNIFTY-II.NFO,18/03/2025,09:26:47,49170.2,49170.2,30,49176.45,30,60,836550
BANKNIFTY-II.NFO,18/03/2025,09:26:49,49170.2,49170,30,49176.45,30,0,836550
BANKNIFTY-II.NFO,18/03/2025,09:26:50,49170.2,49170,30,49174.6,30,0,836550
BANKNIFTY-II.NFO,18/03/2025,09:26:52,49170.2,49170,30,49173.65,30,0,836550
BANKNIFTY-II.NFO,18/03/2025,09:26:54,49165.5,49155.85,30,49170.75,30,90,836550
BANKNIFTY-II.NFO,18/03/2025,09:26:55,49165.5,49155.5,30,49166,30,0,836550
BANKNIFTY-II.NFO,18/03/2025,09:26:57,49165.5,49155.55,240,49167.85,30,0,836550
BANKNIFTY-II.NFO,18/03/2025,09:26:59,49165.5,49156.4,270,49171.25,60,0,836550
BANKNIFTY-II.NFO,18/03/2025,09:27:00,49165.5,49156.1,240,49170.2,30,0,836550
BANKNIFTY-II.NFO,18/03/2025,09:27:02,49161.5,49155.55,240,49169,30,30,836550
BANKNIFTY-II.NFO,18/03/2025,09:27:04,49161.5,49155.55,240,49167.75,30,0,836550
BANKNIFTY-II.NFO,18/03/2025,09:27:05,49161.5,49155.5,30,49160.5,30,0,836550
BANKNIFTY-II.NFO,18/03/2025,09:27:07,49165,49146.1,240,49165.55,30,90,836550
BANKNIFTY-II.NFO,18/03/2025,09:27:09,49165,49145.3,240,49158.25,30,0,836550
BANKNIFTY-II.NFO,18/03/2025,09:27:10,49159.6,49149.55,30,49161.65,30,60,836550
BANKNIFTY-II.NFO,18/03/2025,09:27:12,49158,49140.05,30,49150.85,30,30,836550
BANKNIFTY-II.NFO,18/03/2025,09:27:14,49158,49140,30,49150.4,30,0,836550
BANKNIFTY-II.NFO,18/03/2025,09:27:15,49158,49143.1,30,49155,900,0,836550
BANKNIFTY-II.NFO,18/03/2025,09:27:17,49158,49143.1,30,49154.3,30,0,836550
BANKNIFTY-II.NFO,18/03/2025,09:27:19,49158,49143.6,240,49155,900,0,836550
BANKNIFTY-II.NFO,18/03/2025,09:27:20,49158,49144.85,270,49155,900,0,836550
BANKNIFTY-II.NFO,18/03/2025,09:27:22,49158,49146.5,240,49150,900,0,836550
BANKNIFTY-II.NFO,18/03/2025,09:27:24,49158,49143.35,240,49150,900,0,836550
BANKNIFTY-II.NFO,18/03/2025,09:27:25,49158,49141.9,30,49150,900,0,836550
BANKNIFTY-II.NFO,18/03/2025,09:27:27,49141.9,49146.25,240,49150,840,90,840360
BANKNIFTY-II.NFO,18/03/2025,09:27:29,49144.45,49144.45,210,49150,840,30,840360
BANKNIFTY-II.NFO,18/03/2025,09:27:30,49144.45,49144.85,240,49150,870,0,840360
BANKNIFTY-II.NFO,18/03/2025,09:27:32,49144.45,49142.7,240,49150,870,0,840360
BANKNIFTY-II.NFO,18/03/2025,09:27:33,49137.45,49140.6,30,49149.95,60,1740,840360
BANKNIFTY-II.NFO,18/03/2025,09:27:35,49140.6,49140.05,180,49150,30,30,840360
BANKNIFTY-II.NFO,18/03/2025,09:27:37,49140.6,49142.45,30,49150,30,0,840360
BANKNIFTY-II.NFO,18/03/2025,09:27:38,49144.75,49143.15,120,49150,30,60,840360
BANKNIFTY-II.NFO,18/03/2025,09:27:40,49144.75,49143.55,60,49150,30,0,840360
BANKNIFTY-II.NFO,18/03/2025,09:27:42,49144.75,49142.5,30,49150,30,120,840360
BANKNIFTY-II.NFO,18/03/2025,09:27:43,49144.75,49144.9,180,49150,30,0,840360
BANKNIFTY-II.NFO,18/03/2025,09:27:45,49159,49155.9,30,49166,270,90,840360
BANKNIFTY-II.NFO,18/03/2025,09:27:47,49159,49155.9,30,49168.05,240,0,840360
BANKNIFTY-II.NFO,18/03/2025,09:27:48,49159,49162.05,30,49170,30,0,840360
BANKNIFTY-II.NFO,18/03/2025,09:27:50,49159,49161.5,60,49170,30,0,840360
BANKNIFTY-II.NFO,18/03/2025,09:27:52,49159,49161.5,30,49170,30,0,840360
BANKNIFTY-II.NFO,18/03/2025,09:27:53,49159,49161.7,60,49170,30,0,840360
BANKNIFTY-II.NFO,18/03/2025,09:27:55,49159,49162.15,30,49170,30,0,840360
BANKNIFTY-II.NFO,18/03/2025,09:27:57,49170,49164.4,30,49170.2,30,60,840360
BANKNIFTY-II.NFO,18/03/2025,09:27:58,49170.2,49172.15,30,49179.6,60,30,840360
BANKNIFTY-II.NFO,18/03/2025,09:28:00,49170.2,49174.35,90,49179.6,60,0,840360
BANKNIFTY-II.NFO,18/03/2025,09:28:03,49179.55,49170.45,90,49179.55,210,30,840360
BANKNIFTY-II.NFO,18/03/2025,09:28:05,49171.35,49170.55,90,49177.3,30,150,840360
BANKNIFTY-II.NFO,18/03/2025,09:28:07,49171.35,49170.55,90,49179.6,60,0,840360
BANKNIFTY-II.NFO,18/03/2025,09:28:08,49170.55,49170.55,90,49176.95,30,30,840360
BANKNIFTY-II.NFO,18/03/2025,09:28:10,49171.35,49173.2,90,49179.05,30,90,840360
BANKNIFTY-II.NFO,18/03/2025,09:28:12,49171.35,49173.2,90,49179,270,0,840360
BANKNIFTY-II.NFO,18/03/2025,09:28:13,49171.35,49169.65,90,49174.6,30,0,840360
BANKNIFTY-II.NFO,18/03/2025,09:28:17,49171.35,49168.3,90,49173.1,30,0,840360
BANKNIFTY-II.NFO,18/03/2025,09:28:22,49171.35,49168.3,90,49172.85,30,0,840360
BANKNIFTY-II.NFO,18/03/2025,09:28:24,49170.6,49166.7,90,49171,30,60,840360
BANKNIFTY-II.NFO,18/03/2025,09:28:25,49171,49166.45,90,49171.2,30,210,840360
BANKNIFTY-II.NFO,18/03/2025,09:28:27,49171,49163.8,90,49168.85,30,0,840360
BANKNIFTY-II.NFO,18/03/2025,09:28:29,49168.85,49165.05,90,49171.15,30,90,840360
BANKNIFTY-II.NFO,18/03/2025,09:28:30,49168.85,49165.05,90,49169.85,30,0,840360
BANKNIFTY-II.NFO,18/03/2025,09:28:32,49169.85,49164.9,60,49169.05,30,30,840360
BANKNIFTY-II.NFO,18/03/2025,09:28:33,49171.6,49164.9,60,49173.75,30,90,840360
BANKNIFTY-II.NFO,18/03/2025,09:28:35,49171.6,49166.15,30,49172.7,30,0,840360
BANKNIFTY-II.NFO,18/03/2025,09:28:37,49171.6,49168,90,49172.7,30,0,840360
BANKNIFTY-II.NFO,18/03/2025,09:28:40,49179.6,49168,90,49180,180,600,840360
BANKNIFTY-II.NFO,18/03/2025,09:28:42,49175.6,49170.05,90,49182.8,210,90,840360
BANKNIFTY-II.NFO,18/03/2025,09:28:43,49168,49166.55,240,49176.95,30,120,840360
BANKNIFTY-II.NFO,18/03/2025,09:28:45,49168,49166.35,30,49170.7,30,30,840360
BANKNIFTY-II.NFO,18/03/2025,09:28:47,49168,49168.2,30,49175.55,30,0,840360
BANKNIFTY-II.NFO,18/03/2025,09:28:48,49168.1,49166.05,30,49176.1,30,30,840360
BANKNIFTY-II.NFO,18/03/2025,09:28:50,49168.1,49168.7,30,49176.1,30,30,840360
BANKNIFTY-II.NFO,18/03/2025,09:28:52,49176.1,49170.55,90,49177.95,30,30,840360
BANKNIFTY-II.NFO,18/03/2025,09:28:53,49176.1,49168.6,90,49175.85,30,0,840360
BANKNIFTY-II.NFO,18/03/2025,09:28:55,49176.1,49166.75,90,49175,30,0,840360
BANKNIFTY-II.NFO,18/03/2025,09:28:57,49175,49166.5,30,49175.6,60,30,840360
BANKNIFTY-II.NFO,18/03/2025,09:28:58,49175,49170.25,90,49182.9,120,0,840360
BANKNIFTY-II.NFO,18/03/2025,09:29:00,49175,49171.45,90,49178.4,150,0,840360
BANKNIFTY-II.NFO,18/03/2025,09:29:02,49175,49171.1,90,49178.2,150,0,840360
BANKNIFTY-II.NFO,18/03/2025,09:29:03,49175,49169.85,90,49175.4,30,0,840360
BANKNIFTY-II.NFO,18/03/2025,09:29:05,49175,49173.1,90,49185.15,120,0,840360
BANKNIFTY-II.NFO,18/03/2025,09:29:07,49173.1,49173.1,90,49179.95,120,30,840360
BANKNIFTY-II.NFO,18/03/2025,09:29:08,49176.05,49174.05,30,49187.65,150,120,840360
BANKNIFTY-II.NFO,18/03/2025,09:29:10,49176.05,49172.1,30,49181.75,30,0,840360
BANKNIFTY-II.NFO,18/03/2025,09:29:12,49179.95,49179.95,30,49180.25,30,390,840360
BANKNIFTY-II.NFO,18/03/2025,09:29:13,49178.05,49175.1,90,49180.05,30,90,840360
BANKNIFTY-II.NFO,18/03/2025,09:29:15,49178.05,49175.1,90,49180.05,30,0,840360
BANKNIFTY-II.NFO,18/03/2025,09:29:17,49178.05,49175.1,90,49177.9,30,0,840360
BANKNIFTY-II.NFO,18/03/2025,09:29:18,49178.05,49175.1,90,49187.65,120,0,840360
BANKNIFTY-II.NFO,18/03/2025,09:29:20,49180.95,49176.1,90,49186.6,150,30,840360
BANKNIFTY-II.NFO,18/03/2025,09:29:22,49176.05,49169.15,30,49176,30,60,840360
BANKNIFTY-II.NFO,18/03/2025,09:29:23,49176.05,49163.9,240,49176,30,0,840360
BANKNIFTY-II.NFO,18/03/2025,09:29:25,49176.05,49170.25,90,49174.8,30,0,840360
BANKNIFTY-II.NFO,18/03/2025,09:29:27,49176.05,49170.25,90,49174,30,0,840360
BANKNIFTY-II.NFO,18/03/2025,09:29:28,49176.05,49170.25,90,49174,60,0,840360
BANKNIFTY-II.NFO,18/03/2025,09:29:30,49170.25,49166.05,30,49172.15,30,90,840360
BANKNIFTY-II.NFO,18/03/2025,09:29:32,49170.25,49166.05,30,49172.1,30,0,840360
BANKNIFTY-II.NFO,18/03/2025,09:29:33,49170.25,49163.85,30,49172.1,60,0,840360
BANKNIFTY-II.NFO,18/03/2025,09:29:35,49163.85,49156,240,49167.35,60,60,840360
BANKNIFTY-II.NFO,18/03/2025,09:29:37,49163.85,49156.2,240,49167.35,30,0,840360
BANKNIFTY-II.NFO,18/03/2025,09:29:38,49159.45,49159.45,240,49172.15,60,30,840360
BANKNIFTY-II.NFO,18/03/2025,09:29:40,49159.45,49155.05,240,49165.75,30,0,840360
BANKNIFTY-II.NFO,18/03/2025,09:29:42,49159.45,49155.85,90,49168.05,150,0,840360
BANKNIFTY-II.NFO,18/03/2025,09:29:43,49159.45,49156.75,90,49168.5,60,0,840360
BANKNIFTY-II.NFO,18/03/2025,09:29:45,49159.25,49155.8,240,49159.45,30,60,840360
BANKNIFTY-II.NFO,18/03/2025,09:29:47,49159.45,49158.9,90,49169.8,180,30,840360
BANKNIFTY-II.NFO,18/03/2025,09:29:48,49159.45,49155.9,90,49165.1,180,0,840360
BANKNIFTY-II.NFO,18/03/2025,09:29:50,49159.45,49155.9,90,49167.8,150,0,840360
BANKNIFTY-II.NFO,18/03/2025,09:29:52,49153.85,49154.35,240,49169.55,150,120,840360
BANKNIFTY-II.NFO,18/03/2025,09:29:53,49153.85,49156.85,30,49168.75,60,0,840360
BANKNIFTY-II.NFO,18/03/2025,09:29:55,49150.15,49150.25,270,49167.6,180,30,840360
BANKNIFTY-II.NFO,18/03/2025,09:29:57,49150.15,49151.75,30,49162.15,60,0,840360
BANKNIFTY-II.NFO,18/03/2025,09:29:58,49150.15,49151.2,90,49161.25,180,0,840360
BANKNIFTY-II.NFO,18/03/2025,09:30:00,49150.15,49150.1,120,49160.15,180,0,840360
BANKNIFTY-II.NFO,18/03/2025,09:30:02,49159.35,49150.1,120,49160.15,180,30,840360
BANKNIFTY-II.NFO,18/03/2025,09:30:03,49159.35,49150.25,30,49161.2,180,0,840360
BANKNIFTY-II.NFO,18/03/2025,09:30:05,49159.35,49151.1,90,49163.85,150,0,840360
BANKNIFTY-II.NFO,18/03/2025,09:30:07,49159.35,49150.1,30,49160.7,150,0,840360
BANKNIFTY-II.NFO,18/03/2025,09:30:08,49159.35,49150.1,30,49155,60,0,840360
BANKNIFTY-II.NFO,18/03/2025,09:30:17,49159.35,49150.15,30,49155,60,0,840360
BANKNIFTY-II.NFO,18/03/2025,09:30:18,49150.2,49155.15,90,49162.25,30,60,840360
BANKNIFTY-II.NFO,18/03/2025,09:30:20,49150.2,49155.2,90,49162.25,30,0,840360
BANKNIFTY-II.NFO,18/03/2025,09:30:22,49150.2,49163.65,90,49171.9,210,0,840360
BANKNIFTY-II.NFO,18/03/2025,09:30:23,49163.65,49163.65,90,49170.35,30,30,839820
BANKNIFTY-II.NFO,18/03/2025,09:30:25,49163.65,49163.65,90,49172.3,210,0,839820
BANKNIFTY-II.NFO,18/03/2025,09:30:27,49163.65,49160.7,90,49170.05,30,0,839820
BANKNIFTY-II.NFO,18/03/2025,09:30:28,49163.65,49160.7,90,49168.35,30,0,839820
BANKNIFTY-II.NFO,18/03/2025,09:30:30,49163.65,49163.65,30,49168.3,30,0,839820
BANKNIFTY-II.NFO,18/03/2025,09:30:32,49163.65,49164.95,90,49172.65,30,0,839820
BANKNIFTY-II.NFO,18/03/2025,09:30:33,49163.65,49163.65,30,49172.25,30,0,839820
BANKNIFTY-II.NFO,18/03/2025,09:30:35,49163.65,49163.7,240,49172.65,30,0,839820
BANKNIFTY-II.NFO,18/03/2025,09:30:37,49163.65,49169,30,49172.65,30,0,839820
BANKNIFTY-II.NFO,18/03/2025,09:30:40,49163.65,49170,240,49174,30,0,839820
BANKNIFTY-II.NFO,18/03/2025,09:30:42,49163.65,49173.7,150,49174,30,0,839820
BANKNIFTY-II.NFO,18/03/2025,09:30:43,49174,49174.45,240,49176.05,30,30,839820
BANKNIFTY-II.NFO,18/03/2025,09:30:45,49174.45,49175.4,210,49176.05,30,60,839820
BANKNIFTY-II.NFO,18/03/2025,09:30:47,49176.05,49176.2,210,49180,60,60,839820
BANKNIFTY-II.NFO,18/03/2025,09:30:48,49180,49179.4,180,49186.85,30,90,839820
BANKNIFTY-II.NFO,18/03/2025,09:30:50,49180,49181.75,90,49189.35,30,0,839820
BANKNIFTY-II.NFO,18/03/2025,09:30:52,49180,49181.8,210,49189.35,30,0,839820
BANKNIFTY-II.NFO,18/03/2025,09:30:53,49181.8,49183.75,90,49189.9,30,60,839820
BANKNIFTY-II.NFO,18/03/2025,09:30:55,49181.8,49182.45,90,49189.9,30,0,839820
BANKNIFTY-II.NFO,18/03/2025,09:30:57,49182.45,49182.45,90,49189.75,30,30,839820
BANKNIFTY-II.NFO,18/03/2025,09:30:58,49182.45,49189.35,30,49189.75,30,30,839820
BANKNIFTY-II.NFO,18/03/2025,09:31:00,49182.45,49189.35,30,49189.9,30,0,839820
BANKNIFTY-II.NFO,18/03/2025,09:31:02,49189.35,49185,30,49189.9,30,30,839820
BANKNIFTY-II.NFO,18/03/2025,09:31:03,49189.9,49185,30,49190,120,30,839820
BANKNIFTY-II.NFO,18/03/2025,09:31:05,49190,49187.15,150,49190,90,30,839820
BANKNIFTY-II.NFO,18/03/2025,09:31:07,49199.95,49193.9,90,49200,480,420,839820
BANKNIFTY-II.NFO,18/03/2025,09:31:07,49199.95,49193.9,90,49200,480,0,839820
BANKNIFTY-II.NFO,18/03/2025,09:31:08,49199.95,49197.15,30,49200,480,0,839820
BANKNIFTY-II.NFO,18/03/2025,09:31:10,49206,49202.4,30,49208,30,690,839820
BANKNIFTY-II.NFO,18/03/2025,09:31:10,49206,49202.4,30,49208,30,0,839820
BANKNIFTY-II.NFO,18/03/2025,09:31:12,49210,49203.55,30,49210,30,120,839820
BANKNIFTY-II.NFO,18/03/2025,09:31:12,49210,49203.55,30,49210,30,0,839820
BANKNIFTY-II.NFO,18/03/2025,09:31:13,49210,49205,30,49211,300,150,839820
BANKNIFTY-II.NFO,18/03/2025,09:31:15,49210,49205.65,30,49211,300,0,839820
BANKNIFTY-II.NFO,18/03/2025,09:31:17,49210,49205.9,30,49210,30,30,839820
BANKNIFTY-II.NFO,18/03/2025,09:31:18,49211,49207.8,60,49211,270,60,839820
BANKNIFTY-II.NFO,18/03/2025,09:31:18,49211,49207.8,60,49211,270,0,839820
BANKNIFTY-II.NFO,18/03/2025,09:31:20,49211,49209.1,30,49211,120,150,839820
BANKNIFTY-II.NFO,18/03/2025,09:31:22,49210.2,49211.05,30,49215,30,150,839820
BANKNIFTY-II.NFO,18/03/2025,09:31:23,49211,49211,90,49215,30,30,839820
BANKNIFTY-II.NFO,18/03/2025,09:31:25,49211,49211,60,49214.85,30,180,839820
BANKNIFTY-II.NFO,18/03/2025,09:31:27,49211,49211,60,49215,30,0,839820
BANKNIFTY-II.NFO,18/03/2025,09:31:28,49211,49211,90,49215,30,0,839820
BANKNIFTY-II.NFO,18/03/2025,09:31:30,49215,49213.25,90,49218,30,120,839820
BANKNIFTY-II.NFO,18/03/2025,09:31:30,49215,49213.25,90,49218,30,0,839820
BANKNIFTY-II.NFO,18/03/2025,09:31:32,49215,49214.45,120,49218,30,0,839820
BANKNIFTY-II.NFO,18/03/2025,09:31:33,49216.3,49214.45,30,49218,30,60,839820
BANKNIFTY-II.NFO,18/03/2025,09:31:33,49216.3,49214.45,30,49218,30,0,839820
BANKNIFTY-II.NFO,18/03/2025,09:31:35,49216.3,49214.45,90,49218,30,90,839820
BANKNIFTY-II.NFO,18/03/2025,09:31:37,49218.4,49215.1,90,49219,120,60,839820
BANKNIFTY-II.NFO,18/03/2025,09:31:37,49218.4,49215.1,90,49219,120,0,839820
BANKNIFTY-II.NFO,18/03/2025,09:31:38,49215.1,49215.1,90,49219,120,30,839820
BANKNIFTY-II.NFO,18/03/2025,09:31:40,49219,49215.25,90,49219,90,60,839820
BANKNIFTY-II.NFO,18/03/2025,09:31:40,49219,49215.25,90,49219,90,0,839820
BANKNIFTY-II.NFO,18/03/2025,09:31:42,49219,49215,60,49218.3,30,0,839820
BANKNIFTY-II.NFO,18/03/2025,09:31:43,49215,49211.05,90,49217.15,270,90,839820
BANKNIFTY-II.NFO,18/03/2025,09:31:45,49216.3,49211.05,90,49218.2,30,30,839820
BANKNIFTY-II.NFO,18/03/2025,09:31:47,49211.05,49211.05,90,49219,120,30,839820
BANKNIFTY-II.NFO,18/03/2025,09:31:48,49211.05,49211,30,49214.95,240,0,839820
BANKNIFTY-II.NFO,18/03/2025,09:31:50,49211.05,49211,30,49215,30,0,839820
BANKNIFTY-II.NFO,18/03/2025,09:31:52,49211.05,49211,120,49215,30,0,839820
BANKNIFTY-II.NFO,18/03/2025,09:31:55,49211.05,49211.3,90,49215,30,0,839820
BANKNIFTY-II.NFO,18/03/2025,09:31:57,49215,49214.5,90,49218,120,30,839820
BANKNIFTY-II.NFO,18/03/2025,09:31:58,49215,49214.7,60,49218,120,0,839820
BANKNIFTY-II.NFO,18/03/2025,09:32:00,49215,49215.9,60,49218,120,0,839820
BANKNIFTY-II.NFO,18/03/2025,09:32:02,49218,49215.55,60,49218,90,60,839820
BANKNIFTY-II.NFO,18/03/2025,09:32:03,49218,49216.3,30,49218,30,60,839820
BANKNIFTY-II.NFO,18/03/2025,09:32:05,49223.25,49220.85,90,49225,60,180,839820
BANKNIFTY-II.NFO,18/03/2025,09:32:05,49223.25,49220.85,90,49225,60,0,839820
BANKNIFTY-II.NFO,18/03/2025,09:32:07,49223.25,49220.85,90,49225,60,0,839820
BANKNIFTY-II.NFO,18/03/2025,09:32:10,49223.25,49221.35,120,49225,60,90,839820
BANKNIFTY-II.NFO,18/03/2025,09:32:12,49223.25,49221.35,120,49225,60,0,839820
BANKNIFTY-II.NFO,18/03/2025,09:32:13,49226.85,49226.4,30,49230,150,180,839820
BANKNIFTY-II.NFO,18/03/2025,09:32:13,49227.4,49226.4,30,49230,150,0,839820
BANKNIFTY-II.NFO,18/03/2025,09:32:15,49226.45,49226.95,120,49230,150,30,839820
BANKNIFTY-II.NFO,18/03/2025,09:32:17,49225,49223.85,30,49230,150,210,839820
BANKNIFTY-II.NFO,18/03/2025,09:32:18,49230,49226.4,90,49230,120,60,839820
BANKNIFTY-II.NFO,18/03/2025,09:32:18,49230,49226.4,90,49230,120,0,839820
BANKNIFTY-II.NFO,18/03/2025,09:32:20,49230.9,49233.1,90,49239.95,240,210,839820
BANKNIFTY-II.NFO,18/03/2025,09:32:20,49230.9,49233.1,90,49239.95,240,0,839820
BANKNIFTY-II.NFO,18/03/2025,09:32:22,49230.9,49228.55,30,49233.75,30,0,839820
BANKNIFTY-II.NFO,18/03/2025,09:32:23,49238,49233.45,90,49239.95,240,210,839820
BANKNIFTY-II.NFO,18/03/2025,09:32:23,49238.6,49233.45,90,49239.95,240,0,839820
BANKNIFTY-II.NFO,18/03/2025,09:32:25,49238,49233.45,90,49240,30,0,839820
BANKNIFTY-II.NFO,18/03/2025,09:32:27,49252.05,49232,240,49241.3,30,2220,839820
BANKNIFTY-II.NFO,18/03/2025,09:32:27,49252.05,49232,240,49241.3,30,0,839820
BANKNIFTY-II.NFO,18/03/2025,09:32:29,49239.25,49230.45,30,49239.65,30,90,839820
BANKNIFTY-II.NFO,18/03/2025,09:32:30,49239.25,49234.5,330,49242.3,60,0,839820
BANKNIFTY-II.NFO,18/03/2025,09:32:32,49235.25,49238.25,270,49242.3,60,30,839820
BANKNIFTY-II.NFO,18/03/2025,09:32:33,49237.65,49235.15,30,49242.3,30,330,839820
BANKNIFTY-II.NFO,18/03/2025,09:32:35,49237.65,49232.2,90,49242.3,30,0,839820
BANKNIFTY-II.NFO,18/03/2025,09:32:37,49237.65,49234.65,30,49242.3,30,90,839820
BANKNIFTY-II.NFO,18/03/2025,09:32:38,49237.65,49235.8,90,49242,30,0,839820
BANKNIFTY-II.NFO,18/03/2025,09:32:40,49237.65,49236.45,90,49242,90,0,839820
BANKNIFTY-II.NFO,18/03/2025,09:32:42,49242,49236.65,30,49242,60,120,839820
BANKNIFTY-II.NFO,18/03/2025,09:32:43,49242,49236.3,90,49242.3,30,90,839820
BANKNIFTY-II.NFO,18/03/2025,09:32:45,49242,49238.55,90,49242.3,30,0,839820
BANKNIFTY-II.NFO,18/03/2025,09:32:47,49242,49233.65,90,49238.6,30,0,839820
BANKNIFTY-II.NFO,18/03/2025,09:32:48,49242,49236.75,30,49242,30,0,839820
BANKNIFTY-II.NFO,18/03/2025,09:32:50,49242,49236.7,90,49242,30,0,839820
BANKNIFTY-II.NFO,18/03/2025,09:32:52,49235.6,49234.2,90,49240.25,240,90,839820
BANKNIFTY-II.NFO,18/03/2025,09:32:53,49234.2,49230.05,90,49241.45,240,30,839820
BANKNIFTY-II.NFO,18/03/2025,09:32:55,49234.2,49230,330,49233.7,30,0,839820
BANKNIFTY-II.NFO,18/03/2025,09:32:57,49234.2,49233.75,90,49241.45,240,0,839820
BANKNIFTY-II.NFO,18/03/2025,09:32:58,49230.05,49230.05,30,49237.15,30,60,839820
BANKNIFTY-II.NFO,18/03/2025,09:33:00,49233.25,49233.25,240,49242,30,30,839820
BANKNIFTY-II.NFO,18/03/2025,09:33:02,49242,49236.3,180,49242.3,30,30,839820
BANKNIFTY-II.NFO,18/03/2025,09:33:03,49242,49238.1,30,49242.3,30,0,839820
BANKNIFTY-II.NFO,18/03/2025,09:33:05,49242.3,49237.25,30,49244.55,30,30,839820
BANKNIFTY-II.NFO,18/03/2025,09:33:07,49241.6,49237.3,30,49246.6,30,90,839820
BANKNIFTY-II.NFO,18/03/2025,09:33:08,49241.6,49235,330,49246.6,30,0,839820
BANKNIFTY-II.NFO,18/03/2025,09:33:10,49241.6,49235,330,49246.55,240,0,839820
BANKNIFTY-II.NFO,18/03/2025,09:33:12,49235,49235,300,49248.2,240,30,839820
BANKNIFTY-II.NFO,18/03/2025,09:33:13,49235,49235,300,49239.8,30,0,839820
BANKNIFTY-II.NFO,18/03/2025,09:33:15,49235,49235,300,49245,30,0,839820
BANKNIFTY-II.NFO,18/03/2025,09:33:17,49235,49235.05,30,49243.75,30,60,839820
BANKNIFTY-II.NFO,18/03/2025,09:33:18,49235,49235,240,49241.95,30,0,839820
BANKNIFTY-II.NFO,18/03/2025,09:33:20,49235,49235,240,49245,30,0,839820
BANKNIFTY-II.NFO,18/03/2025,09:33:22,49235,49235.1,180,49245,30,0,839820
BANKNIFTY-II.NFO,18/03/2025,09:33:23,49235,49235.05,180,49245,30,0,839820
BANKNIFTY-II.NFO,18/03/2025,09:33:25,49235,49235,240,49244.95,240,0,839820
BANKNIFTY-II.NFO,18/03/2025,09:33:26,49235,49235,210,49238.55,30,30,842580
BANKNIFTY-II.NFO,18/03/2025,09:33:28,49235,49235,210,49238.9,30,0,842580
BANKNIFTY-II.NFO,18/03/2025,09:33:30,49235,49235,210,49238.35,30,0,842580
BANKNIFTY-II.NFO,18/03/2025,09:33:31,49235,49236.85,90,49243.05,30,0,842580
BANKNIFTY-II.NFO,18/03/2025,09:33:33,49236.85,49236.85,90,49242.75,30,60,842580
BANKNIFTY-II.NFO,18/03/2025,09:33:35,49238.85,49235,240,49237.8,30,150,842580
BANKNIFTY-II.NFO,18/03/2025,09:33:36,49235.05,49235.5,30,49240.85,30,60,842580
BANKNIFTY-II.NFO,18/03/2025,09:33:38,49235.05,49235,240,49240.6,60,0,842580
BANKNIFTY-II.NFO,18/03/2025,09:33:40,49235.05,49238.3,90,49247.55,30,0,842580
BANKNIFTY-II.NFO,18/03/2025,09:33:41,49238.55,49235.1,30,49243,30,120,842580
BANKNIFTY-II.NFO,18/03/2025,09:33:43,49230,49225.85,30,49232.3,30,390,842580
BANKNIFTY-II.NFO,18/03/2025,09:33:45,49230,49225.85,30,49232.75,30,0,842580
BANKNIFTY-II.NFO,18/03/2025,09:33:46,49232.75,49232.45,90,49239.25,30,60,842580
BANKNIFTY-II.NFO,18/03/2025,09:33:48,49242.3,49231.4,120,49236,30,120,842580
BANKNIFTY-II.NFO,18/03/2025,09:33:50,49234.3,49230.55,120,49235,60,60,842580
BANKNIFTY-II.NFO,18/03/2025,09:33:51,49235,49231.4,120,49235,30,60,842580
BANKNIFTY-II.NFO,18/03/2025,09:33:53,49236.6,49230.2,120,49240,30,210,842580
BANKNIFTY-II.NFO,18/03/2025,09:33:55,49236.6,49230,120,49235.3,30,0,842580
BANKNIFTY-II.NFO,18/03/2025,09:33:56,49236.6,49230.65,90,49235.3,30,0,842580
BANKNIFTY-II.NFO,18/03/2025,09:33:58,49230,49225.9,120,49235.3,30,210,842580
BANKNIFTY-II.NFO,18/03/2025,09:34:00,49230,49227.9,120,49235.3,30,0,842580
BANKNIFTY-II.NFO,18/03/2025,09:34:01,49238.3,49230.2,120,49238.85,30,60,842580
BANKNIFTY-II.NFO,18/03/2025,09:34:03,49231.55,49231.4,30,49237.9,30,30,842580
BANKNIFTY-II.NFO,18/03/2025,09:34:05,49237.9,49229.85,90,49238.85,30,30,842580
BANKNIFTY-II.NFO,18/03/2025,09:34:06,49237.9,49230.7,120,49236.7,30,0,842580
BANKNIFTY-II.NFO,18/03/2025,09:34:08,49236.7,49233.5,90,49238.85,30,30,842580
BANKNIFTY-II.NFO,18/03/2025,09:34:10,49236.65,49233.5,90,49236.9,30,60,842580
BANKNIFTY-II.NFO,18/03/2025,09:34:11,49236.65,49231.8,90,49236.9,30,0,842580
BANKNIFTY-II.NFO,18/03/2025,09:34:15,49236.9,49231.85,120,49237.15,30,60,842580
BANKNIFTY-II.NFO,18/03/2025,09:34:16,49231.85,49231.8,90,49236.65,30,120,842580
BANKNIFTY-II.NFO,18/03/2025,09:34:18,49229.4,49224.6,30,49231.45,30,180,842580
BANKNIFTY-II.NFO,18/03/2025,09:34:20,49229.4,49219.9,60,49226.9,30,0,842580
BANKNIFTY-II.NFO,18/03/2025,09:34:21,49225,49221.1,30,49231.85,30,210,842580
BANKNIFTY-II.NFO,18/03/2025,09:34:23,49225,49220.05,30,49234.35,240,0,842580
BANKNIFTY-II.NFO,18/03/2025,09:34:25,49236.75,49223.85,30,49237.6,240,30,842580
BANKNIFTY-II.NFO,18/03/2025,09:34:26,49225.7,49219.15,30,49224.95,30,30,842580
BANKNIFTY-II.NFO,18/03/2025,09:34:28,49208.1,49208.55,30,49218.7,30,270,842580
BANKNIFTY-II.NFO,18/03/2025,09:34:30,49206.9,49210.15,30,49224.35,240,120,842580
BANKNIFTY-II.NFO,18/03/2025,09:34:31,49203.85,49204.55,30,49218.25,240,210,842580
BANKNIFTY-II.NFO,18/03/2025,09:34:33,49201.05,49200.15,30,49208.1,30,120,842580
BANKNIFTY-II.NFO,18/03/2025,09:34:35,49202.55,49200.55,30,49208.1,30,60,842580
BANKNIFTY-II.NFO,18/03/2025,09:34:36,49208.1,49205,120,49215.2,30,30,842580
BANKNIFTY-II.NFO,18/03/2025,09:34:38,49211.5,49205.7,90,49217.15,30,90,842580
BANKNIFTY-II.NFO,18/03/2025,09:34:40,49214.75,49209.35,60,49220,30,30,842580
BANKNIFTY-II.NFO,18/03/2025,09:34:42,49210.8,49209.15,60,49225.05,300,30,842580
BANKNIFTY-II.NFO,18/03/2025,09:34:43,49208.7,49208.25,90,49224.75,240,210,842580
BANKNIFTY-II.NFO,18/03/2025,09:34:45,49206.2,49206.2,60,49212.5,30,60,842580
BANKNIFTY-II.NFO,18/03/2025,09:34:47,49206.2,49207.4,60,49218.65,30,0,842580
BANKNIFTY-II.NFO,18/03/2025,09:34:48,49206.2,49207.05,30,49218.65,30,0,842580
BANKNIFTY-II.NFO,18/03/2025,09:34:50,49206.2,49203.7,30,49210.75,30,0,842580
BANKNIFTY-II.NFO,18/03/2025,09:34:52,49206.2,49207.35,30,49211.85,30,30,842580
BANKNIFTY-II.NFO,18/03/2025,09:34:53,49206.2,49205.15,60,49210,30,0,842580
BANKNIFTY-II.NFO,18/03/2025,09:34:55,49206.2,49207,30,49210,30,540,842580
BANKNIFTY-II.NFO,18/03/2025,09:34:57,49206.2,49205.35,30,49206.2,30,90,842580
BANKNIFTY-II.NFO,18/03/2025,09:34:58,49206.2,49206.4,30,49210,30,30,842580
BANKNIFTY-II.NFO,18/03/2025,09:35:00,49211.1,49209.45,30,49217.75,60,90,842580
BANKNIFTY-II.NFO,18/03/2025,09:35:02,49211.1,49207.4,30,49213.25,30,0,842580
BANKNIFTY-II.NFO,18/03/2025,09:35:03,49213.25,49209.7,30,49216.3,30,30,842580
BANKNIFTY-II.NFO,18/03/2025,09:35:05,49213.25,49204.6,30,49216.3,30,0,842580
BANKNIFTY-II.NFO,18/03/2025,09:35:07,49213.25,49205.1,30,49212.65,30,0,842580
BANKNIFTY-II.NFO,18/03/2025,09:35:08,49210.35,49202,30,49207.05,30,30,842580
BANKNIFTY-II.NFO,18/03/2025,09:35:10,49200.7,49200,90,49208.15,30,180,842580
BANKNIFTY-II.NFO,18/03/2025,09:35:12,49203.7,49200.85,30,49208.55,30,30,842580
BANKNIFTY-II.NFO,18/03/2025,09:35:13,49203.7,49200,90,49203.7,30,0,842580
BANKNIFTY-II.NFO,18/03/2025,09:35:15,49203.7,49200.05,30,49208.15,30,30,842580
BANKNIFTY-II.NFO,18/03/2025,09:35:17,49203.7,49204.35,30,49211.4,30,0,842580
BANKNIFTY-II.NFO,18/03/2025,09:35:18,49211.4,49207.6,30,49215.85,30,60,842580
BANKNIFTY-II.NFO,18/03/2025,09:35:20,49212.4,49212.35,30,49218.05,30,210,842580
BANKNIFTY-II.NFO,18/03/2025,09:35:22,49212.4,49214.75,30,49223.9,30,0,842580
BANKNIFTY-II.NFO,18/03/2025,09:35:23,49214.35,49212.5,60,49223.9,30,90,842580
BANKNIFTY-II.NFO,18/03/2025,09:35:25,49214.35,49215.45,30,49221.85,30,0,842580
BANKNIFTY-II.NFO,18/03/2025,09:35:27,49212.4,49210.9,60,49217.55,30,150,842580
BANKNIFTY-II.NFO,18/03/2025,09:35:28,49212.4,49213.6,30,49220,60,0,842580
BANKNIFTY-II.NFO,18/03/2025,09:35:30,49217.55,49217.75,30,49220,30,120,842580
BANKNIFTY-II.NFO,18/03/2025,09:35:32,49220,49215.95,60,49223.9,30,60,842580
BANKNIFTY-II.NFO,18/03/2025,09:35:33,49220,49220.55,30,49223.9,30,30,842580
BANKNIFTY-II.NFO,18/03/2025,09:35:35,49220,49221.8,30,49223.9,30,0,842580
BANKNIFTY-II.NFO,18/03/2025,09:35:37,49220,49220.8,30,49223.9,30,0,842580
BANKNIFTY-II.NFO,18/03/2025,09:35:38,49220,49223.65,30,49223.9,30,0,842580
BANKNIFTY-II.NFO,18/03/2025,09:35:40,49221.05,49219.15,30,49223.9,30,450,842580
BANKNIFTY-II.NFO,18/03/2025,09:35:42,49221.05,49221.25,30,49222,30,0,842580
BANKNIFTY-II.NFO,18/03/2025,09:35:43,49222,49220.15,270,49223.9,30,60,842580
BANKNIFTY-II.NFO,18/03/2025,09:35:45,49222,49222.3,30,49223.9,30,0,842580
BANKNIFTY-II.NFO,18/03/2025,09:35:47,49223.9,49226.05,30,49230,30,30,842580
BANKNIFTY-II.NFO,18/03/2025,09:35:48,49223.9,49224.8,30,49230,30,0,842580
BANKNIFTY-II.NFO,18/03/2025,09:35:50,49224.5,49228.45,30,49230,30,300,842580
BANKNIFTY-II.NFO,18/03/2025,09:35:52,49224.5,49226.75,30,49230,30,0,842580
BANKNIFTY-II.NFO,18/03/2025,09:35:53,49224.5,49225.2,60,49230,30,0,842580
BANKNIFTY-II.NFO,18/03/2025,09:35:55,49224.5,49225.4,60,49230,30,0,842580
BANKNIFTY-II.NFO,18/03/2025,09:35:57,49226.7,49224.05,30,49230,30,30,842580
BANKNIFTY-II.NFO,18/03/2025,09:35:58,49226.7,49224.05,30,49230,30,0,842580
BANKNIFTY-II.NFO,18/03/2025,09:36:00,49224.05,49222.4,30,49226.05,30,60,842580
BANKNIFTY-II.NFO,18/03/2025,09:36:02,49224.05,49223,90,49230,30,0,842580
BANKNIFTY-II.NFO,18/03/2025,09:36:03,49224.05,49225,30,49230,30,0,842580
BANKNIFTY-II.NFO,18/03/2025,09:36:05,49224.05,49225,30,49229.95,30,0,842580
BANKNIFTY-II.NFO,18/03/2025,09:36:07,49225,49217.7,90,49226,30,30,842580
BANKNIFTY-II.NFO,18/03/2025,09:36:08,49225,49220.55,90,49225,30,0,842580
BANKNIFTY-II.NFO,18/03/2025,09:36:10,49225,49221.8,30,49225,30,0,842580
BANKNIFTY-II.NFO,18/03/2025,09:36:12,49225,49218.45,90,49225,30,0,842580
BANKNIFTY-II.NFO,18/03/2025,09:36:13,49225,49218.7,90,49225,30,0,842580
BANKNIFTY-II.NFO,18/03/2025,09:36:17,49225,49223.85,30,49224.95,30,0,842580
BANKNIFTY-II.NFO,18/03/2025,09:36:18,49225,49221.75,30,49226,30,60,842580
BANKNIFTY-II.NFO,18/03/2025,09:36:20,49225,49220.7,90,49226,30,0,842580
BANKNIFTY-II.NFO,18/03/2025,09:36:22,49225,49222.65,30,49226,30,0,842580
BANKNIFTY-II.NFO,18/03/2025,09:36:23,49225,49220.65,150,49226,30,0,842580
BANKNIFTY-II.NFO,18/03/2025,09:36:25,49232.95,49226,90,49233.35,30,90,845070
BANKNIFTY-II.NFO,18/03/2025,09:36:27,49232.95,49226,90,49238.85,240,0,845070
BANKNIFTY-II.NFO,18/03/2025,09:36:28,49237,49226,90,49234.45,270,120,845070
BANKNIFTY-II.NFO,18/03/2025,09:36:30,49226,49221.95,30,49226.5,270,90,845070
BANKNIFTY-II.NFO,18/03/2025,09:36:32,49221.95,49217.6,90,49225.65,270,60,845070
BANKNIFTY-II.NFO,18/03/2025,09:36:33,49221.95,49215.05,90,49223.05,270,0,845070
BANKNIFTY-II.NFO,18/03/2025,09:36:35,49221.95,49215,60,49216.75,60,0,845070
BANKNIFTY-II.NFO,18/03/2025,09:36:37,49215,49207.1,90,49218.55,240,60,845070
BANKNIFTY-II.NFO,18/03/2025,09:36:38,49215,49207.1,90,49218.85,270,0,845070
BANKNIFTY-II.NFO,18/03/2025,09:36:40,49207.1,49199.9,30,49212.6,270,90,845070
BANKNIFTY-II.NFO,18/03/2025,09:36:42,49207.1,49202.3,90,49216.35,240,0,845070
BANKNIFTY-II.NFO,18/03/2025,09:36:43,49202.45,49202.55,30,49213.75,30,90,845070
BANKNIFTY-II.NFO,18/03/2025,09:36:45,49200.35,49199.65,30,49213.1,240,240,845070
BANKNIFTY-II.NFO,18/03/2025,09:36:47,49199.4,49200.65,30,49211.7,30,180,845070
BANKNIFTY-II.NFO,18/03/2025,09:36:48,49200.05,49204.1,30,49217.75,270,240,845070
BANKNIFTY-II.NFO,18/03/2025,09:36:50,49218.15,49209.35,90,49218.05,270,30,845070
BANKNIFTY-II.NFO,18/03/2025,09:36:52,49218.15,49200.45,90,49213.5,240,0,845070
BANKNIFTY-II.NFO,18/03/2025,09:36:53,49218.15,49200.45,90,49212,270,0,845070
BANKNIFTY-II.NFO,18/03/2025,09:36:55,49218.15,49204.6,90,49209.95,30,0,845070
BANKNIFTY-II.NFO,18/03/2025,09:36:57,49218.15,49202.45,90,49209.95,30,0,845070
BANKNIFTY-II.NFO,18/03/2025,09:36:58,49218.15,49196.9,90,49209.2,240,0,845070
BANKNIFTY-II.NFO,18/03/2025,09:37:00,49218.15,49200.2,90,49209.7,270,0,845070
BANKNIFTY-II.NFO,18/03/2025,09:37:02,49218.15,49200.85,90,49209.95,30,0,845070
BANKNIFTY-II.NFO,18/03/2025,09:37:03,49218.15,49201.45,90,49209.95,30,0,845070
BANKNIFTY-II.NFO,18/03/2025,09:37:05,49200.9,49199.65,120,49209.95,30,30,845070
BANKNIFTY-II.NFO,18/03/2025,09:37:07,49200.9,49204.25,30,49209.95,30,0,845070
BANKNIFTY-II.NFO,18/03/2025,09:37:08,49218.15,49215.55,60,49224.95,30,180,845070
BANKNIFTY-II.NFO,18/03/2025,09:37:10,49218.15,49218.6,60,49224.95,30,0,845070
BANKNIFTY-II.NFO,18/03/2025,09:37:12,49218.15,49216.4,90,49224.95,30,0,845070
BANKNIFTY-II.NFO,18/03/2025,09:37:15,49218.15,49215.15,90,49224.9,270,0,845070
BANKNIFTY-II.NFO,18/03/2025,09:37:17,49218.15,49215.1,90,49224.4,270,30,845070
BANKNIFTY-II.NFO,18/03/2025,09:37:18,49220.1,49213.55,90,49224.7,270,90,845070
BANKNIFTY-II.NFO,18/03/2025,09:37:20,49220.1,49215.75,30,49224.95,30,0,845070
BANKNIFTY-II.NFO,18/03/2025,09:37:22,49224.95,49220,30,49224,30,30,845070
BANKNIFTY-II.NFO,18/03/2025,09:37:23,49224.95,49220,30,49224,30,0,845070
BANKNIFTY-II.NFO,18/03/2025,09:37:37,49224.65,49224.7,120,49229.8,30,120,845070
BANKNIFTY-II.NFO,18/03/2025,09:37:38,49224.95,49223.7,90,49229.8,30,60,845070
BANKNIFTY-II.NFO,18/03/2025,09:37:40,49224.7,49225,30,49229.8,30,60,845070
BANKNIFTY-II.NFO,18/03/2025,09:37:42,49224.7,49227.3,60,49229.8,30,0,845070
BANKNIFTY-II.NFO,18/03/2025,09:37:43,49230.75,49229.35,90,49238.9,30,150,845070
BANKNIFTY-II.NFO,18/03/2025,09:37:45,49230.75,49230.55,90,49238.9,30,0,845070
BANKNIFTY-II.NFO,18/03/2025,09:37:46,49230.75,49231.7,90,49238.9,30,0,845070
BANKNIFTY-II.NFO,18/03/2025,09:37:48,49231.7,49231.2,90,49238.9,30,60,845070
BANKNIFTY-II.NFO,18/03/2025,09:37:50,49231.7,49231.6,30,49238.9,30,0,845070
BANKNIFTY-II.NFO,18/03/2025,09:37:51,49231.7,49232.25,30,49238.9,30,0,845070
BANKNIFTY-II.NFO,18/03/2025,09:37:53,49231.7,49231.25,120,49238.9,30,450,845070
BANKNIFTY-II.NFO,18/03/2025,09:37:55,49231.7,49230.7,30,49238.9,30,0,845070
BANKNIFTY-II.NFO,18/03/2025,09:37:56,49231.7,49230.45,90,49238.9,30,0,845070
BANKNIFTY-II.NFO,18/03/2025,09:37:58,49231.7,49229.8,30,49231.7,30,0,845070
BANKNIFTY-II.NFO,18/03/2025,09:38:00,49231.7,49235.7,30,49238.9,30,30,845070
BANKNIFTY-II.NFO,18/03/2025,09:38:01,49231.7,49232.4,90,49237.95,30,0,845070
BANKNIFTY-II.NFO,18/03/2025,09:38:03,49231.7,49233.35,30,49237.95,30,0,845070
BANKNIFTY-II.NFO,18/03/2025,09:38:05,49233.35,49233.7,30,49237.95,30,30,845070
BANKNIFTY-II.NFO,18/03/2025,09:38:06,49233.35,49236.95,30,49237.95,30,0,845070
BANKNIFTY-II.NFO,18/03/2025,09:38:08,49233.35,49234.85,30,49237.95,30,0,845070
BANKNIFTY-II.NFO,18/03/2025,09:38:10,49231.8,49234.2,30,49237.95,30,330,845070
BANKNIFTY-II.NFO,18/03/2025,09:38:11,49231.8,49234.3,30,49237.95,30,0,845070
BANKNIFTY-II.NFO,18/03/2025,09:38:13,49231.8,49232.4,60,49237.95,30,0,845070
BANKNIFTY-II.NFO,18/03/2025,09:38:15,49231.8,49235.85,30,49237.95,30,0,845070
BANKNIFTY-II.NFO,18/03/2025,09:38:16,49231.8,49237.65,30,49237.95,30,0,845070
BANKNIFTY-II.NFO,18/03/2025,09:38:18,49238.9,49241.4,90,49249.95,240,60,845070
BANKNIFTY-II.NFO,18/03/2025,09:38:20,49248.1,49236.85,90,49247.8,270,90,845070
BANKNIFTY-II.NFO,18/03/2025,09:38:21,49248.1,49232.9,30,49238.9,30,0,845070
BANKNIFTY-II.NFO,18/03/2025,09:38:23,49248.1,49233.05,30,49238.9,30,0,845070
BANKNIFTY-II.NFO,18/03/2025,09:38:25,49248.1,49233.1,90,49238.9,30,0,845070
BANKNIFTY-II.NFO,18/03/2025,09:38:28,49233.1,49233.1,90,49241.7,270,30,845070
BANKNIFTY-II.NFO,18/03/2025,09:38:30,49233.1,49233.1,90,49242.8,270,0,845070
BANKNIFTY-II.NFO,18/03/2025,09:38:31,49244.25,49233.1,90,49243.85,240,30,845070
BANKNIFTY-II.NFO,18/03/2025,09:38:33,49226.95,49229.25,90,49242.95,240,30,845070
BANKNIFTY-II.NFO,18/03/2025,09:38:34,49242.35,49229.25,90,49241.75,270,30,845070
BANKNIFTY-II.NFO,18/03/2025,09:38:36,49242.35,49228.15,90,49240.65,240,0,845070
BANKNIFTY-II.NFO,18/03/2025,09:38:38,49242.35,49234,90,49244.85,240,0,845070
BANKNIFTY-II.NFO,18/03/2025,09:38:39,49242.35,49234,90,49242.7,240,0,845070
BANKNIFTY-II.NFO,18/03/2025,09:38:41,49242.35,49234,90,49242.75,30,0,845070
BANKNIFTY-II.NFO,18/03/2025,09:38:43,49244.8,49234,90,49247.2,240,90,845070
BANKNIFTY-II.NFO,18/03/2025,09:38:44,49244.8,49234,90,49247.75,270,0,845070
BANKNIFTY-II.NFO,18/03/2025,09:38:46,49244.8,49234,90,49247.15,270,0,845070
BANKNIFTY-II.NFO,18/03/2025,09:38:48,49244.8,49239.2,90,49248.05,240,0,845070
BANKNIFTY-II.NFO,18/03/2025,09:38:54,49244.8,49239.2,90,49248.1,120,0,845070
BANKNIFTY-II.NFO,18/03/2025,09:38:56,49244.8,49248.05,30,49248.1,120,0,845070
BANKNIFTY-II.NFO,18/03/2025,09:39:04,49248.05,49240.05,90,49248.1,120,30,845070
BANKNIFTY-II.NFO,18/03/2025,09:39:06,49248.05,49244.8,90,49248.1,120,0,845070
BANKNIFTY-II.NFO,18/03/2025,09:39:07,49248.05,49246.7,30,49248.1,120,0,845070
BANKNIFTY-II.NFO,18/03/2025,09:39:09,49248.1,49248.05,30,49250,60,150,845070
BANKNIFTY-II.NFO,18/03/2025,09:39:11,49255,49248.3,90,49256.6,30,240,845070
BANKNIFTY-II.NFO,18/03/2025,09:39:11,49255,49248.3,90,49256.6,30,0,845070
BANKNIFTY-II.NFO,18/03/2025,09:39:12,49255,49244.85,90,49256.55,240,0,845070
BANKNIFTY-II.NFO,18/03/2025,09:39:14,49255,49246.7,90,49256.6,30,0,845070
BANKNIFTY-II.NFO,18/03/2025,09:39:16,49255,49249.4,90,49256.6,30,0,845070
BANKNIFTY-II.NFO,18/03/2025,09:39:18,49255,49249.4,90,49256.6,30,30,845070
BANKNIFTY-II.NFO,18/03/2025,09:39:19,49255,49250,90,49256.6,30,0,845070
BANKNIFTY-II.NFO,18/03/2025,09:39:21,49255,49248.5,120,49256.6,30,0,845070
BANKNIFTY-II.NFO,18/03/2025,09:39:22,49255,49249.45,30,49256.6,30,0,845070
BANKNIFTY-II.NFO,18/03/2025,09:39:24,49255,49249.25,90,49256.6,30,0,845070
BANKNIFTY-II.NFO,18/03/2025,09:39:31,49255,49250,90,49256.6,30,0,845070
BANKNIFTY-II.NFO,18/03/2025,09:39:32,49255,49250.2,90,49256.6,30,0,845070
BANKNIFTY-II.NFO,18/03/2025,09:39:36,49255,49250,90,49256.55,240,0,845070
BANKNIFTY-II.NFO,18/03/2025,09:39:37,49255,49250,90,49255.1,270,0,845070
BANKNIFTY-II.NFO,18/03/2025,09:39:39,49255,49250,90,49253.95,270,0,845070
BANKNIFTY-II.NFO,18/03/2025,09:39:41,49250,49250,60,49252.55,240,60,845430
BANKNIFTY-II.NFO,18/03/2025,09:39:42,49250,49250,60,49253.35,300,0,845430
BANKNIFTY-II.NFO,18/03/2025,09:39:44,49250,49250,60,49251.85,240,0,845430
BANKNIFTY-II.NFO,18/03/2025,09:39:46,49250,49250,60,49251.55,240,0,845430
BANKNIFTY-II.NFO,18/03/2025,09:39:47,49250,49250,90,49252.6,240,60,845430
BANKNIFTY-II.NFO,18/03/2025,09:39:49,49250,49250,90,49256.6,30,0,845430
BANKNIFTY-II.NFO,18/03/2025,09:39:51,49250,49250,60,49256.6,30,30,845430
BANKNIFTY-II.NFO,18/03/2025,09:39:52,49259.3,49251.4,90,49260,90,90,845430
BANKNIFTY-II.NFO,18/03/2025,09:39:52,49259.3,49251.4,90,49260,90,0,845430
BANKNIFTY-II.NFO,18/03/2025,09:39:54,49259.3,49251.4,90,49260,90,0,845430
BANKNIFTY-II.NFO,18/03/2025,09:39:56,49259.3,49250.05,30,49260,90,0,845430
BANKNIFTY-II.NFO,18/03/2025,09:39:57,49260,49252.2,30,49260,60,30,845430
BANKNIFTY-II.NFO,18/03/2025,09:39:57,49260,49252.2,30,49260,60,0,845430
BANKNIFTY-II.NFO,18/03/2025,09:39:59,49260,49252.2,30,49260,60,0,845430
BANKNIFTY-II.NFO,18/03/2025,09:40:01,49260,49256.75,30,49264.95,30,90,845430
BANKNIFTY-II.NFO,18/03/2025,09:40:02,49260,49256.75,30,49264.95,30,0,845430
BANKNIFTY-II.NFO,18/03/2025,09:40:04,49267.05,49256.75,90,49268.5,30,60,845430
BANKNIFTY-II.NFO,18/03/2025,09:40:04,49267.05,49256.75,90,49268.5,30,0,845430
BANKNIFTY-II.NFO,18/03/2025,09:40:06,49270.15,49258.4,90,49265.3,30,120,845430
BANKNIFTY-II.NFO,18/03/2025,09:40:06,49270.15,49258.4,90,49265.3,30,0,845430
BANKNIFTY-II.NFO,18/03/2025,09:40:07,49267.25,49259.85,90,49268.65,30,60,845430
BANKNIFTY-II.NFO,18/03/2025,09:40:09,49267.25,49258.8,90,49265.65,30,0,845430
BANKNIFTY-II.NFO,18/03/2025,09:40:11,49267.25,49260.45,30,49265.65,30,0,845430
BANKNIFTY-II.NFO,18/03/2025,09:40:12,49267.25,49260.5,120,49265.65,30,0,845430
BANKNIFTY-II.NFO,18/03/2025,09:40:16,49267.25,49260.5,90,49265.65,30,0,845430
BANKNIFTY-II.NFO,18/03/2025,09:40:17,49267.25,49260.65,30,49265.65,30,0,845430
BANKNIFTY-II.NFO,18/03/2025,09:40:19,49267.25,49258,90,49265.65,30,0,845430
BANKNIFTY-II.NFO,18/03/2025,09:40:21,49265.65,49260.9,30,49263.9,30,30,845430
BANKNIFTY-II.NFO,18/03/2025,09:40:22,49265.65,49262.75,180,49267.05,30,0,845430
BANKNIFTY-II.NFO,18/03/2025,09:40:24,49262.75,49263.6,150,49267.05,30,30,845430
BANKNIFTY-II.NFO,18/03/2025,09:40:26,49267.05,49265.2,30,49269.3,30,30,845430
BANKNIFTY-II.NFO,18/03/2025,09:40:27,49267.05,49265,90,49268.9,30,0,845430
BANKNIFTY-II.NFO,18/03/2025,09:40:29,49263.55,49263.55,90,49269.5,30,150,845430
BANKNIFTY-II.NFO,18/03/2025,09:40:31,49263.8,49264.85,90,49269.25,30,60,845430
BANKNIFTY-II.NFO,18/03/2025,09:40:32,49263.8,49263.8,30,49267.05,30,0,845430
BANKNIFTY-II.NFO,18/03/2025,09:40:34,49263.8,49264.45,30,49267.05,30,0,845430
BANKNIFTY-II.NFO,18/03/2025,09:40:36,49263.8,49263.8,180,49267.05,30,0,845430
BANKNIFTY-II.NFO,18/03/2025,09:40:37,49263.8,49263.8,90,49267.05,60,0,845430
BANKNIFTY-II.NFO,18/03/2025,09:40:39,49263.8,49263.8,90,49267.05,30,0,845430
BANKNIFTY-II.NFO,18/03/2025,09:40:41,49267.05,49265.05,90,49268.55,30,30,845430
BANKNIFTY-II.NFO,18/03/2025,09:40:42,49265.05,49264.95,90,49268.55,30,30,845430
BANKNIFTY-II.NFO,18/03/2025,09:40:44,49264.95,49264.95,90,49268.55,30,60,845430
BANKNIFTY-II.NFO,18/03/2025,09:40:46,49264.95,49263.8,90,49268.5,270,0,845430
BANKNIFTY-II.NFO,18/03/2025,09:40:47,49263.8,49263.8,120,49268.55,30,60,845430
BANKNIFTY-II.NFO,18/03/2025,09:40:49,49263.8,49263.8,30,49267.6,30,0,845430
BANKNIFTY-II.NFO,18/03/2025,09:40:51,49263.8,49263.8,30,49268.55,30,0,845430
BANKNIFTY-II.NFO,18/03/2025,09:40:52,49268.55,49265,30,49270.2,30,30,845430
BANKNIFTY-II.NFO,18/03/2025,09:40:54,49265,49263.8,90,49267,270,30,845430
BANKNIFTY-II.NFO,18/03/2025,09:40:56,49265,49263.8,90,49267.15,270,0,845430
BANKNIFTY-II.NFO,18/03/2025,09:40:57,49255.65,49254.4,90,49260.1,270,120,845430
BANKNIFTY-II.NFO,18/03/2025,09:40:59,49255.65,49251.4,90,49258.7,240,0,845430
BANKNIFTY-II.NFO,18/03/2025,09:41:01,49255.65,49250.2,90,49260,270,0,845430
BANKNIFTY-II.NFO,18/03/2025,09:41:02,49255.65,49250.2,90,49260.1,270,0,845430
BANKNIFTY-II.NFO,18/03/2025,09:41:04,49250.2,49250.2,90,49260.1,270,30,845430
BANKNIFTY-II.NFO,18/03/2025,09:41:06,49250.2,49250.35,90,49260.15,60,0,845430
BANKNIFTY-II.NFO,18/03/2025,09:41:09,49250.35,49250.35,90,49258.65,270,60,845430
BANKNIFTY-II.NFO,18/03/2025,09:41:11,49250,49243.05,90,49250,30,30,845430
BANKNIFTY-II.NFO,18/03/2025,09:41:12,49243.05,49244.45,90,49256.45,240,30,845430
BANKNIFTY-II.NFO,18/03/2025,09:41:14,49253.2,49238.95,180,49254.9,300,60,845430
BANKNIFTY-II.NFO,18/03/2025,09:41:16,49253.2,49238.15,30,49249.15,240,0,845430
BANKNIFTY-II.NFO,18/03/2025,09:41:17,49239.3,49235.85,30,49248.5,240,60,845430
BANKNIFTY-II.NFO,18/03/2025,09:41:19,49239.3,49237,30,49248.1,240,0,845430
BANKNIFTY-II.NFO,18/03/2025,09:41:21,49239.3,49234.85,30,49246.25,240,0,845430
BANKNIFTY-II.NFO,18/03/2025,09:41:22,49239.3,49233.85,30,49244.2,270,0,845430
BANKNIFTY-II.NFO,18/03/2025,09:41:24,49239.3,49233.6,90,49244.15,240,0,845430
BANKNIFTY-II.NFO,18/03/2025,09:41:26,49228.7,49230.55,90,49241.6,270,60,845430
BANKNIFTY-II.NFO,18/03/2025,09:41:27,49241.15,49230.55,90,49240.95,270,90,845430
BANKNIFTY-II.NFO,18/03/2025,09:41:29,49241.15,49230.55,90,49238.95,240,0,845430
BANKNIFTY-II.NFO,18/03/2025,09:41:31,49230.55,49232.45,90,49240.3,30,30,845430
BANKNIFTY-II.NFO,18/03/2025,09:41:33,49230.55,49232.45,90,49240.3,30,0,845430
BANKNIFTY-II.NFO,18/03/2025,09:41:34,49230.55,49235.55,90,49244.85,210,0,845430
BANKNIFTY-II.NFO,18/03/2025,09:41:36,49230.55,49232.75,90,49243.15,30,0,845430
BANKNIFTY-II.NFO,18/03/2025,09:41:38,49232.4,49230.55,90,49240.75,30,60,845430
BANKNIFTY-II.NFO,18/03/2025,09:41:39,49232.4,49230.55,90,49240.95,30,0,845430
BANKNIFTY-II.NFO,18/03/2025,09:41:41,49232.4,49232.2,90,49243,30,0,845430
BANKNIFTY-II.NFO,18/03/2025,09:41:43,49232.4,49232.2,90,49242.5,210,0,845430
BANKNIFTY-II.NFO,18/03/2025,09:41:44,49232.4,49232.2,90,49242.2,30,0,845430
BANKNIFTY-II.NFO,18/03/2025,09:41:46,49241.75,49232.2,90,49241.75,210,30,845430
BANKNIFTY-II.NFO,18/03/2025,09:41:48,49238.15,49231.6,90,49245.65,90,990,845430
BANKNIFTY-II.NFO,18/03/2025,09:41:49,49246.8,49231.85,60,49246.15,180,450,845430
BANKNIFTY-II.NFO,18/03/2025,09:41:51,49246.15,49240.8,90,49251,30,150,845430
BANKNIFTY-II.NFO,18/03/2025,09:41:53,49246.15,49241.1,90,49251,30,0,845430
BANKNIFTY-II.NFO,18/03/2025,09:41:54,49246.15,49239.65,90,49250.1,60,0,845430
BANKNIFTY-II.NFO,18/03/2025,09:41:56,49246.15,49232.15,240,49249.65,30,0,845430
BANKNIFTY-II.NFO,18/03/2025,09:41:58,49246.15,49242.2,30,49250.75,30,0,845430
BANKNIFTY-II.NFO,18/03/2025,09:41:59,49246.15,49242.2,30,49251,30,0,845430
BANKNIFTY-II.NFO,18/03/2025,09:42:01,49246.15,49242.6,30,49251,30,0,845430
BANKNIFTY-II.NFO,18/03/2025,09:42:03,49239.15,49240.7,30,49250.95,30,60,845430
BANKNIFTY-II.NFO,18/03/2025,09:42:04,49239.15,49238.8,30,49246.7,60,0,845430
BANKNIFTY-II.NFO,18/03/2025,09:42:06,49239.15,49236.8,240,49246.7,60,0,845430
BANKNIFTY-II.NFO,18/03/2025,09:42:08,49239.15,49233.65,30,49246.65,30,0,845430
BANKNIFTY-II.NFO,18/03/2025,09:42:09,49239.15,49233.65,30,49246.25,60,0,845430
BANKNIFTY-II.NFO,18/03/2025,09:42:11,49239.15,49226.4,30,49239.7,30,0,845430
BANKNIFTY-II.NFO,18/03/2025,09:42:13,49239.15,49224.65,270,49239.4,60,0,845430
BANKNIFTY-II.NFO,18/03/2025,09:42:14,49225.75,49226.25,270,49242.15,150,30,845430
BANKNIFTY-II.NFO,18/03/2025,09:42:16,49226.35,49227.45,240,49243.95,120,30,845430
BANKNIFTY-II.NFO,18/03/2025,09:42:18,49226.35,49230.85,30,49240.55,120,0,845430
BANKNIFTY-II.NFO,18/03/2025,09:42:19,49230.85,49226.05,240,49240.55,120,30,845430
BANKNIFTY-II.NFO,18/03/2025,09:42:21,49226.65,49227.15,270,49237.6,30,30,845430
BANKNIFTY-II.NFO,18/03/2025,09:42:23,49226.65,49228.75,270,49243.85,150,0,845430
BANKNIFTY-II.NFO,18/03/2025,09:42:24,49226.65,49227.3,270,49238.55,30,0,845430
BANKNIFTY-II.NFO,18/03/2025,09:42:26,49226.65,49225.5,270,49238.55,30,0,845430
BANKNIFTY-II.NFO,18/03/2025,09:42:28,49226.3,49223.65,240,49238.5,30,30,846930
BANKNIFTY-II.NFO,18/03/2025,09:42:29,49226.3,49227.45,270,49243.7,150,0,846930
BANKNIFTY-II.NFO,18/03/2025,09:42:31,49226.3,49230.5,330,49241,30,0,846930
BANKNIFTY-II.NFO,18/03/2025,09:42:32,49226.3,49231.1,330,49241,30,0,846930
BANKNIFTY-II.NFO,18/03/2025,09:42:34,49226.3,49235,270,49241,30,0,846930
BANKNIFTY-II.NFO,18/03/2025,09:42:36,49241,49235.8,270,49246.7,60,30,846930
BANKNIFTY-II.NFO,18/03/2025,09:42:37,49241,49239.45,240,49246.7,60,0,846930
BANKNIFTY-II.NFO,18/03/2025,09:42:39,49241,49239.15,270,49246.7,60,0,846930
BANKNIFTY-II.NFO,18/03/2025,09:42:41,49241,49242.9,30,49246.7,60,0,846930
BANKNIFTY-II.NFO,18/03/2025,09:42:42,49246.7,49244.9,30,49249.7,30,90,846930
BANKNIFTY-II.NFO,18/03/2025,09:42:44,49246.7,49245.15,270,49249.7,30,0,846930
BANKNIFTY-II.NFO,18/03/2025,09:42:46,49246.7,49244.05,90,49249.7,30,0,846930
BANKNIFTY-II.NFO,18/03/2025,09:42:49,49249.7,49242.45,90,49253.5,180,30,846930
BANKNIFTY-II.NFO,18/03/2025,09:42:51,49250,49247.5,90,49258.45,180,30,846930
BANKNIFTY-II.NFO,18/03/2025,09:42:52,49250,49241.95,90,49254.7,150,0,846930
BANKNIFTY-II.NFO,18/03/2025,09:42:54,49250,49241.95,90,49253.55,180,0,846930
BANKNIFTY-II.NFO,18/03/2025,09:42:56,49250,49242.85,90,49250,30,0,846930
BANKNIFTY-II.NFO,18/03/2025,09:42:57,49250,49243.5,90,49250,30,0,846930
BANKNIFTY-II.NFO,18/03/2025,09:42:59,49250,49249.6,90,49258.5,30,30,846930
BANKNIFTY-II.NFO,18/03/2025,09:43:01,49250,49246.9,240,49250,30,0,846930
BANKNIFTY-II.NFO,18/03/2025,09:43:02,49258.5,49251.65,60,49260,30,60,846930
BANKNIFTY-II.NFO,18/03/2025,09:43:04,49258.5,49253.25,240,49260,30,0,846930
BANKNIFTY-II.NFO,18/03/2025,09:43:06,49253.25,49253.75,240,49260,30,30,846930
BANKNIFTY-II.NFO,18/03/2025,09:43:07,49253.25,49251.5,90,49260,30,0,846930
BANKNIFTY-II.NFO,18/03/2025,09:43:09,49253.25,49251.5,90,49259.95,210,0,846930
BANKNIFTY-II.NFO,18/03/2025,09:43:11,49258.45,49242.8,90,49255.6,180,30,846930
BANKNIFTY-II.NFO,18/03/2025,09:43:12,49242.8,49248.45,90,49258.55,180,30,846930
BANKNIFTY-II.NFO,18/03/2025,09:43:14,49242.8,49248.45,90,49257.6,180,0,846930
BANKNIFTY-II.NFO,18/03/2025,09:43:16,49242.8,49246.65,90,49254.05,30,0,846930
BANKNIFTY-II.NFO,18/03/2025,09:43:17,49242.8,49246.65,90,49253.95,30,0,846930
BANKNIFTY-II.NFO,18/03/2025,09:43:19,49246.65,49246.65,90,49253.95,30,60,846930
BANKNIFTY-II.NFO,18/03/2025,09:43:21,49246.65,49245.85,300,49253.95,30,60,846930
BANKNIFTY-II.NFO,18/03/2025,09:43:22,49246.65,49247.65,270,49250,30,0,846930
BANKNIFTY-II.NFO,18/03/2025,09:43:24,49250,49249.05,240,49253.95,30,30,846930
BANKNIFTY-II.NFO,18/03/2025,09:43:26,49250,49250.05,30,49253.95,30,0,846930
BANKNIFTY-II.NFO,18/03/2025,09:43:27,49250.2,49252.1,30,49253.95,30,90,846930
BANKNIFTY-II.NFO,18/03/2025,09:43:29,49253.95,49248.9,90,49259.15,60,30,846930
BANKNIFTY-II.NFO,18/03/2025,09:43:31,49253.95,49251.75,90,49259.15,30,0,846930
BANKNIFTY-II.NFO,18/03/2025,09:43:32,49253.95,49250,30,49250.05,240,0,846930
BANKNIFTY-II.NFO,18/03/2025,09:43:34,49250.05,49250,30,49250.05,210,60,846930
BANKNIFTY-II.NFO,18/03/2025,09:43:36,49250.05,49250,30,49250.05,180,60,846930
BANKNIFTY-II.NFO,18/03/2025,09:43:37,49250.05,49250,30,49250.05,180,0,846930
BANKNIFTY-II.NFO,18/03/2025,09:43:39,49250.05,49250,30,49250.05,210,0,846930
BANKNIFTY-II.NFO,18/03/2025,09:43:41,49250.05,49250,30,49250.05,240,0,846930
BANKNIFTY-II.NFO,18/03/2025,09:43:42,49250,49243.1,90,49250.05,240,30,846930
BANKNIFTY-II.NFO,18/03/2025,09:43:44,49250,49244.05,60,49250.05,240,0,846930
BANKNIFTY-II.NFO,18/03/2025,09:43:46,49250,49242.55,150,49250.05,240,0,846930
BANKNIFTY-II.NFO,18/03/2025,09:43:47,49250,49243.45,60,49250.05,240,0,846930
BANKNIFTY-II.NFO,18/03/2025,09:43:49,49250,49243.6,60,49250.05,210,0,846930
BANKNIFTY-II.NFO,18/03/2025,09:43:51,49250,49242.95,30,49250.05,210,0,846930
BANKNIFTY-II.NFO,18/03/2025,09:43:52,49250,49242.65,150,49250.05,210,0,846930
BANKNIFTY-II.NFO,18/03/2025,09:43:54,49250,49242,30,49245,120,0,846930
BANKNIFTY-II.NFO,18/03/2025,09:43:56,49243.6,49242,30,49250.05,210,240,846930
BANKNIFTY-II.NFO,18/03/2025,09:43:57,49243.6,49242,30,49250,30,0,846930
BANKNIFTY-II.NFO,18/03/2025,09:43:59,49243.6,49242,30,49249.95,180,0,846930
BANKNIFTY-II.NFO,18/03/2025,09:44:01,49243.6,49243.1,30,49250,60,0,846930
BANKNIFTY-II.NFO,18/03/2025,09:44:02,49243.6,49245.3,30,49250,60,0,846930
BANKNIFTY-II.NFO,18/03/2025,09:44:04,49245.3,49245.05,150,49250,60,30,846930
BANKNIFTY-II.NFO,18/03/2025,09:44:06,49243.6,49242,30,49243.6,30,30,846930
BANKNIFTY-II.NFO,18/03/2025,09:44:07,49243.6,49242,30,49243.6,30,0,846930
BANKNIFTY-II.NFO,18/03/2025,09:44:14,49243.6,49241.8,90,49250,60,90,846930
BANKNIFTY-II.NFO,18/03/2025,09:44:16,49243.6,49242.3,90,49250,60,0,846930
BANKNIFTY-II.NFO,18/03/2025,09:44:19,49242.3,49241.2,90,49249.95,180,30,846930
BANKNIFTY-II.NFO,18/03/2025,09:44:21,49242.3,49240.8,150,49249.65,210,0,846930
BANKNIFTY-II.NFO,18/03/2025,09:44:22,49242.3,49240.5,150,49248.8,210,90,846930
BANKNIFTY-II.NFO,18/03/2025,09:44:24,49242.3,49240.1,150,49248.5,210,0,846930
BANKNIFTY-II.NFO,18/03/2025,09:44:26,49242.3,49240,150,49249.65,180,0,846930
BANKNIFTY-II.NFO,18/03/2025,09:44:27,49242.3,49236.35,90,49248.05,210,0,846930
BANKNIFTY-II.NFO,18/03/2025,09:44:29,49242.3,49240.55,90,49249.65,180,0,846930
BANKNIFTY-II.NFO,18/03/2025,09:44:31,49242.3,49234.95,150,49240.1,30,0,846930
BANKNIFTY-II.NFO,18/03/2025,09:44:32,49242.3,49233.8,30,49240.1,30,0,846930
BANKNIFTY-II.NFO,18/03/2025,09:44:34,49242.3,49234.05,30,49240.1,30,0,846930
BANKNIFTY-II.NFO,18/03/2025,09:44:36,49242.3,49235.35,240,49240.1,30,0,846930
BANKNIFTY-II.NFO,18/03/2025,09:44:37,49240.1,49240.55,90,49248.6,30,60,846930
BANKNIFTY-II.NFO,18/03/2025,09:44:39,49240.1,49233.95,90,49246.9,180,0,846930
BANKNIFTY-II.NFO,18/03/2025,09:44:41,49240.1,49234.35,240,49240,90,0,846930
BANKNIFTY-II.NFO,18/03/2025,09:44:42,49240.1,49234.3,90,49240,90,0,846930
BANKNIFTY-II.NFO,18/03/2025,09:44:44,49240.1,49233.1,90,49240,90,0,846930
BANKNIFTY-II.NFO,18/03/2025,09:44:46,49240,49239.95,30,49248.55,180,180,846930
BANKNIFTY-II.NFO,18/03/2025,09:44:47,49240,49238.05,90,49248.35,210,0,846930
BANKNIFTY-II.NFO,18/03/2025,09:44:49,49240,49239.95,30,49240.1,30,0,846930
BANKNIFTY-II.NFO,18/03/2025,09:44:51,49240.1,49240.15,90,49248.6,30,30,846930
BANKNIFTY-II.NFO,18/03/2025,09:44:52,49250.05,49242.5,90,49250.05,60,240,846930
BANKNIFTY-II.NFO,18/03/2025,09:44:54,49239.95,49239.95,30,49250.05,60,210,846930
BANKNIFTY-II.NFO,18/03/2025,09:44:56,49239.95,49238,30,49240.15,30,0,846930
BANKNIFTY-II.NFO,18/03/2025,09:45:04,49239.95,49238,30,49239.95,30,0,846930
BANKNIFTY-II.NFO,18/03/2025,09:45:06,49239.95,49230.05,90,49240.15,30,180,846930
BANKNIFTY-II.NFO,18/03/2025,09:45:07,49239.95,49225.75,30,49235,60,0,846930
BANKNIFTY-II.NFO,18/03/2025,09:45:09,49239.95,49224.7,90,49235,60,0,846930
BANKNIFTY-II.NFO,18/03/2025,09:45:11,49239.95,49229.95,30,49234.95,180,0,846930
BANKNIFTY-II.NFO,18/03/2025,09:45:12,49239.95,49229.95,30,49235,60,60,846930
BANKNIFTY-II.NFO,18/03/2025,09:45:14,49229.95,49221.55,90,49231.2,210,30,846930
BANKNIFTY-II.NFO,18/03/2025,09:45:16,49229.95,49219.95,90,49231.3,210,0,846930
BANKNIFTY-II.NFO,18/03/2025,09:45:17,49229.95,49217.3,90,49228.75,210,0,846930
BANKNIFTY-II.NFO,18/03/2025,09:45:19,49217.3,49214.1,240,49228.5,240,30,846930
BANKNIFTY-II.NFO,18/03/2025,09:45:21,49217.3,49220.75,240,49235,60,0,846930
BANKNIFTY-II.NFO,18/03/2025,09:45:22,49221.15,49221.35,300,49235,90,30,846930
BANKNIFTY-II.NFO,18/03/2025,09:45:24,49221.35,49222.75,240,49235,60,60,846930
BANKNIFTY-II.NFO,18/03/2025,09:45:26,49221.35,49224.65,240,49235,60,0,846930
BANKNIFTY-II.NFO,18/03/2025,09:45:27,49225.35,49225.95,180,49235,60,60,846780
BANKNIFTY-II.NFO,18/03/2025,09:45:29,49225.35,49225,30,49234.85,270,0,846780
BANKNIFTY-II.NFO,18/03/2025,09:45:31,49225.35,49225,30,49229.35,270,0,846780
BANKNIFTY-II.NFO,18/03/2025,09:45:32,49225.35,49225,30,49228.55,240,0,846780
BANKNIFTY-II.NFO,18/03/2025,09:45:34,49225.35,49225,30,49230,30,0,846780
BANKNIFTY-II.NFO,18/03/2025,09:45:38,49230,49225,30,49234.95,270,30,846780
BANKNIFTY-II.NFO,18/03/2025,09:45:39,49225,49221.55,180,49235,60,30,846780
BANKNIFTY-II.NFO,18/03/2025,09:45:41,49225,49224.85,180,49235,60,0,846780
BANKNIFTY-II.NFO,18/03/2025,09:45:43,49234.95,49225.9,60,49235,30,330,846780
BANKNIFTY-II.NFO,18/03/2025,09:45:44,49234.95,49226.95,90,49235,30,0,846780
BANKNIFTY-II.NFO,18/03/2025,09:45:46,49228.05,49228.85,30,49235,30,30,846780
BANKNIFTY-II.NFO,18/03/2025,09:45:47,49225.5,49225.2,60,49235,30,60,846780
BANKNIFTY-II.NFO,18/03/2025,09:45:49,49223.6,49223.4,90,49235,30,30,846780
BANKNIFTY-II.NFO,18/03/2025,09:45:51,49235,49227.35,30,49238.95,30,60,846780
BANKNIFTY-II.NFO,18/03/2025,09:45:52,49228.55,49223.75,60,49238.65,270,30,846780
BANKNIFTY-II.NFO,18/03/2025,09:45:54,49228.55,49223.75,60,49238.3,270,0,846780
BANKNIFTY-II.NFO,18/03/2025,09:45:56,49228.55,49225,30,49238,270,0,846780
BANKNIFTY-II.NFO,18/03/2025,09:45:57,49228.55,49225,60,49233.7,240,0,846780
BANKNIFTY-II.NFO,18/03/2025,09:45:59,49228.55,49225,60,49233,240,0,846780
BANKNIFTY-II.NFO,18/03/2025,09:46:01,49228.55,49225,60,49235.1,270,0,846780
BANKNIFTY-II.NFO,18/03/2025,09:46:02,49228.55,49225,60,49235.5,240,0,846780
BANKNIFTY-II.NFO,18/03/2025,09:46:04,49228.55,49225,60,49233.8,240,0,846780
BANKNIFTY-II.NFO,18/03/2025,09:46:06,49228.55,49225,150,49233.95,30,0,846780
BANKNIFTY-II.NFO,18/03/2025,09:46:07,49225,49223.25,30,49233.95,30,150,846780
BANKNIFTY-II.NFO,18/03/2025,09:46:09,49225,49220.7,30,49232.5,240,0,846780
BANKNIFTY-II.NFO,18/03/2025,09:46:11,49225,49222.1,30,49233.8,90,0,846780
BANKNIFTY-II.NFO,18/03/2025,09:46:12,49225,49220.5,30,49232.8,300,0,846780
BANKNIFTY-II.NFO,18/03/2025,09:46:14,49225,49221.2,30,49233.95,30,0,846780
BANKNIFTY-II.NFO,18/03/2025,09:46:16,49225,49224,90,49233.95,30,0,846780
BANKNIFTY-II.NFO,18/03/2025,09:46:17,49222,49220.75,30,49233,270,270,846780
BANKNIFTY-II.NFO,18/03/2025,09:46:19,49222,49220.75,30,49233.55,270,0,846780
BANKNIFTY-II.NFO,18/03/2025,09:46:21,49222,49216.8,30,49232.8,270,30,846780
BANKNIFTY-II.NFO,18/03/2025,09:46:22,49222,49219.7,90,49232.9,60,0,846780
BANKNIFTY-II.NFO,18/03/2025,09:46:24,49222,49221.05,30,49231.95,30,0,846780
BANKNIFTY-II.NFO,18/03/2025,09:46:26,49220,49223.85,90,49231.95,30,120,846780
BANKNIFTY-II.NFO,18/03/2025,09:46:27,49231.95,49229.75,90,49238.95,30,60,846780
BANKNIFTY-II.NFO,18/03/2025,09:46:29,49240,49233.45,90,49240,30,90,846780
BANKNIFTY-II.NFO,18/03/2025,09:46:30,49233.45,49233.45,90,49240,30,30,846780
BANKNIFTY-II.NFO,18/03/2025,09:46:32,49233.45,49226.8,90,49239.95,240,60,846780
BANKNIFTY-II.NFO,18/03/2025,09:46:34,49233.45,49231.75,90,49240,30,0,846780
BANKNIFTY-II.NFO,18/03/2025,09:46:35,49233.45,49231.75,90,49239.45,270,0,846780
BANKNIFTY-II.NFO,18/03/2025,09:46:37,49239.65,49231.75,90,49239.35,240,30,846780
BANKNIFTY-II.NFO,18/03/2025,09:46:39,49224.1,49225.75,30,49239.85,240,150,846780
BANKNIFTY-II.NFO,18/03/2025,09:46:40,49224.1,49227.85,30,49240,30,0,846780
BANKNIFTY-II.NFO,18/03/2025,09:46:42,49224.1,49239.75,30,49240,30,30,846780
BANKNIFTY-II.NFO,18/03/2025,09:46:44,49224.1,49239.75,30,49240,30,0,846780
BANKNIFTY-II.NFO,18/03/2025,09:46:45,49240,49239.75,30,49248.85,240,30,846780
BANKNIFTY-II.NFO,18/03/2025,09:46:47,49236.1,49228.45,30,49245.15,240,90,846780
BANKNIFTY-II.NFO,18/03/2025,09:46:49,49247.4,49230.6,30,49247.65,240,30,846780
BANKNIFTY-II.NFO,18/03/2025,09:46:50,49247.4,49228.2,30,49244.75,270,0,846780
BANKNIFTY-II.NFO,18/03/2025,09:46:52,49247.4,49226.6,30,49243.05,240,0,846780
BANKNIFTY-II.NFO,18/03/2025,09:46:54,49247.4,49229.35,30,49247.7,240,0,846780
BANKNIFTY-II.NFO,18/03/2025,09:46:55,49247.4,49230.5,60,49248,240,0,846780
BANKNIFTY-II.NFO,18/03/2025,09:46:57,49247.4,49232.45,30,49248.85,270,0,846780
BANKNIFTY-II.NFO,18/03/2025,09:46:59,49247.4,49236.75,30,49249,30,0,846780
BANKNIFTY-II.NFO,18/03/2025,09:47:00,49237.9,49238.5,60,49249,30,180,846780
BANKNIFTY-II.NFO,18/03/2025,09:47:02,49250,49240.7,60,49250.05,60,180,846780
BANKNIFTY-II.NFO,18/03/2025,09:47:04,49250.05,49242.6,30,49250.05,30,60,846780
BANKNIFTY-II.NFO,18/03/2025,09:47:05,49250.05,49240.3,90,49249.95,30,0,846780
BANKNIFTY-II.NFO,18/03/2025,09:47:07,49249.95,49243,60,49250.05,30,60,846780
BANKNIFTY-II.NFO,18/03/2025,09:47:09,49250.05,49243,90,49253,30,60,846780
BANKNIFTY-II.NFO,18/03/2025,09:47:10,49250.05,49243.35,90,49253,30,0,846780
BANKNIFTY-II.NFO,18/03/2025,09:47:14,49250.05,49245.75,30,49253,30,0,846780
BANKNIFTY-II.NFO,18/03/2025,09:47:15,49255,49250.05,30,49255,30,90,846780
BANKNIFTY-II.NFO,18/03/2025,09:47:17,49250.05,49247.65,30,49255,30,60,846780
BANKNIFTY-II.NFO,18/03/2025,09:47:19,49250.05,49247.15,90,49255,30,0,846780
BANKNIFTY-II.NFO,18/03/2025,09:47:20,49250.05,49247.8,30,49255,30,0,846780
BANKNIFTY-II.NFO,18/03/2025,09:47:22,49255,49249.25,90,49258,30,30,846780
BANKNIFTY-II.NFO,18/03/2025,09:47:24,49258,49253.85,30,49260,30,30,846780
BANKNIFTY-II.NFO,18/03/2025,09:47:25,49254.65,49255.25,30,49260,30,60,846780
BANKNIFTY-II.NFO,18/03/2025,09:47:27,49257.35,49256.6,90,49267,30,120,846780
BANKNIFTY-II.NFO,18/03/2025,09:47:29,49269,49258.95,90,49270,90,60,846780
BANKNIFTY-II.NFO,18/03/2025,09:47:30,49260,49259.65,60,49270,90,90,846780
BANKNIFTY-II.NFO,18/03/2025,09:47:32,49258.7,49258.65,30,49270,90,210,846780
BANKNIFTY-II.NFO,18/03/2025,09:47:34,49258.7,49254.05,30,49269.4,270,0,846780
BANKNIFTY-II.NFO,18/03/2025,09:47:35,49258.7,49255.2,60,49260.05,30,0,846780
BANKNIFTY-II.NFO,18/03/2025,09:47:37,49260.05,49254,30,49268.75,270,30,846780
BANKNIFTY-II.NFO,18/03/2025,09:47:39,49260.05,49253.45,30,49267.25,270,0,846780
BANKNIFTY-II.NFO,18/03/2025,09:47:40,49260.05,49254,30,49269.95,270,0,846780
BANKNIFTY-II.NFO,18/03/2025,09:47:42,49254,49254.05,30,49267.25,270,60,846780
BANKNIFTY-II.NFO,18/03/2025,09:47:44,49254,49253.85,150,49265.3,240,0,846780
BANKNIFTY-II.NFO,18/03/2025,09:47:45,49254,49260,30,49265.2,240,0,846780
BANKNIFTY-II.NFO,18/03/2025,09:47:47,49254,49260,30,49267.5,240,0,846780
BANKNIFTY-II.NFO,18/03/2025,09:47:49,49254,49260,30,49267.8,240,0,846780
BANKNIFTY-II.NFO,18/03/2025,09:47:50,49260,49256.95,30,49267.95,30,30,846780
BANKNIFTY-II.NFO,18/03/2025,09:47:52,49260,49256.95,30,49267.9,240,0,846780
BANKNIFTY-II.NFO,18/03/2025,09:47:54,49267.9,49253.85,30,49267.7,270,30,846780
BANKNIFTY-II.NFO,18/03/2025,09:47:55,49267.9,49251.9,30,49265.65,270,0,846780
BANKNIFTY-II.NFO,18/03/2025,09:47:57,49267.9,49256.7,30,49266.95,30,0,846780
BANKNIFTY-II.NFO,18/03/2025,09:47:59,49256.2,49252.8,30,49264.95,30,60,846780
BANKNIFTY-II.NFO,18/03/2025,09:48:00,49256.2,49253.65,30,49264.95,30,0,846780
BANKNIFTY-II.NFO,18/03/2025,09:48:02,49256.2,49255.15,30,49264.95,30,0,846780
BANKNIFTY-II.NFO,18/03/2025,09:48:04,49256.2,49254,30,49262,30,0,846780
BANKNIFTY-II.NFO,18/03/2025,09:48:05,49262,49253.05,30,49264.2,240,30,846780
BANKNIFTY-II.NFO,18/03/2025,09:48:07,49262,49255.45,30,49264.95,30,0,846780
BANKNIFTY-II.NFO,18/03/2025,09:48:09,49269.95,49257.4,30,49269.95,240,240,846780
BANKNIFTY-II.NFO,18/03/2025,09:48:10,49269.95,49262,30,49269.75,240,30,846780
BANKNIFTY-II.NFO,18/03/2025,09:48:12,49269.95,49262,30,49269.95,240,0,846780
BANKNIFTY-II.NFO,18/03/2025,09:48:14,49270,49262,30,49270,90,30,846780
BANKNIFTY-II.NFO,18/03/2025,09:48:15,49270,49262,30,49270,90,0,846780
BANKNIFTY-II.NFO,18/03/2025,09:48:17,49270,49262,30,49270,60,30,846780
BANKNIFTY-II.NFO,18/03/2025,09:48:19,49270,49262,30,49270,60,0,846780
BANKNIFTY-II.NFO,18/03/2025,09:48:22,49270,49263.1,30,49270,60,0,846780
BANKNIFTY-II.NFO,18/03/2025,09:48:24,49270,49262.2,30,49270,60,0,846780
BANKNIFTY-II.NFO,18/03/2025,09:48:25,49270,49262.05,120,49270,60,0,846780
BANKNIFTY-II.NFO,18/03/2025,09:48:27,49270,49262,30,49270,30,30,847650
BANKNIFTY-II.NFO,18/03/2025,09:48:29,49270,49262.95,120,49270,30,0,847650
BANKNIFTY-II.NFO,18/03/2025,09:48:30,49270,49263.4,270,49270.2,30,30,847650
BANKNIFTY-II.NFO,18/03/2025,09:48:32,49270,49263.35,30,49270.2,30,0,847650
BANKNIFTY-II.NFO,18/03/2025,09:48:35,49270.2,49265.5,90,49276.4,240,30,847650
BANKNIFTY-II.NFO,18/03/2025,09:48:35,49270.2,49265.5,90,49276.4,240,0,847650
BANKNIFTY-II.NFO,18/03/2025,09:48:37,49270.2,49262.25,30,49271.3,270,0,847650
BANKNIFTY-II.NFO,18/03/2025,09:48:39,49265,49262,30,49271.25,330,30,847650
BANKNIFTY-II.NFO,18/03/2025,09:48:40,49265,49262.05,210,49274.95,240,0,847650
BANKNIFTY-II.NFO,18/03/2025,09:48:42,49265,49262,120,49271.8,270,0,847650
BANKNIFTY-II.NFO,18/03/2025,09:48:44,49265,49262,30,49265.6,240,0,847650
BANKNIFTY-II.NFO,18/03/2025,09:48:45,49265,49262,30,49264.75,240,0,847650
BANKNIFTY-II.NFO,18/03/2025,09:48:47,49265,49262,30,49265.35,240,0,847650
BANKNIFTY-II.NFO,18/03/2025,09:48:49,49262,49250.05,90,49260.95,270,30,847650
BANKNIFTY-II.NFO,18/03/2025,09:48:50,49262,49250.05,90,49261.8,270,0,847650
BANKNIFTY-II.NFO,18/03/2025,09:48:52,49262,49253.7,30,49264.15,240,0,847650
BANKNIFTY-II.NFO,18/03/2025,09:48:54,49262,49253.25,90,49264.95,240,0,847650
BANKNIFTY-II.NFO,18/03/2025,09:48:55,49262,49254,90,49265,30,0,847650
BANKNIFTY-II.NFO,18/03/2025,09:48:59,49262,49251.2,90,49262,30,30,847650
BANKNIFTY-II.NFO,18/03/2025,09:49:00,49262,49250,60,49259,240,0,847650
BANKNIFTY-II.NFO,18/03/2025,09:49:02,49262,49250,60,49257.05,240,0,847650
BANKNIFTY-II.NFO,18/03/2025,09:49:04,49262,49250,60,49255.6,240,0,847650
BANKNIFTY-II.NFO,18/03/2025,09:49:05,49262,49250,60,49256.95,240,0,847650
BANKNIFTY-II.NFO,18/03/2025,09:49:07,49262,49250,60,49257.95,240,0,847650
BANKNIFTY-II.NFO,18/03/2025,09:49:09,49262,49250,60,49255.55,270,0,847650
BANKNIFTY-II.NFO,18/03/2025,09:49:10,49262,49250,60,49251.65,240,0,847650
BANKNIFTY-II.NFO,18/03/2025,09:49:12,49250,49240.1,90,49250.15,240,60,847650
BANKNIFTY-II.NFO,18/03/2025,09:49:14,49250,49240.1,90,49247.8,240,0,847650
BANKNIFTY-II.NFO,18/03/2025,09:49:15,49250,49235.05,90,49243.75,240,0,847650
BANKNIFTY-II.NFO,18/03/2025,09:49:17,49250,49235.05,90,49243.7,60,0,847650
BANKNIFTY-II.NFO,18/03/2025,09:49:19,49250,49240.45,90,49247.05,240,0,847650
BANKNIFTY-II.NFO,18/03/2025,09:49:20,49250,49235.25,90,49244.9,60,0,847650
BANKNIFTY-II.NFO,18/03/2025,09:49:22,49250,49240.4,90,49248.65,60,0,847650
BANKNIFTY-II.NFO,18/03/2025,09:49:24,49250,49235.05,90,49242.3,60,0,847650
BANKNIFTY-II.NFO,18/03/2025,09:49:25,49242.65,49235,30,49241.25,60,30,847650
BANKNIFTY-II.NFO,18/03/2025,09:49:27,49242.65,49235,30,49236.55,60,0,847650
BANKNIFTY-II.NFO,18/03/2025,09:49:29,49235,49225.05,90,49235.6,240,60,847650
BANKNIFTY-II.NFO,18/03/2025,09:49:30,49235,49225.05,90,49236.45,240,0,847650
BANKNIFTY-II.NFO,18/03/2025,09:49:32,49235,49228.3,30,49238.85,240,0,847650
BANKNIFTY-II.NFO,18/03/2025,09:49:33,49228.25,49225.05,90,49234,60,60,847650
BANKNIFTY-II.NFO,18/03/2025,09:49:35,49228.25,49225.25,90,49235.45,60,0,847650
BANKNIFTY-II.NFO,18/03/2025,09:49:37,49228.25,49225.05,90,49234.9,30,0,847650
BANKNIFTY-II.NFO,18/03/2025,09:49:38,49225.25,49225,60,49232.5,30,90,847650
BANKNIFTY-II.NFO,18/03/2025,09:49:40,49225.25,49225.25,90,49235,90,0,847650
BANKNIFTY-II.NFO,18/03/2025,09:49:42,49225.25,49225.25,90,49236.7,30,0,847650
BANKNIFTY-II.NFO,18/03/2025,09:49:43,49225.25,49225.25,90,49235.25,60,0,847650
BANKNIFTY-II.NFO,18/03/2025,09:49:45,49227.2,49227.2,90,49238.85,240,30,847650
BANKNIFTY-II.NFO,18/03/2025,09:49:47,49241.45,49229.5,90,49241.95,240,60,847650
BANKNIFTY-II.NFO,18/03/2025,09:49:48,49235.4,49233.5,90,49244.95,240,60,847650
BANKNIFTY-II.NFO,18/03/2025,09:49:50,49235.4,49230.5,90,49237.6,60,0,847650
BANKNIFTY-II.NFO,18/03/2025,09:49:52,49235.4,49227.5,90,49238.95,60,0,847650
BANKNIFTY-II.NFO,18/03/2025,09:49:53,49235.4,49227.5,90,49238.55,240,0,847650
BANKNIFTY-II.NFO,18/03/2025,09:49:55,49235.4,49235,60,49241.35,240,0,847650
BANKNIFTY-II.NFO,18/03/2025,09:49:57,49235.4,49235,60,49240.65,60,0,847650
BANKNIFTY-II.NFO,18/03/2025,09:49:58,49235,49225.3,90,49232.95,60,60,847650
BANKNIFTY-II.NFO,18/03/2025,09:50:00,49225.3,49225.95,90,49235,60,30,847650
BANKNIFTY-II.NFO,18/03/2025,09:50:02,49225.3,49225.95,90,49235.85,60,0,847650
BANKNIFTY-II.NFO,18/03/2025,09:50:04,49225.3,49225.05,90,49235.95,60,0,847650
BANKNIFTY-II.NFO,18/03/2025,09:50:05,49225.3,49228.8,90,49239.85,60,0,847650
BANKNIFTY-II.NFO,18/03/2025,09:50:07,49225.3,49229.3,90,49240.55,60,0,847650
BANKNIFTY-II.NFO,18/03/2025,09:50:09,49225.3,49232.6,90,49243.8,60,0,847650
BANKNIFTY-II.NFO,18/03/2025,09:50:10,49230.7,49229.45,90,49240,60,30,847650
BANKNIFTY-II.NFO,18/03/2025,09:50:12,49230.7,49226.55,90,49238.2,240,0,847650
BANKNIFTY-II.NFO,18/03/2025,09:50:14,49230.7,49225.5,90,49236.15,60,0,847650
BANKNIFTY-II.NFO,18/03/2025,09:50:15,49238.45,49225.1,180,49237.05,60,30,847650
BANKNIFTY-II.NFO,18/03/2025,09:50:17,49238.45,49226.05,90,49237.7,60,0,847650
BANKNIFTY-II.NFO,18/03/2025,09:50:19,49238.35,49226.95,90,49237.55,240,90,847650
BANKNIFTY-II.NFO,18/03/2025,09:50:20,49238.35,49229.65,90,49241.8,240,0,847650
BANKNIFTY-II.NFO,18/03/2025,09:50:22,49238.35,49227.35,90,49239.45,60,0,847650
BANKNIFTY-II.NFO,18/03/2025,09:50:24,49238.35,49226.25,90,49238.3,240,0,847650
BANKNIFTY-II.NFO,18/03/2025,09:50:25,49238.35,49226.3,90,49237.85,300,0,847650
BANKNIFTY-II.NFO,18/03/2025,09:50:27,49238.35,49225.25,240,49238.55,240,0,847650
BANKNIFTY-II.NFO,18/03/2025,09:50:29,49238.35,49227.8,30,49239.15,240,0,847650
BANKNIFTY-II.NFO,18/03/2025,09:50:30,49238.35,49225,60,49235.35,240,0,847650
BANKNIFTY-II.NFO,18/03/2025,09:50:32,49220,49220,30,49230.15,240,120,847650
BANKNIFTY-II.NFO,18/03/2025,09:50:34,49231.9,49220.45,30,49231.1,90,150,847650
BANKNIFTY-II.NFO,18/03/2025,09:50:35,49231.9,49220,30,49228.35,90,0,847650
BANKNIFTY-II.NFO,18/03/2025,09:50:37,49231.9,49220,30,49228.95,90,0,847650
BANKNIFTY-II.NFO,18/03/2025,09:50:39,49231.9,49220,30,49225,60,0,847650
BANKNIFTY-II.NFO,18/03/2025,09:50:40,49231.9,49220,30,49221.55,60,0,847650
BANKNIFTY-II.NFO,18/03/2025,09:50:42,49231.9,49220,30,49222.4,90,0,847650
BANKNIFTY-II.NFO,18/03/2025,09:50:44,49231.9,49220,30,49222.95,60,0,847650
