Ticker,Date,Time,LTP,BuyPrice,BuyQty,SellPrice,SellQty,LTQ,OpenInterest
BANKNIFTY-III.NFO,13/08/2024,09:15:01,51255.1,51205.7,15,51243.4,60,75,52500
BANKNIFTY-III.NFO,13/08/2024,09:15:01,51255.05,51205.7,15,51243.4,60,0,52500
BANKNIFTY-III.NFO,13/08/2024,09:15:01,51255.1,51205.7,15,51243.4,60,0,52500
BANKNIFTY-III.NFO,13/08/2024,09:15:01,51255.05,51205.7,15,51243.4,60,0,52500
BANKNIFTY-III.NFO,13/08/2024,09:15:03,51255.05,51205.7,15,51258.6,60,0,52500
BANKNIFTY-III.NFO,13/08/2024,09:15:04,51255.05,51212.05,150,51248.4,60,0,52500
BANKNIFTY-III.NFO,13/08/2024,09:15:06,51255.05,51205.75,75,51248.8,60,0,52500
BANKNIFTY-III.NFO,13/08/2024,09:15:07,51256.9,51212.15,15,51256.4,60,30,52500
BANKNIFTY-III.NFO,13/08/2024,09:15:07,51256.9,51212.15,15,51256.4,60,0,52500
BANKNIFTY-III.NFO,13/08/2024,09:15:07,51214.75,51212.15,15,51256.4,60,0,52500
BANKNIFTY-III.NFO,13/08/2024,09:15:09,51256.9,51205.95,15,51244.9,60,0,52500
BANKNIFTY-III.NFO,13/08/2024,09:15:10,51256.9,51205.95,15,51244.5,60,0,52500
BANKNIFTY-III.NFO,13/08/2024,09:15:12,51256.9,51207.5,15,51254,60,0,52500
BANKNIFTY-III.NFO,13/08/2024,09:15:14,51254,51221.2,60,51262.4,60,45,52500
BANKNIFTY-III.NFO,13/08/2024,09:15:15,51271.95,51230.15,60,51271.95,30,30,52500
BANKNIFTY-III.NFO,13/08/2024,09:15:15,51271.95,51230.15,60,51271.95,30,0,52500
BANKNIFTY-III.NFO,13/08/2024,09:15:17,51271.95,51226.5,60,51259.85,30,0,52500
BANKNIFTY-III.NFO,13/08/2024,09:15:18,51271.95,51232.7,60,51265.7,30,0,52500
BANKNIFTY-III.NFO,13/08/2024,09:15:20,51271.95,51251.4,60,51284.55,30,0,52500
BANKNIFTY-III.NFO,13/08/2024,09:15:21,51302.6,51262.4,60,51302.5,15,15,52500
BANKNIFTY-III.NFO,13/08/2024,09:15:21,51302.6,51262.4,60,51302.5,15,0,52500
BANKNIFTY-III.NFO,13/08/2024,09:15:23,51302.6,51261.95,60,51293.7,15,0,52500
BANKNIFTY-III.NFO,13/08/2024,09:15:25,51302.6,51261.55,60,51294.95,15,0,52500
BANKNIFTY-III.NFO,13/08/2024,09:15:26,51304.2,51276.7,60,51315.3,30,30,52500
BANKNIFTY-III.NFO,13/08/2024,09:15:26,51304.2,51276.7,60,51315.3,30,0,52500
BANKNIFTY-III.NFO,13/08/2024,09:15:28,51304.2,51282.7,60,51315.8,150,0,52500
BANKNIFTY-III.NFO,13/08/2024,09:15:29,51304.2,51262.75,60,51301.2,150,0,52500
BANKNIFTY-III.NFO,13/08/2024,09:15:31,51304.2,51259.4,60,51293,150,0,52500
BANKNIFTY-III.NFO,13/08/2024,09:15:32,51304.2,51257.6,60,51292.15,30,0,52500
BANKNIFTY-III.NFO,13/08/2024,09:15:34,51304.2,51250.25,60,51292.15,30,0,52500
BANKNIFTY-III.NFO,13/08/2024,09:15:36,51304.2,51253.45,60,51286.1,30,0,52500
BANKNIFTY-III.NFO,13/08/2024,09:15:37,51304.2,51260.55,75,51283.65,165,0,52500
BANKNIFTY-III.NFO,13/08/2024,09:15:39,51304.2,51255.2,60,51281.75,15,0,52500
BANKNIFTY-III.NFO,13/08/2024,09:15:40,51304.2,51263.9,60,51286.5,30,0,52500
BANKNIFTY-III.NFO,13/08/2024,09:15:42,51304.2,51263.9,60,51284.45,15,0,52500
BANKNIFTY-III.NFO,13/08/2024,09:15:44,51304.2,51258.05,60,51283.95,15,0,52500
BANKNIFTY-III.NFO,13/08/2024,09:15:45,51304.2,51258.05,60,51280.45,30,0,52500
BANKNIFTY-III.NFO,13/08/2024,09:15:47,51304.2,51251.6,60,51277.1,15,0,52500
BANKNIFTY-III.NFO,13/08/2024,09:15:49,51277.1,51261.85,60,51283.95,15,15,52500
BANKNIFTY-III.NFO,13/08/2024,09:15:51,51277.1,51261.85,60,51286.55,15,0,52500
BANKNIFTY-III.NFO,13/08/2024,09:15:52,51277.1,51261.05,60,51283.15,15,0,52500
BANKNIFTY-III.NFO,13/08/2024,09:15:57,51277.1,51256.95,75,51280.15,15,15,52515
BANKNIFTY-III.NFO,13/08/2024,09:15:59,51256.95,51257,60,51279,15,15,52515
BANKNIFTY-III.NFO,13/08/2024,09:16:00,51256.95,51256.95,75,51279,15,0,52515
BANKNIFTY-III.NFO,13/08/2024,09:16:04,51256.95,51256.95,60,51278.5,15,0,52515
BANKNIFTY-III.NFO,13/08/2024,09:16:05,51256.95,51256.95,75,51276.65,15,0,52515
BANKNIFTY-III.NFO,13/08/2024,09:16:07,51286.55,51256.95,75,51287,15,90,52515
BANKNIFTY-III.NFO,13/08/2024,09:16:09,51286.55,51257.1,60,51287,15,0,52515
BANKNIFTY-III.NFO,13/08/2024,09:16:10,51286.55,51257.75,60,51287,15,0,52515
BANKNIFTY-III.NFO,13/08/2024,09:16:12,51286.55,51263.95,60,51294.2,15,0,52515
BANKNIFTY-III.NFO,13/08/2024,09:16:13,51286.55,51266.2,60,51297.35,15,0,52515
BANKNIFTY-III.NFO,13/08/2024,09:16:15,51286.55,51280.05,60,51300,45,0,52515
BANKNIFTY-III.NFO,13/08/2024,09:16:17,51286.55,51286.55,15,51291,15,15,52515
BANKNIFTY-III.NFO,13/08/2024,09:16:18,51286.55,51286.55,30,51300,45,0,52515
BANKNIFTY-III.NFO,13/08/2024,09:16:20,51286.55,51286.55,75,51296.8,15,0,52515
BANKNIFTY-III.NFO,13/08/2024,09:16:21,51286.55,51286.55,75,51295.65,15,0,52515
BANKNIFTY-III.NFO,13/08/2024,09:16:23,51286.55,51286.55,75,51292.65,15,0,52515
BANKNIFTY-III.NFO,13/08/2024,09:16:25,51288.2,51286.55,45,51289.7,15,45,52515
BANKNIFTY-III.NFO,13/08/2024,09:16:26,51289.8,51286.55,45,51288.9,150,15,52515
BANKNIFTY-III.NFO,13/08/2024,09:16:28,51286.55,51286.55,30,51292.6,165,15,52515
BANKNIFTY-III.NFO,13/08/2024,09:16:29,51286.55,51286.55,30,51292.9,165,0,52515
BANKNIFTY-III.NFO,13/08/2024,09:16:31,51286.55,51286.55,45,51298.15,15,0,52515
BANKNIFTY-III.NFO,13/08/2024,09:16:33,51286.55,51286.55,30,51296.4,15,0,52515
BANKNIFTY-III.NFO,13/08/2024,09:16:34,51286.55,51280,15,51286.3,165,30,52515
BANKNIFTY-III.NFO,13/08/2024,09:16:36,51286.55,51280,15,51284.2,15,0,52515
BANKNIFTY-III.NFO,13/08/2024,09:16:37,51284.85,51286.55,150,51290.05,150,30,52515
BANKNIFTY-III.NFO,13/08/2024,09:16:39,51284.85,51286.55,150,51291.85,150,0,52515
BANKNIFTY-III.NFO,13/08/2024,09:16:41,51284.85,51286.55,150,51288,150,0,52515
BANKNIFTY-III.NFO,13/08/2024,09:16:42,51286.55,51286.55,135,51286.75,150,15,52515
BANKNIFTY-III.NFO,13/08/2024,09:16:44,51286.55,51286.55,135,51287.75,150,0,52515
BANKNIFTY-III.NFO,13/08/2024,09:16:46,51286.55,51280,15,51288,150,135,52515
BANKNIFTY-III.NFO,13/08/2024,09:16:47,51286.55,51280,15,51292.9,150,0,52515
BANKNIFTY-III.NFO,13/08/2024,09:16:49,51286.55,51280,15,51292.85,120,0,52515
BANKNIFTY-III.NFO,13/08/2024,09:16:51,51280,51268.15,60,51292.85,120,15,52515
BANKNIFTY-III.NFO,13/08/2024,09:16:52,51280,51268.15,60,51292.85,120,0,52515
BANKNIFTY-III.NFO,13/08/2024,09:16:54,51280,51268.15,60,51288.9,120,0,52515
BANKNIFTY-III.NFO,13/08/2024,09:16:55,51280,51265.45,60,51286.05,150,0,52515
BANKNIFTY-III.NFO,13/08/2024,09:16:57,51280,51260.95,60,51283.4,120,0,52515
BANKNIFTY-III.NFO,13/08/2024,09:16:59,51280,51260.05,75,51277.8,120,0,52515
BANKNIFTY-III.NFO,13/08/2024,09:17:00,51280,51260.05,60,51276.4,120,0,52515
BANKNIFTY-III.NFO,13/08/2024,09:17:02,51280,51260,30,51270.45,120,0,52515
BANKNIFTY-III.NFO,13/08/2024,09:17:03,51256.9,51250.05,60,51262.8,45,75,52515
BANKNIFTY-III.NFO,13/08/2024,09:17:05,51256.9,51250.05,75,51270,45,0,52515
BANKNIFTY-III.NFO,13/08/2024,09:17:07,51256.9,51250.05,75,51272.1,45,0,52515
BANKNIFTY-III.NFO,13/08/2024,09:17:08,51256.9,51250.05,60,51262.95,45,0,52515
BANKNIFTY-III.NFO,13/08/2024,09:17:10,51256.9,51250.05,60,51261.85,150,0,52515
BANKNIFTY-III.NFO,13/08/2024,09:17:11,51256.9,51250.05,75,51266.85,150,0,52515
BANKNIFTY-III.NFO,13/08/2024,09:17:13,51256.9,51250.05,75,51263.9,45,0,52515
BANKNIFTY-III.NFO,13/08/2024,09:17:15,51256.9,51250.05,75,51270.7,45,0,52515
BANKNIFTY-III.NFO,13/08/2024,09:17:16,51256.9,51250.05,75,51255,15,0,52515
BANKNIFTY-III.NFO,13/08/2024,09:17:21,51255,51250.05,75,51272.3,150,15,52515
BANKNIFTY-III.NFO,13/08/2024,09:17:23,51250.05,51250.1,60,51272.95,15,15,52515
BANKNIFTY-III.NFO,13/08/2024,09:17:24,51250.1,51250.1,60,51273.85,30,15,52515
BANKNIFTY-III.NFO,13/08/2024,09:17:26,51250.1,51250.1,60,51271.7,30,0,52515
BANKNIFTY-III.NFO,13/08/2024,09:17:28,51250.1,51250,60,51262.6,30,0,52515
BANKNIFTY-III.NFO,13/08/2024,09:17:29,51250.1,51250,45,51256.95,30,0,52515
BANKNIFTY-III.NFO,13/08/2024,09:17:31,51250.1,51250.05,60,51265.85,30,0,52515
BANKNIFTY-III.NFO,13/08/2024,09:17:32,51250.1,51250.15,60,51267.55,30,0,52515
BANKNIFTY-III.NFO,13/08/2024,09:17:34,51250.1,51250.1,45,51267.45,30,0,52515
BANKNIFTY-III.NFO,13/08/2024,09:17:36,51250.1,51250.1,105,51262.75,30,0,52515
BANKNIFTY-III.NFO,13/08/2024,09:17:37,51250.1,51250.15,60,51266.1,30,0,52515
BANKNIFTY-III.NFO,13/08/2024,09:17:39,51250.1,51250.15,60,51272.45,30,0,52515
BANKNIFTY-III.NFO,13/08/2024,09:17:40,51250.1,51250.15,60,51272.85,30,0,52515
BANKNIFTY-III.NFO,13/08/2024,09:17:42,51250.1,51250.15,60,51273.95,30,0,52515
BANKNIFTY-III.NFO,13/08/2024,09:17:44,51250.1,51250.15,60,51273.85,30,0,52515
BANKNIFTY-III.NFO,13/08/2024,09:17:45,51250.1,51250.25,60,51274.25,75,0,52515
BANKNIFTY-III.NFO,13/08/2024,09:17:47,51250.1,51250.25,60,51274.95,30,0,52515
BANKNIFTY-III.NFO,13/08/2024,09:17:48,51250.1,51250.25,60,51272.45,30,0,52515
BANKNIFTY-III.NFO,13/08/2024,09:17:50,51250.1,51250.25,60,51270,30,0,52515
BANKNIFTY-III.NFO,13/08/2024,09:17:52,51250.1,51255,45,51265.75,75,0,52515
BANKNIFTY-III.NFO,13/08/2024,09:17:53,51250.1,51255,60,51266.55,30,0,52515
BANKNIFTY-III.NFO,13/08/2024,09:17:55,51250.1,51255,45,51263.85,30,0,52515
BANKNIFTY-III.NFO,13/08/2024,09:17:57,51250.1,51255,45,51262.8,30,0,52515
BANKNIFTY-III.NFO,13/08/2024,09:17:58,51250.1,51255,45,51259.55,30,0,52515
BANKNIFTY-III.NFO,13/08/2024,09:18:00,51250.1,51255,45,51266.5,30,0,52515
BANKNIFTY-III.NFO,13/08/2024,09:18:01,51250.1,51255,45,51265.1,30,0,52515
BANKNIFTY-III.NFO,13/08/2024,09:18:03,51250.1,51255.05,60,51268.65,30,0,52515
BANKNIFTY-III.NFO,13/08/2024,09:18:05,51250.1,51255.05,60,51274.9,30,0,52515
BANKNIFTY-III.NFO,13/08/2024,09:18:06,51250.1,51255,45,51260.25,30,0,52515
BANKNIFTY-III.NFO,13/08/2024,09:18:08,51250.1,51255,45,51261.95,30,0,52515
BANKNIFTY-III.NFO,13/08/2024,09:18:10,51250.1,51256,60,51265.35,30,0,52515
BANKNIFTY-III.NFO,13/08/2024,09:18:11,51250.1,51256.05,75,51267.95,30,0,52515
BANKNIFTY-III.NFO,13/08/2024,09:18:13,51250.1,51260,45,51267.95,30,0,52515
BANKNIFTY-III.NFO,13/08/2024,09:18:14,51250.1,51260.05,75,51269.85,30,0,52515
BANKNIFTY-III.NFO,13/08/2024,09:18:16,51250.1,51260.05,75,51272.7,30,0,52515
BANKNIFTY-III.NFO,13/08/2024,09:18:18,51250.1,51260.05,75,51274.45,30,0,52515
BANKNIFTY-III.NFO,13/08/2024,09:18:19,51250.1,51263.05,75,51275,15,0,52515
BANKNIFTY-III.NFO,13/08/2024,09:18:23,51250.1,51263.1,60,51275,15,0,52515
BANKNIFTY-III.NFO,13/08/2024,09:18:27,51250.1,51264.45,60,51275,15,0,52515
BANKNIFTY-III.NFO,13/08/2024,09:18:29,51275,51265.55,60,51280,150,15,52515
BANKNIFTY-III.NFO,13/08/2024,09:18:31,51275,51266.95,60,51280,150,0,52515
BANKNIFTY-III.NFO,13/08/2024,09:18:34,51266.95,51266.95,60,51280,150,15,52515
BANKNIFTY-III.NFO,13/08/2024,09:18:36,51266.95,51266.95,60,51279.95,45,0,52515
BANKNIFTY-III.NFO,13/08/2024,09:18:39,51280,51266.95,60,51280,105,45,52515
BANKNIFTY-III.NFO,13/08/2024,09:18:40,51280,51266.95,60,51280,105,0,52515
BANKNIFTY-III.NFO,13/08/2024,09:18:42,51280,51276.45,60,51299.4,45,105,52515
BANKNIFTY-III.NFO,13/08/2024,09:18:44,51300,51292.15,60,51300,15,75,52515
BANKNIFTY-III.NFO,13/08/2024,09:18:45,51300,51292.95,15,51300,15,0,52515
BANKNIFTY-III.NFO,13/08/2024,09:18:47,51299.95,51290.2,15,51300,15,45,52515
BANKNIFTY-III.NFO,13/08/2024,09:18:49,51299.95,51282.05,60,51300,30,0,52515
BANKNIFTY-III.NFO,13/08/2024,09:18:54,51299.95,51286.4,60,51300,15,0,52515
BANKNIFTY-III.NFO,13/08/2024,09:18:55,51299.95,51286.4,60,51300,30,0,52515
BANKNIFTY-III.NFO,13/08/2024,09:18:58,51299.95,51285.2,15,51300,30,0,52515
BANKNIFTY-III.NFO,13/08/2024,09:19:00,51299.95,51280,15,51293.45,45,0,52515
BANKNIFTY-III.NFO,13/08/2024,09:19:02,51293.5,51274.4,60,51291.6,165,15,52770
BANKNIFTY-III.NFO,13/08/2024,09:19:03,51293.5,51274.4,60,51291.6,15,0,52770
BANKNIFTY-III.NFO,13/08/2024,09:19:05,51293.5,51271.6,60,51289.5,165,0,52770
BANKNIFTY-III.NFO,13/08/2024,09:19:07,51293.5,51260.1,60,51279.1,15,0,52770
BANKNIFTY-III.NFO,13/08/2024,09:19:08,51293.5,51259.65,60,51277.35,15,0,52770
BANKNIFTY-III.NFO,13/08/2024,09:19:11,51293.5,51257.8,60,51276.4,15,0,52770
BANKNIFTY-III.NFO,13/08/2024,09:19:15,51293.5,51265.5,60,51284.5,15,0,52770
BANKNIFTY-III.NFO,13/08/2024,09:19:16,51293.5,51257.8,60,51281.25,15,0,52770
BANKNIFTY-III.NFO,13/08/2024,09:19:20,51293.5,51257.8,60,51279.8,315,0,52770
BANKNIFTY-III.NFO,13/08/2024,09:19:21,51293.5,51257.8,60,51278.45,150,0,52770
BANKNIFTY-III.NFO,13/08/2024,09:19:23,51293.5,51257.35,60,51276.65,15,0,52770
BANKNIFTY-III.NFO,13/08/2024,09:19:28,51293.5,51257.35,60,51275.85,15,0,52770
BANKNIFTY-III.NFO,13/08/2024,09:19:33,51293.5,51257.35,60,51274.65,90,0,52770
BANKNIFTY-III.NFO,13/08/2024,09:19:35,51293.5,51253.8,60,51270.95,15,0,52770
BANKNIFTY-III.NFO,13/08/2024,09:19:36,51293.5,51252.8,60,51270.05,15,0,52770
BANKNIFTY-III.NFO,13/08/2024,09:19:40,51293.5,51252.35,60,51269.45,15,0,52770
BANKNIFTY-III.NFO,13/08/2024,09:19:41,51293.5,51250.05,75,51265.6,90,0,52770
BANKNIFTY-III.NFO,13/08/2024,09:19:43,51293.5,51250.05,60,51263.35,15,0,52770
BANKNIFTY-III.NFO,13/08/2024,09:19:45,51293.5,51250,75,51255.55,15,0,52770
BANKNIFTY-III.NFO,13/08/2024,09:19:46,51293.5,51250.05,75,51262.2,15,0,52770
BANKNIFTY-III.NFO,13/08/2024,09:19:48,51293.5,51250.05,75,51265.15,15,0,52770
BANKNIFTY-III.NFO,13/08/2024,09:19:51,51293.5,51250.05,75,51268.25,15,0,52770
BANKNIFTY-III.NFO,13/08/2024,09:19:56,51293.5,51250.05,60,51262.7,90,0,52770
BANKNIFTY-III.NFO,13/08/2024,09:19:58,51293.5,51250.05,75,51262.7,15,0,52770
BANKNIFTY-III.NFO,13/08/2024,09:20:00,51293.5,51250,75,51262.7,15,0,52770
BANKNIFTY-III.NFO,13/08/2024,09:20:01,51250,51240.05,60,51250.6,15,75,52770
BANKNIFTY-III.NFO,13/08/2024,09:20:03,51240,51233.05,60,51246.2,45,15,52770
BANKNIFTY-III.NFO,13/08/2024,09:20:05,51240,51233,15,51237.45,15,0,52770
BANKNIFTY-III.NFO,13/08/2024,09:20:07,51240,51233,15,51240.85,15,0,52770
BANKNIFTY-III.NFO,13/08/2024,09:20:08,51240,51233,15,51238.95,60,0,52770
BANKNIFTY-III.NFO,13/08/2024,09:20:10,51240,51233,15,51242.05,60,0,52770
BANKNIFTY-III.NFO,13/08/2024,09:20:12,51240,51233.05,60,51243.55,60,0,52770
BANKNIFTY-III.NFO,13/08/2024,09:20:13,51240,51233.05,75,51243.45,45,0,52770
BANKNIFTY-III.NFO,13/08/2024,09:20:15,51240,51233,15,51238.5,15,0,52770
BANKNIFTY-III.NFO,13/08/2024,09:20:17,51230.45,51220.3,75,51234.65,15,30,52770
BANKNIFTY-III.NFO,13/08/2024,09:20:18,51230.45,51220.3,75,51241.95,15,0,52770
BANKNIFTY-III.NFO,13/08/2024,09:20:20,51230.45,51220.3,75,51236.8,30,0,52770
BANKNIFTY-III.NFO,13/08/2024,09:20:21,51230.45,51220.25,30,51234.4,45,0,52770
BANKNIFTY-III.NFO,13/08/2024,09:20:23,51230.45,51220.25,15,51229.55,15,0,52770
BANKNIFTY-III.NFO,13/08/2024,09:20:25,51230.45,51220.3,75,51230,15,0,52770
BANKNIFTY-III.NFO,13/08/2024,09:20:28,51230.45,51220.3,60,51230,15,0,52770
BANKNIFTY-III.NFO,13/08/2024,09:20:33,51230.45,51220.25,30,51230,15,0,52770
BANKNIFTY-III.NFO,13/08/2024,09:20:35,51230.45,51220.25,15,51225.65,15,0,52770
BANKNIFTY-III.NFO,13/08/2024,09:20:36,51230.45,51220.25,15,51230,30,0,52770
BANKNIFTY-III.NFO,13/08/2024,09:20:38,51230.45,51220.3,75,51230,15,0,52770
BANKNIFTY-III.NFO,13/08/2024,09:20:40,51230.45,51220.3,60,51230,15,0,52770
BANKNIFTY-III.NFO,13/08/2024,09:20:41,51230.45,51220.3,60,51230,30,0,52770
BANKNIFTY-III.NFO,13/08/2024,09:20:45,51230.45,51220.3,75,51229.75,150,0,52770
BANKNIFTY-III.NFO,13/08/2024,09:20:46,51230.45,51220.3,75,51230,15,0,52770
BANKNIFTY-III.NFO,13/08/2024,09:20:48,51230.45,51220.25,15,51228.6,150,0,52770
BANKNIFTY-III.NFO,13/08/2024,09:20:50,51230.45,51220.25,15,51226.45,165,0,52770
BANKNIFTY-III.NFO,13/08/2024,09:20:51,51230.45,51220.25,15,51227.05,150,0,52770
BANKNIFTY-III.NFO,13/08/2024,09:20:53,51230.45,51220.25,15,51228.4,150,0,52770
BANKNIFTY-III.NFO,13/08/2024,09:20:55,51230.45,51220.25,30,51230,15,0,52770
BANKNIFTY-III.NFO,13/08/2024,09:20:56,51230.45,51220.3,75,51230,15,0,52770
BANKNIFTY-III.NFO,13/08/2024,09:20:58,51230,51220.3,75,51234.6,165,15,52770
BANKNIFTY-III.NFO,13/08/2024,09:21:00,51220.3,51220.25,15,51233.6,15,15,52770
BANKNIFTY-III.NFO,13/08/2024,09:21:01,51220.25,51210,15,51214.45,15,15,52770
BANKNIFTY-III.NFO,13/08/2024,09:21:03,51220.25,51210.05,75,51228.15,15,0,52770
BANKNIFTY-III.NFO,13/08/2024,09:21:05,51220.25,51215.3,60,51232.45,15,0,52770
BANKNIFTY-III.NFO,13/08/2024,09:21:06,51220.25,51215.85,60,51229.85,15,0,52770
BANKNIFTY-III.NFO,13/08/2024,09:21:08,51247.45,51216.8,60,51233.25,150,900,52770
BANKNIFTY-III.NFO,13/08/2024,09:21:10,51247.45,51216.8,60,51232.05,150,0,52770
BANKNIFTY-III.NFO,13/08/2024,09:21:11,51247.45,51216.8,60,51233.35,150,0,52770
BANKNIFTY-III.NFO,13/08/2024,09:21:13,51247.45,51216.8,60,51229.1,150,0,52770
BANKNIFTY-III.NFO,13/08/2024,09:21:15,51247.45,51218.45,60,51241.1,15,0,52770
BANKNIFTY-III.NFO,13/08/2024,09:21:16,51247.45,51223.15,60,51237.7,150,0,52770
BANKNIFTY-III.NFO,13/08/2024,09:21:18,51247.45,51223.15,60,51236.8,150,0,52770
BANKNIFTY-III.NFO,13/08/2024,09:21:20,51235.75,51222.15,15,51232.6,150,15,52770
BANKNIFTY-III.NFO,13/08/2024,09:21:21,51235.75,51217.75,15,51232.1,150,0,52770
BANKNIFTY-III.NFO,13/08/2024,09:21:23,51235.75,51215.75,60,51226.3,150,0,52770
BANKNIFTY-III.NFO,13/08/2024,09:21:25,51235.75,51219.1,60,51231.2,150,0,52770
BANKNIFTY-III.NFO,13/08/2024,09:21:26,51235.75,51221.6,15,51230.15,150,0,52770
BANKNIFTY-III.NFO,13/08/2024,09:21:28,51235.75,51219.05,15,51229.05,150,0,52770
BANKNIFTY-III.NFO,13/08/2024,09:21:30,51235.75,51217.75,60,51231.05,150,0,52770
BANKNIFTY-III.NFO,13/08/2024,09:21:31,51235.75,51222.05,15,51231.95,150,0,52770
BANKNIFTY-III.NFO,13/08/2024,09:21:33,51235.75,51219.5,15,51230.75,150,0,52770
BANKNIFTY-III.NFO,13/08/2024,09:21:35,51235.75,51218.1,60,51229.8,150,0,52770
BANKNIFTY-III.NFO,13/08/2024,09:21:36,51228.65,51219.25,60,51232.6,150,15,52770
BANKNIFTY-III.NFO,13/08/2024,09:21:38,51228.65,51224.45,15,51233.6,150,0,52770
BANKNIFTY-III.NFO,13/08/2024,09:21:40,51228.65,51218.9,60,51229.15,150,0,52770
BANKNIFTY-III.NFO,13/08/2024,09:21:41,51228.65,51221.9,60,51231.1,150,0,52770
BANKNIFTY-III.NFO,13/08/2024,09:21:43,51232.05,51221.7,60,51231.85,150,15,52770
BANKNIFTY-III.NFO,13/08/2024,09:21:45,51232.05,51225.75,75,51234.75,150,0,52770
BANKNIFTY-III.NFO,13/08/2024,09:21:46,51232.05,51225.8,60,51236.55,150,0,52770
BANKNIFTY-III.NFO,13/08/2024,09:21:48,51232.05,51225.75,60,51232.55,150,0,52770
BANKNIFTY-III.NFO,13/08/2024,09:21:50,51232.05,51225.8,60,51239.7,150,0,52770
BANKNIFTY-III.NFO,13/08/2024,09:21:51,51232.05,51228.7,75,51239.35,150,0,52770
BANKNIFTY-III.NFO,13/08/2024,09:21:53,51232.05,51227.05,60,51240.05,150,0,52770
BANKNIFTY-III.NFO,13/08/2024,09:21:55,51232.05,51226.2,75,51236.4,150,0,52770
BANKNIFTY-III.NFO,13/08/2024,09:21:56,51232.05,51226.7,60,51236.4,150,0,52770
BANKNIFTY-III.NFO,13/08/2024,09:21:58,51232.05,51225.9,60,51234.05,150,0,52770
BANKNIFTY-III.NFO,13/08/2024,09:22:00,51232.05,51225.8,60,51242.35,15,0,52770
BANKNIFTY-III.NFO,13/08/2024,09:22:01,51232.05,51225.8,60,51236.6,150,0,52770
BANKNIFTY-III.NFO,13/08/2024,09:22:03,51232.05,51225.75,60,51230.55,150,0,52770
BANKNIFTY-III.NFO,13/08/2024,09:22:05,51232.05,51229.4,75,51254.4,150,0,52770
BANKNIFTY-III.NFO,13/08/2024,09:22:06,51232.05,51237.25,15,51246.7,150,0,52770
BANKNIFTY-III.NFO,13/08/2024,09:22:08,51232.05,51239.1,60,51253.8,150,0,52770
BANKNIFTY-III.NFO,13/08/2024,09:22:10,51232.05,51239.1,60,51257.2,15,0,52770
BANKNIFTY-III.NFO,13/08/2024,09:22:11,51232.05,51241.55,15,51251.75,150,0,52770
BANKNIFTY-III.NFO,13/08/2024,09:22:13,51232.05,51241.05,60,51253.25,150,0,52770
BANKNIFTY-III.NFO,13/08/2024,09:22:15,51232.05,51239.1,60,51250.25,150,0,52770
BANKNIFTY-III.NFO,13/08/2024,09:22:16,51232.05,51238.2,60,51252.9,300,0,52770
BANKNIFTY-III.NFO,13/08/2024,09:22:18,51232.05,51237.3,60,51247.4,150,0,52770
BANKNIFTY-III.NFO,13/08/2024,09:22:20,51232.05,51238.05,60,51250.45,150,0,52770
BANKNIFTY-III.NFO,13/08/2024,09:22:21,51232.05,51241.55,60,51251.65,150,0,52770
BANKNIFTY-III.NFO,13/08/2024,09:22:23,51232.05,51244.35,60,51261.1,150,0,52770
BANKNIFTY-III.NFO,13/08/2024,09:22:25,51255.25,51246.3,60,51259.2,150,15,53295
BANKNIFTY-III.NFO,13/08/2024,09:22:27,51255.25,51246.95,15,51259.45,150,0,53295
BANKNIFTY-III.NFO,13/08/2024,09:22:28,51255.25,51246.25,15,51256.7,150,0,53295
BANKNIFTY-III.NFO,13/08/2024,09:22:30,51255.25,51246.25,15,51261.05,150,0,53295
BANKNIFTY-III.NFO,13/08/2024,09:22:32,51255.25,51245.1,60,51256.1,150,0,53295
BANKNIFTY-III.NFO,13/08/2024,09:22:33,51255.25,51243.85,60,51256.05,150,15,53295
BANKNIFTY-III.NFO,13/08/2024,09:22:35,51255.25,51255.25,15,51259.7,150,0,53295
BANKNIFTY-III.NFO,13/08/2024,09:22:37,51255.25,51250,15,51253.65,150,15,53295
BANKNIFTY-III.NFO,13/08/2024,09:22:38,51250,51239.1,60,51249.8,150,15,53295
BANKNIFTY-III.NFO,13/08/2024,09:22:40,51250,51237.55,60,51249.25,150,0,53295
BANKNIFTY-III.NFO,13/08/2024,09:22:42,51250,51235,75,51246.4,150,0,53295
BANKNIFTY-III.NFO,13/08/2024,09:22:43,51246.45,51236.25,60,51246.7,150,15,53295
BANKNIFTY-III.NFO,13/08/2024,09:22:45,51246.45,51235.7,75,51246.8,150,0,53295
BANKNIFTY-III.NFO,13/08/2024,09:22:47,51246.45,51230.75,75,51239.55,150,0,53295
BANKNIFTY-III.NFO,13/08/2024,09:22:48,51246.45,51225.8,75,51237.35,150,0,53295
BANKNIFTY-III.NFO,13/08/2024,09:22:50,51246.45,51227.5,60,51237.85,150,0,53295
BANKNIFTY-III.NFO,13/08/2024,09:22:52,51246.45,51231.25,60,51243.65,150,0,53295
BANKNIFTY-III.NFO,13/08/2024,09:22:53,51246.45,51232.45,60,51248.55,150,0,53295
BANKNIFTY-III.NFO,13/08/2024,09:22:55,51246.45,51236.35,60,51248.5,150,0,53295
BANKNIFTY-III.NFO,13/08/2024,09:22:57,51246.45,51232.4,15,51241.7,150,0,53295
BANKNIFTY-III.NFO,13/08/2024,09:22:58,51246.45,51231.4,60,51242.35,150,0,53295
BANKNIFTY-III.NFO,13/08/2024,09:23:00,51246.45,51231.2,15,51242.3,150,0,53295
BANKNIFTY-III.NFO,13/08/2024,09:23:02,51246.45,51235,30,51243.75,150,0,53295
BANKNIFTY-III.NFO,13/08/2024,09:23:03,51246.45,51238.7,60,51248.2,150,0,53295
BANKNIFTY-III.NFO,13/08/2024,09:23:05,51246.45,51241.05,60,51257.55,15,0,53295
BANKNIFTY-III.NFO,13/08/2024,09:23:07,51246.45,51236.9,60,51246.9,150,0,53295
BANKNIFTY-III.NFO,13/08/2024,09:23:08,51246.45,51238.6,60,51250.25,150,0,53295
BANKNIFTY-III.NFO,13/08/2024,09:23:10,51246.45,51241,15,51255.9,150,0,53295
BANKNIFTY-III.NFO,13/08/2024,09:23:12,51246.45,51240.05,60,51259.45,15,0,53295
BANKNIFTY-III.NFO,13/08/2024,09:23:13,51246.45,51243.95,15,51254.05,150,0,53295
BANKNIFTY-III.NFO,13/08/2024,09:23:15,51254.45,51242.95,60,51256.7,150,15,53295
BANKNIFTY-III.NFO,13/08/2024,09:23:17,51254.45,51245.85,15,51256,150,0,53295
BANKNIFTY-III.NFO,13/08/2024,09:23:18,51254.45,51243.8,75,51255.25,150,0,53295
BANKNIFTY-III.NFO,13/08/2024,09:23:20,51254.45,51244.6,15,51258.5,150,0,53295
BANKNIFTY-III.NFO,13/08/2024,09:23:22,51254.45,51245,15,51250.9,150,0,53295
BANKNIFTY-III.NFO,13/08/2024,09:23:23,51254,51247.55,60,51259.8,120,45,53295
BANKNIFTY-III.NFO,13/08/2024,09:23:25,51254,51246.5,60,51258.25,120,0,53295
BANKNIFTY-III.NFO,13/08/2024,09:23:26,51254,51246.5,75,51257.15,120,0,53295
BANKNIFTY-III.NFO,13/08/2024,09:23:28,51254,51246.95,75,51259.15,120,0,53295
BANKNIFTY-III.NFO,13/08/2024,09:23:30,51254,51249.8,60,51266.75,120,0,53295
BANKNIFTY-III.NFO,13/08/2024,09:23:31,51254,51252.2,60,51262.75,120,0,53295
BANKNIFTY-III.NFO,13/08/2024,09:23:33,51254,51247.75,75,51259.65,120,0,53295
BANKNIFTY-III.NFO,13/08/2024,09:23:35,51254,51246.45,30,51257.55,120,0,53295
BANKNIFTY-III.NFO,13/08/2024,09:23:36,51254,51246.5,75,51256.1,120,0,53295
BANKNIFTY-III.NFO,13/08/2024,09:23:38,51254,51248.1,60,51260.6,120,0,53295
BANKNIFTY-III.NFO,13/08/2024,09:23:40,51254,51250.05,75,51267.2,15,0,53295
BANKNIFTY-III.NFO,13/08/2024,09:23:41,51254,51253.55,60,51263.6,120,0,53295
BANKNIFTY-III.NFO,13/08/2024,09:23:43,51254,51260.15,60,51280.7,15,0,53295
BANKNIFTY-III.NFO,13/08/2024,09:23:45,51254,51265.6,15,51275.85,120,0,53295
BANKNIFTY-III.NFO,13/08/2024,09:23:46,51254,51261.2,75,51279.4,15,0,53295
BANKNIFTY-III.NFO,13/08/2024,09:23:48,51254,51258.7,75,51269.5,120,0,53295
BANKNIFTY-III.NFO,13/08/2024,09:23:50,51254,51262,60,51273.5,120,0,53295
BANKNIFTY-III.NFO,13/08/2024,09:23:51,51254,51265.4,60,51283.5,30,0,53295
BANKNIFTY-III.NFO,13/08/2024,09:23:53,51254,51264.45,75,51275.55,120,0,53295
BANKNIFTY-III.NFO,13/08/2024,09:23:55,51254,51263.85,75,51275.45,120,0,53295
BANKNIFTY-III.NFO,13/08/2024,09:23:56,51254,51261.2,75,51271.75,120,0,53295
BANKNIFTY-III.NFO,13/08/2024,09:23:58,51254,51260.6,60,51272.8,120,0,53295
BANKNIFTY-III.NFO,13/08/2024,09:24:00,51254,51264.85,60,51275.55,120,0,53295
BANKNIFTY-III.NFO,13/08/2024,09:24:01,51254,51261.5,60,51275.55,120,0,53295
BANKNIFTY-III.NFO,13/08/2024,09:24:03,51254,51260.1,75,51275.4,120,0,53295
BANKNIFTY-III.NFO,13/08/2024,09:24:05,51254,51269.95,60,51288.65,15,0,53295
BANKNIFTY-III.NFO,13/08/2024,09:24:06,51254,51265.35,75,51277.15,120,0,53295
BANKNIFTY-III.NFO,13/08/2024,09:24:08,51254,51268.1,75,51277.75,120,0,53295
BANKNIFTY-III.NFO,13/08/2024,09:24:10,51254,51273.65,60,51292.55,15,0,53295
BANKNIFTY-III.NFO,13/08/2024,09:24:11,51254,51272.4,75,51284.35,120,0,53295
BANKNIFTY-III.NFO,13/08/2024,09:24:13,51254,51266.55,60,51281.55,120,0,53295
BANKNIFTY-III.NFO,13/08/2024,09:24:15,51254,51265.95,75,51276.2,120,0,53295
BANKNIFTY-III.NFO,13/08/2024,09:24:16,51254,51265,15,51271.35,120,0,53295
BANKNIFTY-III.NFO,13/08/2024,09:24:18,51254,51265,15,51270.75,120,0,53295
BANKNIFTY-III.NFO,13/08/2024,09:24:20,51254,51265,15,51266.95,120,0,53295
BANKNIFTY-III.NFO,13/08/2024,09:24:22,51254,51265,15,51270,120,0,53295
BANKNIFTY-III.NFO,13/08/2024,09:24:23,51254,51265,15,51273.7,15,0,53295
BANKNIFTY-III.NFO,13/08/2024,09:24:25,51254,51265.05,60,51273,120,0,53295
BANKNIFTY-III.NFO,13/08/2024,09:24:26,51254,51265,15,51270,120,0,53295
BANKNIFTY-III.NFO,13/08/2024,09:24:28,51265,51257.7,60,51267.3,120,15,53295
BANKNIFTY-III.NFO,13/08/2024,09:24:30,51265,51257,75,51267.25,120,0,53295
BANKNIFTY-III.NFO,13/08/2024,09:24:31,51265,51257,75,51268.2,120,0,53295
BANKNIFTY-III.NFO,13/08/2024,09:24:33,51265,51255.65,60,51265.6,120,0,53295
BANKNIFTY-III.NFO,13/08/2024,09:24:35,51265,51254.05,60,51263.05,120,0,53295
BANKNIFTY-III.NFO,13/08/2024,09:24:36,51265,51254.05,60,51261.5,120,0,53295
BANKNIFTY-III.NFO,13/08/2024,09:24:38,51265,51254,210,51258.1,120,0,53295
BANKNIFTY-III.NFO,13/08/2024,09:24:40,51265,51254.05,75,51261.65,120,0,53295
BANKNIFTY-III.NFO,13/08/2024,09:24:41,51265,51254,210,51254.7,120,0,53295
BANKNIFTY-III.NFO,13/08/2024,09:24:43,51265,51254,210,51255.15,120,0,53295
BANKNIFTY-III.NFO,13/08/2024,09:24:45,51265,51254,210,51257.15,120,0,53295
BANKNIFTY-III.NFO,13/08/2024,09:24:46,51265,51254,210,51255.7,120,0,53295
BANKNIFTY-III.NFO,13/08/2024,09:24:48,51254,51254,90,51258.6,150,120,53295
BANKNIFTY-III.NFO,13/08/2024,09:24:50,51254,51254,90,51257.1,150,0,53295
BANKNIFTY-III.NFO,13/08/2024,09:24:51,51259.4,51254,90,51260.9,150,180,53295
BANKNIFTY-III.NFO,13/08/2024,09:24:53,51259.4,51254,90,51260.15,135,0,53220
BANKNIFTY-III.NFO,13/08/2024,09:24:55,51259.4,51254,90,51255.95,15,0,53220
BANKNIFTY-III.NFO,13/08/2024,09:24:56,51254,51254,75,51257.1,15,15,53220
BANKNIFTY-III.NFO,13/08/2024,09:24:58,51254,51254,45,51254.3,135,45,53220
BANKNIFTY-III.NFO,13/08/2024,09:25:00,51254,51250,45,51250.5,75,60,53220
BANKNIFTY-III.NFO,13/08/2024,09:25:01,51250,51236.5,60,51250.55,30,45,53220
BANKNIFTY-III.NFO,13/08/2024,09:25:03,51250,51236.9,60,51253.55,30,0,53220
BANKNIFTY-III.NFO,13/08/2024,09:25:05,51250,51244.55,60,51264.25,30,0,53220
BANKNIFTY-III.NFO,13/08/2024,09:25:06,51250,51250.25,60,51267.85,30,0,53220
BANKNIFTY-III.NFO,13/08/2024,09:25:08,51250,51249.25,60,51263.2,30,0,53220
BANKNIFTY-III.NFO,13/08/2024,09:25:10,51250,51250.35,60,51262.45,30,0,53220
BANKNIFTY-III.NFO,13/08/2024,09:25:11,51250,51250,15,51257.9,30,0,53220
BANKNIFTY-III.NFO,13/08/2024,09:25:13,51250,51250,15,51253.05,30,0,53220
BANKNIFTY-III.NFO,13/08/2024,09:25:15,51250,51250,15,51251.6,30,0,53220
BANKNIFTY-III.NFO,13/08/2024,09:25:16,51250,51245,15,51246.25,15,15,53220
BANKNIFTY-III.NFO,13/08/2024,09:25:18,51250,51245,15,51253.1,150,0,53220
BANKNIFTY-III.NFO,13/08/2024,09:25:20,51250,51245,15,51248.85,15,0,53220
BANKNIFTY-III.NFO,13/08/2024,09:25:21,51250,51245,15,51247.8,15,0,53220
BANKNIFTY-III.NFO,13/08/2024,09:25:23,51250,51245,15,51247.35,15,0,53220
BANKNIFTY-III.NFO,13/08/2024,09:25:24,51250,51245,15,51246.6,15,0,53220
BANKNIFTY-III.NFO,13/08/2024,09:25:26,51250,51245,15,51247.9,15,0,53220
BANKNIFTY-III.NFO,13/08/2024,09:25:28,51250,51245.05,60,51255.6,15,0,53220
BANKNIFTY-III.NFO,13/08/2024,09:25:29,51250,51245,15,51252.1,15,0,53220
BANKNIFTY-III.NFO,13/08/2024,09:25:31,51250,51245,15,51247,15,0,53220
BANKNIFTY-III.NFO,13/08/2024,09:25:33,51250,51245,15,51248.5,15,0,53220
BANKNIFTY-III.NFO,13/08/2024,09:25:34,51250,51245.05,75,51252,15,0,53220
BANKNIFTY-III.NFO,13/08/2024,09:25:36,51250,51245,15,51252,15,0,53220
BANKNIFTY-III.NFO,13/08/2024,09:25:38,51250,51245,15,51247.8,15,0,53220
BANKNIFTY-III.NFO,13/08/2024,09:25:39,51250,51245,15,51247.9,15,0,53220
BANKNIFTY-III.NFO,13/08/2024,09:25:41,51250,51245,15,51247.7,15,0,53220
BANKNIFTY-III.NFO,13/08/2024,09:25:43,51245,51235.2,60,51251.7,150,15,53220
BANKNIFTY-III.NFO,13/08/2024,09:25:44,51245,51233.25,60,51252.5,150,0,53220
BANKNIFTY-III.NFO,13/08/2024,09:25:46,51245,51232.05,60,51250.25,30,0,53220
BANKNIFTY-III.NFO,13/08/2024,09:25:48,51245,51232.05,60,51250.2,30,0,53220
BANKNIFTY-III.NFO,13/08/2024,09:25:49,51245,51245,15,51248.85,45,0,53220
BANKNIFTY-III.NFO,13/08/2024,09:25:51,51245,51245,15,51246.75,150,0,53220
BANKNIFTY-III.NFO,13/08/2024,09:25:53,51245,51230.05,75,51245.7,30,15,53220
BANKNIFTY-III.NFO,13/08/2024,09:25:54,51245,51230.05,75,51244.5,30,0,53220
BANKNIFTY-III.NFO,13/08/2024,09:25:58,51245,51230.05,75,51244.35,30,0,53220
BANKNIFTY-III.NFO,13/08/2024,09:26:01,51245,51230.05,75,51244.2,30,0,53220
BANKNIFTY-III.NFO,13/08/2024,09:26:03,51245,51230,30,51241.25,135,0,53220
BANKNIFTY-III.NFO,13/08/2024,09:26:04,51245,51230,30,51243.25,135,0,53220
BANKNIFTY-III.NFO,13/08/2024,09:26:06,51245,51230,30,51242.05,150,0,53220
BANKNIFTY-III.NFO,13/08/2024,09:26:08,51241.85,51230,15,51240.45,135,15,53220
BANKNIFTY-III.NFO,13/08/2024,09:26:09,51241.85,51230,15,51241.1,15,0,53220
BANKNIFTY-III.NFO,13/08/2024,09:26:11,51241.85,51230.05,60,51244.2,30,0,53220
BANKNIFTY-III.NFO,13/08/2024,09:26:13,51241.85,51230,15,51239.2,150,0,53220
BANKNIFTY-III.NFO,13/08/2024,09:26:14,51241.85,51230,15,51232.45,45,0,53220
BANKNIFTY-III.NFO,13/08/2024,09:26:16,51230,51220,15,51228.15,15,15,53220
BANKNIFTY-III.NFO,13/08/2024,09:26:18,51230,51220,15,51230.35,30,0,53220
BANKNIFTY-III.NFO,13/08/2024,09:26:19,51230,51220,15,51228,15,0,53220
BANKNIFTY-III.NFO,13/08/2024,09:26:21,51230,51220,15,51227.1,30,0,53220
BANKNIFTY-III.NFO,13/08/2024,09:26:23,51230,51220.05,60,51236.25,150,0,53220
BANKNIFTY-III.NFO,13/08/2024,09:26:24,51230,51220.05,60,51230.25,30,0,53220
BANKNIFTY-III.NFO,13/08/2024,09:26:26,51230,51220,15,51227,30,0,53220
BANKNIFTY-III.NFO,13/08/2024,09:26:28,51230,51220.05,75,51233.2,15,0,53220
BANKNIFTY-III.NFO,13/08/2024,09:26:29,51220,51215.05,75,51228.1,30,15,53220
BANKNIFTY-III.NFO,13/08/2024,09:26:31,51220,51215,30,51227.55,75,0,53220
BANKNIFTY-III.NFO,13/08/2024,09:26:33,51220,51215.05,75,51227.55,30,0,53220
BANKNIFTY-III.NFO,13/08/2024,09:26:36,51220,51215.05,60,51224.3,30,0,53220
BANKNIFTY-III.NFO,13/08/2024,09:26:38,51220,51215.05,75,51227.1,30,0,53220
BANKNIFTY-III.NFO,13/08/2024,09:26:39,51220,51215,15,51220,30,0,53220
BANKNIFTY-III.NFO,13/08/2024,09:26:41,51220,51215,15,51219.35,15,0,53220
BANKNIFTY-III.NFO,13/08/2024,09:26:42,51215,51210.05,75,51219.45,30,15,53220
BANKNIFTY-III.NFO,13/08/2024,09:26:44,51215,51210.05,75,51220,30,0,53220
BANKNIFTY-III.NFO,13/08/2024,09:26:46,51215,51210.05,60,51220,30,0,53220
BANKNIFTY-III.NFO,13/08/2024,09:26:47,51215,51210.05,60,51214.4,15,0,53220
BANKNIFTY-III.NFO,13/08/2024,09:26:51,51215,51210.05,60,51220,30,0,53220
BANKNIFTY-III.NFO,13/08/2024,09:26:52,51215,51210,315,51220,30,0,53220
BANKNIFTY-III.NFO,13/08/2024,09:26:55,51215,51215.1,15,51220,30,0,53220
BANKNIFTY-III.NFO,13/08/2024,09:27:04,51215,51215.1,15,51219.5,15,0,53220
BANKNIFTY-III.NFO,13/08/2024,09:27:05,51215,51215.1,15,51216.2,30,0,53220
BANKNIFTY-III.NFO,13/08/2024,09:27:07,51215,51215.1,15,51218.85,15,0,53220
BANKNIFTY-III.NFO,13/08/2024,09:27:09,51215,51210,315,51214.45,30,30,53220
BANKNIFTY-III.NFO,13/08/2024,09:27:10,51215,51210,315,51214.9,30,0,53220
BANKNIFTY-III.NFO,13/08/2024,09:27:12,51215,51210,315,51212.85,15,0,53220
BANKNIFTY-III.NFO,13/08/2024,09:27:13,51215,51210.05,75,51220,30,0,53220
BANKNIFTY-III.NFO,13/08/2024,09:27:15,51215,51215.05,75,51220,30,0,53220
BANKNIFTY-III.NFO,13/08/2024,09:27:20,51215,51215,120,51220,30,0,53220
BANKNIFTY-III.NFO,13/08/2024,09:27:22,51215,51215,120,51215.6,15,0,53220
BANKNIFTY-III.NFO,13/08/2024,09:27:23,51206,51206,180,51210.65,15,555,53220
BANKNIFTY-III.NFO,13/08/2024,09:27:23,51206,51206,180,51210.65,15,0,53220
BANKNIFTY-III.NFO,13/08/2024,09:27:25,51206,51206,180,51210.85,30,0,53220
BANKNIFTY-III.NFO,13/08/2024,09:27:26,51206,51206,165,51211,150,15,53220
BANKNIFTY-III.NFO,13/08/2024,09:27:28,51206,51206,165,51209.95,15,0,53220
BANKNIFTY-III.NFO,13/08/2024,09:27:30,51206,51206,165,51212.1,15,0,53220
BANKNIFTY-III.NFO,13/08/2024,09:27:31,51206,51206.05,60,51219.95,15,0,53220
BANKNIFTY-III.NFO,13/08/2024,09:27:33,51206,51206,165,51216.65,45,0,53220
BANKNIFTY-III.NFO,13/08/2024,09:27:35,51206,51206.05,60,51217.5,15,0,53220
BANKNIFTY-III.NFO,13/08/2024,09:27:38,51206,51206.05,60,51216.7,45,0,53220
BANKNIFTY-III.NFO,13/08/2024,09:27:40,51206,51206.05,60,51217.05,45,0,53220
BANKNIFTY-III.NFO,13/08/2024,09:27:41,51206,51206.05,60,51216.6,15,0,53220
BANKNIFTY-III.NFO,13/08/2024,09:27:43,51206,51206,165,51217.55,45,0,53220
BANKNIFTY-III.NFO,13/08/2024,09:27:45,51206,51206.05,60,51217.1,150,0,53220
BANKNIFTY-III.NFO,13/08/2024,09:27:46,51206,51206.05,75,51217.55,15,0,53220
BANKNIFTY-III.NFO,13/08/2024,09:27:48,51206.05,51206.05,60,51217.55,15,15,53220
BANKNIFTY-III.NFO,13/08/2024,09:27:49,51206.05,51206.05,60,51217.55,15,0,53220
BANKNIFTY-III.NFO,13/08/2024,09:27:51,51206.05,51206.05,75,51217.45,15,0,53220
BANKNIFTY-III.NFO,13/08/2024,09:27:53,51206.05,51206.05,60,51216.8,15,0,53220
BANKNIFTY-III.NFO,13/08/2024,09:27:54,51206.05,51206.05,60,51217.1,15,0,53220
BANKNIFTY-III.NFO,13/08/2024,09:27:56,51206.05,51206.05,60,51216.25,15,0,53220
BANKNIFTY-III.NFO,13/08/2024,09:27:58,51206.05,51206,165,51213.35,15,0,53220
BANKNIFTY-III.NFO,13/08/2024,09:27:59,51206.05,51206,165,51208.8,15,0,53220
BANKNIFTY-III.NFO,13/08/2024,09:28:01,51206.05,51206.05,75,51219.75,15,0,53220
BANKNIFTY-III.NFO,13/08/2024,09:28:03,51206.05,51206.05,75,51219.55,15,0,53220
BANKNIFTY-III.NFO,13/08/2024,09:28:04,51206.05,51206.05,75,51219.95,15,0,53220
BANKNIFTY-III.NFO,13/08/2024,09:28:08,51206.05,51208.1,60,51220,30,0,53220
BANKNIFTY-III.NFO,13/08/2024,09:28:09,51206.05,51209.15,60,51220,30,0,53220
BANKNIFTY-III.NFO,13/08/2024,09:28:11,51206.05,51210.05,60,51220,30,0,53220
BANKNIFTY-III.NFO,13/08/2024,09:28:16,51220,51206.05,15,51215.5,15,15,52965
BANKNIFTY-III.NFO,13/08/2024,09:28:18,51220,51206.05,15,51212.3,15,0,52965
BANKNIFTY-III.NFO,13/08/2024,09:28:19,51220,51206.05,15,51211.55,60,0,52965
BANKNIFTY-III.NFO,13/08/2024,09:28:21,51220,51206.05,15,51209,45,0,52965
BANKNIFTY-III.NFO,13/08/2024,09:28:23,51220,51206.05,30,51214.2,15,0,52965
BANKNIFTY-III.NFO,13/08/2024,09:28:24,51220,51206.1,60,51214.25,30,0,52965
BANKNIFTY-III.NFO,13/08/2024,09:28:26,51220,51206.1,75,51216.55,60,0,52965
BANKNIFTY-III.NFO,13/08/2024,09:28:28,51220,51206.05,30,51215.55,15,0,52965
BANKNIFTY-III.NFO,13/08/2024,09:28:29,51220,51206.05,30,51212.2,45,0,52965
BANKNIFTY-III.NFO,13/08/2024,09:28:31,51206.05,51206.05,15,51213,15,15,52965
BANKNIFTY-III.NFO,13/08/2024,09:28:33,51206.05,51206.05,15,51213.9,15,0,52965
BANKNIFTY-III.NFO,13/08/2024,09:28:34,51206.05,51206.05,15,51209.05,45,0,52965
BANKNIFTY-III.NFO,13/08/2024,09:28:36,51206.05,51206.05,15,51209.7,45,0,52965
BANKNIFTY-III.NFO,13/08/2024,09:28:38,51206,51206,150,51208.35,15,30,52965
BANKNIFTY-III.NFO,13/08/2024,09:28:39,51206,51206,150,51208.35,15,0,52965
BANKNIFTY-III.NFO,13/08/2024,09:28:44,51206,51206,150,51211.1,15,0,52965
BANKNIFTY-III.NFO,13/08/2024,09:28:48,51206,51206,150,51211.05,15,0,52965
BANKNIFTY-III.NFO,13/08/2024,09:28:49,51206,51206,150,51210.9,15,0,52965
BANKNIFTY-III.NFO,13/08/2024,09:28:51,51206,51206,150,51209.5,45,0,52965
BANKNIFTY-III.NFO,13/08/2024,09:28:53,51206,51206,135,51210.95,150,15,52965
BANKNIFTY-III.NFO,13/08/2024,09:28:55,51206,51206,135,51211.1,30,0,52965
BANKNIFTY-III.NFO,13/08/2024,09:28:56,51206,51206,150,51210.25,150,0,52965
BANKNIFTY-III.NFO,13/08/2024,09:28:58,51206,51206,150,51211.05,45,0,52965
BANKNIFTY-III.NFO,13/08/2024,09:29:00,51206,51206.05,60,51212.05,15,0,52965
BANKNIFTY-III.NFO,13/08/2024,09:29:01,51206,51206.05,75,51219.35,45,0,52965
BANKNIFTY-III.NFO,13/08/2024,09:29:03,51206,51206.05,75,51219.8,15,0,52965
BANKNIFTY-III.NFO,13/08/2024,09:29:05,51206,51206.05,75,51219.45,15,0,52965
BANKNIFTY-III.NFO,13/08/2024,09:29:06,51206,51210.1,60,51220,15,0,52965
BANKNIFTY-III.NFO,13/08/2024,09:29:09,51206,51206.05,75,51217.35,45,0,52965
BANKNIFTY-III.NFO,13/08/2024,09:29:11,51206,51206.05,75,51218.25,45,0,52965
BANKNIFTY-III.NFO,13/08/2024,09:29:13,51206,51206.05,60,51214.95,45,0,52965
BANKNIFTY-III.NFO,13/08/2024,09:29:14,51206,51206,150,51209.85,15,0,52965
BANKNIFTY-III.NFO,13/08/2024,09:29:16,51206,51206,120,51209.7,150,15,52965
BANKNIFTY-III.NFO,13/08/2024,09:29:18,51206,51206,90,51207.95,15,45,52965
BANKNIFTY-III.NFO,13/08/2024,09:29:19,51205.7,51200,90,51206.75,30,105,52965
BANKNIFTY-III.NFO,13/08/2024,09:29:19,51205.7,51200,90,51206.75,30,0,52965
BANKNIFTY-III.NFO,13/08/2024,09:29:21,51205.7,51200.05,60,51209.4,15,0,52965
BANKNIFTY-III.NFO,13/08/2024,09:29:23,51205.7,51200.05,60,51210.95,15,0,52965
BANKNIFTY-III.NFO,13/08/2024,09:29:24,51205.7,51200.05,60,51208.3,150,0,52965
BANKNIFTY-III.NFO,13/08/2024,09:29:26,51205.7,51200.05,75,51217.4,15,0,52965
BANKNIFTY-III.NFO,13/08/2024,09:29:28,51205.7,51200.05,75,51217.1,15,0,52965
BANKNIFTY-III.NFO,13/08/2024,09:29:29,51205.7,51200.05,75,51218.3,15,0,52965
BANKNIFTY-III.NFO,13/08/2024,09:29:31,51205.7,51200.05,75,51216.9,15,0,52965
BANKNIFTY-III.NFO,13/08/2024,09:29:33,51205.7,51200.05,60,51211.45,15,0,52965
BANKNIFTY-III.NFO,13/08/2024,09:29:34,51205.7,51200.05,75,51211.6,15,0,52965
BANKNIFTY-III.NFO,13/08/2024,09:29:36,51205.7,51200,105,51208.4,15,0,52965
BANKNIFTY-III.NFO,13/08/2024,09:29:38,51209.9,51200.05,60,51210.6,150,15,52965
BANKNIFTY-III.NFO,13/08/2024,09:29:39,51209.9,51200,105,51206.95,150,0,52965
BANKNIFTY-III.NFO,13/08/2024,09:29:41,51209.9,51200,105,51209.2,150,0,52965
BANKNIFTY-III.NFO,13/08/2024,09:29:43,51209.9,51200.05,60,51211.5,150,0,52965
BANKNIFTY-III.NFO,13/08/2024,09:29:44,51209.9,51200.05,60,51212.65,150,0,52965
BANKNIFTY-III.NFO,13/08/2024,09:29:46,51209.9,51200,105,51206.05,150,0,52965
BANKNIFTY-III.NFO,13/08/2024,09:29:48,51209.9,51200.1,60,51215.15,30,0,52965
BANKNIFTY-III.NFO,13/08/2024,09:29:49,51209.9,51200.05,75,51209.8,150,0,52965
BANKNIFTY-III.NFO,13/08/2024,09:29:51,51209.9,51200.05,15,51209.7,150,0,52965
BANKNIFTY-III.NFO,13/08/2024,09:29:53,51209.9,51200.05,75,51211.75,150,0,52965
BANKNIFTY-III.NFO,13/08/2024,09:29:54,51209.9,51200.05,75,51214,150,0,52965
BANKNIFTY-III.NFO,13/08/2024,09:29:56,51209.9,51200.05,75,51208.95,150,0,52965
BANKNIFTY-III.NFO,13/08/2024,09:29:58,51209.9,51201,30,51206.45,150,0,52965
BANKNIFTY-III.NFO,13/08/2024,09:29:59,51209.9,51201,45,51209.1,150,0,52965
BANKNIFTY-III.NFO,13/08/2024,09:30:01,51209.9,51201,30,51206.4,150,0,52965
BANKNIFTY-III.NFO,13/08/2024,09:30:03,51209.9,51201,30,51210.55,150,0,52965
BANKNIFTY-III.NFO,13/08/2024,09:30:04,51200,51200,45,51210.25,30,90,52965
BANKNIFTY-III.NFO,13/08/2024,09:30:04,51200,51200,45,51210.25,30,0,52965
BANKNIFTY-III.NFO,13/08/2024,09:30:06,51200,51200,45,51204.25,150,0,52965
BANKNIFTY-III.NFO,13/08/2024,09:30:08,51207.3,51200.05,60,51213.9,300,15,52965
BANKNIFTY-III.NFO,13/08/2024,09:30:09,51207.3,51200.05,60,51210.7,150,0,52965
BANKNIFTY-III.NFO,13/08/2024,09:30:11,51207.3,51200.05,60,51210.15,150,0,52965
BANKNIFTY-III.NFO,13/08/2024,09:30:12,51207.3,51200.05,60,51211.55,30,0,52965
BANKNIFTY-III.NFO,13/08/2024,09:30:14,51207.3,51200,60,51204.75,150,0,52965
BANKNIFTY-III.NFO,13/08/2024,09:30:16,51207.3,51200,60,51202.9,150,0,52965
BANKNIFTY-III.NFO,13/08/2024,09:30:17,51200,51180.4,60,51197.35,150,60,52965
BANKNIFTY-III.NFO,13/08/2024,09:30:19,51200,51180,90,51190,30,0,52965
BANKNIFTY-III.NFO,13/08/2024,09:30:21,51200,51180.05,75,51192.75,150,0,52965
BANKNIFTY-III.NFO,13/08/2024,09:30:22,51200,51180,90,51189.7,30,0,52965
BANKNIFTY-III.NFO,13/08/2024,09:30:24,51200,51180,90,51189.35,30,0,52965
BANKNIFTY-III.NFO,13/08/2024,09:30:26,51200,51180,90,51185.65,150,0,52965
BANKNIFTY-III.NFO,13/08/2024,09:30:28,51180,51167.15,60,51181.5,135,90,52965
BANKNIFTY-III.NFO,13/08/2024,09:30:28,51180,51167.15,60,51181.5,135,0,52965
BANKNIFTY-III.NFO,13/08/2024,09:30:29,51181.3,51165.15,60,51176.05,105,30,52965
BANKNIFTY-III.NFO,13/08/2024,09:30:31,51181.3,51163.85,60,51175.9,105,0,52965
BANKNIFTY-III.NFO,13/08/2024,09:30:33,51181.3,51163.8,15,51168.95,105,0,52965
BANKNIFTY-III.NFO,13/08/2024,09:30:34,51181.3,51163.8,15,51169.85,105,0,52965
BANKNIFTY-III.NFO,13/08/2024,09:30:36,51181.3,51163.8,15,51172.95,15,0,52965
BANKNIFTY-III.NFO,13/08/2024,09:30:38,51181.3,51163.85,60,51177.2,105,0,52965
BANKNIFTY-III.NFO,13/08/2024,09:30:39,51180,51180,15,51182.7,30,345,52965
BANKNIFTY-III.NFO,13/08/2024,09:30:39,51178.1,51180,15,51182.7,30,0,52965
BANKNIFTY-III.NFO,13/08/2024,09:30:41,51180,51163.8,30,51175.25,75,15,52965
BANKNIFTY-III.NFO,13/08/2024,09:30:43,51180,51163.8,30,51175.1,15,0,52965
BANKNIFTY-III.NFO,13/08/2024,09:30:44,51180,51163.8,15,51175.15,75,0,52965
BANKNIFTY-III.NFO,13/08/2024,09:30:46,51175.7,51163.8,30,51175.75,150,15,52965
BANKNIFTY-III.NFO,13/08/2024,09:30:46,51175.7,51163.8,30,51175.75,150,0,52965
BANKNIFTY-III.NFO,13/08/2024,09:30:48,51175.7,51163.8,30,51177.9,150,0,52965
BANKNIFTY-III.NFO,13/08/2024,09:30:49,51175.7,51163.8,30,51175.8,150,0,52965
BANKNIFTY-III.NFO,13/08/2024,09:30:51,51175.7,51163.8,30,51174.15,45,0,52965
BANKNIFTY-III.NFO,13/08/2024,09:30:53,51175.7,51163.85,60,51180.9,30,0,52965
BANKNIFTY-III.NFO,13/08/2024,09:30:54,51175.7,51167.2,60,51186.2,150,0,52965
BANKNIFTY-III.NFO,13/08/2024,09:30:56,51185.35,51167.15,15,51183.95,165,45,52665
BANKNIFTY-III.NFO,13/08/2024,09:30:58,51185.35,51165.75,75,51178.25,150,0,52665
BANKNIFTY-III.NFO,13/08/2024,09:30:59,51175.7,51165.75,75,51173,150,150,52665
BANKNIFTY-III.NFO,13/08/2024,09:31:01,51175.7,51165.75,60,51171.4,15,0,52665
BANKNIFTY-III.NFO,13/08/2024,09:31:03,51165.75,51163.8,15,51165.95,45,60,52665
BANKNIFTY-III.NFO,13/08/2024,09:31:03,51165.75,51163.8,15,51165.95,45,0,52665
BANKNIFTY-III.NFO,13/08/2024,09:31:04,51165,51156,30,51167.4,105,60,52665
BANKNIFTY-III.NFO,13/08/2024,09:31:04,51162,51156,30,51167.4,105,0,52665
BANKNIFTY-III.NFO,13/08/2024,09:31:06,51165,51156.05,60,51167.25,150,0,52665
BANKNIFTY-III.NFO,13/08/2024,09:31:08,51165,51156,15,51167.05,45,0,52665
BANKNIFTY-III.NFO,13/08/2024,09:31:09,51162.35,51156.05,60,51169.4,15,15,52665
BANKNIFTY-III.NFO,13/08/2024,09:31:11,51162.35,51156,30,51167.45,15,0,52665
BANKNIFTY-III.NFO,13/08/2024,09:31:13,51163.55,51156,30,51166.35,15,15,52665
BANKNIFTY-III.NFO,13/08/2024,09:31:14,51163.55,51156.05,60,51166.35,15,0,52665
BANKNIFTY-III.NFO,13/08/2024,09:31:16,51163.55,51156.05,60,51170.25,105,0,52665
BANKNIFTY-III.NFO,13/08/2024,09:31:18,51163.55,51156.05,60,51168.6,105,0,52665
BANKNIFTY-III.NFO,13/08/2024,09:31:19,51163.55,51156.05,60,51175.9,30,0,52665
BANKNIFTY-III.NFO,13/08/2024,09:31:21,51163.55,51156.05,60,51171.8,15,0,52665
BANKNIFTY-III.NFO,13/08/2024,09:31:24,51163.55,51159.55,60,51181.8,15,0,52665
BANKNIFTY-III.NFO,13/08/2024,09:31:26,51163.55,51159.55,60,51175.9,105,0,52665
BANKNIFTY-III.NFO,13/08/2024,09:31:28,51163.55,51156.05,75,51163.55,15,0,52665
BANKNIFTY-III.NFO,13/08/2024,09:31:29,51163.55,51156.05,60,51163.55,15,0,52665
BANKNIFTY-III.NFO,13/08/2024,09:31:31,51163.55,51156.05,75,51163.55,15,0,52665
BANKNIFTY-III.NFO,13/08/2024,09:31:36,51163.55,51156,15,51163.55,15,0,52665
BANKNIFTY-III.NFO,13/08/2024,09:31:38,51163.55,51156,15,51163.2,105,0,52665
BANKNIFTY-III.NFO,13/08/2024,09:31:39,51163.55,51156,15,51162.4,105,0,52665
BANKNIFTY-III.NFO,13/08/2024,09:31:41,51163.55,51156,15,51163.55,15,0,52665
BANKNIFTY-III.NFO,13/08/2024,09:31:43,51163.55,51156,30,51161.55,30,0,52665
BANKNIFTY-III.NFO,13/08/2024,09:31:44,51163.55,51156,30,51160.9,30,0,52665
BANKNIFTY-III.NFO,13/08/2024,09:31:46,51163.55,51156,30,51160,30,0,52665
BANKNIFTY-III.NFO,13/08/2024,09:31:48,51163.55,51156,30,51158.75,30,0,52665
BANKNIFTY-III.NFO,13/08/2024,09:31:49,51156,51151.55,15,51158,30,30,52665
BANKNIFTY-III.NFO,13/08/2024,09:31:49,51156,51151.55,15,51158,30,0,52665
BANKNIFTY-III.NFO,13/08/2024,09:31:51,51156,51151.55,15,51153.8,45,0,52665
BANKNIFTY-III.NFO,13/08/2024,09:31:53,51156,51151.6,60,51158.6,45,0,52665
BANKNIFTY-III.NFO,13/08/2024,09:31:54,51156,51151.55,15,51158.15,45,0,52665
BANKNIFTY-III.NFO,13/08/2024,09:31:56,51156,51151.6,75,51163.55,15,0,52665
BANKNIFTY-III.NFO,13/08/2024,09:31:58,51156,51151.55,15,51163.3,15,0,52665
BANKNIFTY-III.NFO,13/08/2024,09:31:59,51156,51151.55,30,51159.25,45,0,52665
BANKNIFTY-III.NFO,13/08/2024,09:32:01,51156,51151.6,75,51163.55,15,0,52665
BANKNIFTY-III.NFO,13/08/2024,09:32:03,51156,51151.6,75,51163.35,45,0,52665
BANKNIFTY-III.NFO,13/08/2024,09:32:04,51156,51152.15,60,51163.05,45,0,52665
BANKNIFTY-III.NFO,13/08/2024,09:32:06,51156,51151.6,75,51163.05,45,0,52665
BANKNIFTY-III.NFO,13/08/2024,09:32:08,51151.55,51150.1,15,51157.05,45,30,52665
BANKNIFTY-III.NFO,13/08/2024,09:32:08,51151.55,51150.1,15,51157.05,45,0,52665
BANKNIFTY-III.NFO,13/08/2024,09:32:09,51151.55,51150.1,15,51152.75,45,0,52665
BANKNIFTY-III.NFO,13/08/2024,09:32:11,51151.55,51150.1,15,51153.25,45,0,52665
BANKNIFTY-III.NFO,13/08/2024,09:32:13,51151.55,51150.15,60,51158.9,150,0,52665
BANKNIFTY-III.NFO,13/08/2024,09:32:14,51151.55,51150.15,60,51161.15,150,0,52665
BANKNIFTY-III.NFO,13/08/2024,09:32:16,51151.55,51150.1,15,51158.9,150,0,52665
BANKNIFTY-III.NFO,13/08/2024,09:32:18,51151.55,51152,90,51161.05,45,0,52665
BANKNIFTY-III.NFO,13/08/2024,09:32:19,51151.55,51152,105,51158.1,45,0,52665
BANKNIFTY-III.NFO,13/08/2024,09:32:21,51151.55,51152,90,51159.2,45,0,52665
BANKNIFTY-III.NFO,13/08/2024,09:32:23,51151.55,51152.05,75,51159.05,45,0,52665
BANKNIFTY-III.NFO,13/08/2024,09:32:24,51151.55,51152.05,75,51162.6,45,0,52665
BANKNIFTY-III.NFO,13/08/2024,09:32:28,51151.55,51152.05,75,51163.35,45,0,52665
BANKNIFTY-III.NFO,13/08/2024,09:32:29,51151.55,51155.1,60,51163.55,15,0,52665
BANKNIFTY-III.NFO,13/08/2024,09:32:31,51151.55,51155.95,60,51169.9,45,0,52665
BANKNIFTY-III.NFO,13/08/2024,09:32:34,51151.55,51157.75,60,51170,15,0,52665
BANKNIFTY-III.NFO,13/08/2024,09:32:36,51151.55,51158.25,60,51170,15,0,52665
BANKNIFTY-III.NFO,13/08/2024,09:32:39,51170,51158.25,60,51174.3,45,15,52665
BANKNIFTY-III.NFO,13/08/2024,09:32:41,51170,51163.55,15,51173.85,45,0,52665
BANKNIFTY-III.NFO,13/08/2024,09:32:42,51170,51163.55,15,51170,15,0,52665
BANKNIFTY-III.NFO,13/08/2024,09:32:44,51170,51163.55,15,51169.9,45,0,52665
BANKNIFTY-III.NFO,13/08/2024,09:32:47,51170,51163.6,75,51169.9,45,0,52665
BANKNIFTY-III.NFO,13/08/2024,09:32:49,51170,51163.6,75,51170,15,0,52665
BANKNIFTY-III.NFO,13/08/2024,09:32:54,51170,51163.6,75,51179.7,45,30,52665
BANKNIFTY-III.NFO,13/08/2024,09:32:56,51170,51171.05,60,51189.05,45,0,52665
BANKNIFTY-III.NFO,13/08/2024,09:32:57,51170,51171.05,60,51188.4,45,0,52665
BANKNIFTY-III.NFO,13/08/2024,09:32:59,51170,51171.05,60,51187,45,0,52665
BANKNIFTY-III.NFO,13/08/2024,09:33:01,51170,51171.5,60,51183.1,45,0,52665
BANKNIFTY-III.NFO,13/08/2024,09:33:02,51170.05,51170.05,75,51179.9,45,15,52665
BANKNIFTY-III.NFO,13/08/2024,09:33:04,51170.05,51170.05,60,51183.6,15,0,52665
BANKNIFTY-III.NFO,13/08/2024,09:33:06,51170.05,51170.05,60,51183.55,15,0,52665
BANKNIFTY-III.NFO,13/08/2024,09:33:07,51170.05,51170.05,60,51184.4,15,0,52665
BANKNIFTY-III.NFO,13/08/2024,09:33:09,51170.05,51170.05,60,51182.4,45,0,52665
BANKNIFTY-III.NFO,13/08/2024,09:33:11,51170.05,51170,30,51182.6,15,0,52665
BANKNIFTY-III.NFO,13/08/2024,09:33:12,51170.05,51170,30,51180.9,15,0,52665
BANKNIFTY-III.NFO,13/08/2024,09:33:14,51170.05,51170.05,60,51182.1,15,0,52665
BANKNIFTY-III.NFO,13/08/2024,09:33:15,51170.05,51170.1,60,51180.8,15,0,52665
BANKNIFTY-III.NFO,13/08/2024,09:33:17,51170.05,51170.05,60,51181.7,15,0,52665
BANKNIFTY-III.NFO,13/08/2024,09:33:19,51170.05,51170.05,75,51181.5,15,0,52665
BANKNIFTY-III.NFO,13/08/2024,09:33:21,51170.05,51170.05,75,51182.7,15,0,52665
BANKNIFTY-III.NFO,13/08/2024,09:33:22,51170.05,51170.05,75,51182.65,15,0,52665
BANKNIFTY-III.NFO,13/08/2024,09:33:24,51170.05,51170.05,75,51181.45,15,0,52665
BANKNIFTY-III.NFO,13/08/2024,09:33:25,51170.05,51170.05,75,51184.2,15,0,52665
BANKNIFTY-III.NFO,13/08/2024,09:33:27,51170.05,51170.1,60,51190.85,15,0,52665
BANKNIFTY-III.NFO,13/08/2024,09:33:29,51170.05,51171.9,75,51192.4,15,0,52665
BANKNIFTY-III.NFO,13/08/2024,09:33:30,51170.05,51171.9,75,51192.05,45,0,52665
BANKNIFTY-III.NFO,13/08/2024,09:33:32,51170.05,51176.05,60,51187.35,45,0,52665
BANKNIFTY-III.NFO,13/08/2024,09:33:34,51170.05,51182.65,60,51194.85,15,0,52665
BANKNIFTY-III.NFO,13/08/2024,09:33:35,51170.05,51179.6,60,51191.35,15,0,52665
BANKNIFTY-III.NFO,13/08/2024,09:33:37,51170.05,51176.6,60,51192.7,15,0,52665
BANKNIFTY-III.NFO,13/08/2024,09:33:39,51170.05,51175,30,51189.05,15,0,52665
BANKNIFTY-III.NFO,13/08/2024,09:33:40,51170.05,51175.3,60,51190,15,0,52665
BANKNIFTY-III.NFO,13/08/2024,09:33:42,51170.05,51175,30,51185.3,15,0,52665
BANKNIFTY-III.NFO,13/08/2024,09:33:44,51170.05,51175,30,51186.55,15,0,52665
BANKNIFTY-III.NFO,13/08/2024,09:33:45,51170.05,51175,30,51186.95,15,0,52665
BANKNIFTY-III.NFO,13/08/2024,09:33:47,51170.05,51175,30,51187.8,15,0,52665
BANKNIFTY-III.NFO,13/08/2024,09:33:49,51170.05,51175.05,15,51187.45,15,0,52665
BANKNIFTY-III.NFO,13/08/2024,09:33:50,51170.05,51175.05,60,51190.7,15,0,52665
BANKNIFTY-III.NFO,13/08/2024,09:33:52,51170.05,51175.05,60,51190.9,15,0,52665
BANKNIFTY-III.NFO,13/08/2024,09:33:54,51170.05,51175,30,51187.95,15,0,52665
BANKNIFTY-III.NFO,13/08/2024,09:33:55,51170.05,51175.05,60,51190.05,15,0,52665
BANKNIFTY-III.NFO,13/08/2024,09:33:57,51170.05,51175,15,51185.65,15,0,52665
BANKNIFTY-III.NFO,13/08/2024,09:33:59,51170.05,51175,15,51180.3,15,0,52665
BANKNIFTY-III.NFO,13/08/2024,09:34:00,51182.85,51175,30,51178.25,15,15,52545
BANKNIFTY-III.NFO,13/08/2024,09:34:02,51175,51170.05,60,51176.6,15,30,52545
BANKNIFTY-III.NFO,13/08/2024,09:34:04,51170.05,51170.05,15,51175.9,15,45,52545
BANKNIFTY-III.NFO,13/08/2024,09:34:05,51170.05,51170.05,15,51171.15,45,0,52545
BANKNIFTY-III.NFO,13/08/2024,09:34:07,51170.05,51170.05,15,51173.65,45,0,52545
BANKNIFTY-III.NFO,13/08/2024,09:34:09,51172.3,51170.05,15,51177.3,45,15,52545
BANKNIFTY-III.NFO,13/08/2024,09:34:10,51172.3,51170.05,15,51176.05,45,0,52545
BANKNIFTY-III.NFO,13/08/2024,09:34:12,51172.3,51170.05,15,51170.45,45,0,52545
BANKNIFTY-III.NFO,13/08/2024,09:34:14,51170,51155.2,60,51174.25,45,60,52545
BANKNIFTY-III.NFO,13/08/2024,09:34:15,51170,51155.75,60,51170.95,45,0,52545
BANKNIFTY-III.NFO,13/08/2024,09:34:17,51170,51155.25,75,51170.95,45,0,52545
BANKNIFTY-III.NFO,13/08/2024,09:34:19,51170.3,51155.05,75,51171.2,150,15,52545
BANKNIFTY-III.NFO,13/08/2024,09:34:20,51170.3,51155.05,75,51166.7,150,0,52545
BANKNIFTY-III.NFO,13/08/2024,09:34:22,51168.4,51155.05,75,51171.55,150,60,52545
BANKNIFTY-III.NFO,13/08/2024,09:34:24,51168.4,51155.05,60,51166.4,150,0,52545
BANKNIFTY-III.NFO,13/08/2024,09:34:25,51168.4,51155.05,60,51164.7,150,0,52545
BANKNIFTY-III.NFO,13/08/2024,09:34:27,51168.4,51155.05,75,51165.5,150,0,52545
BANKNIFTY-III.NFO,13/08/2024,09:34:29,51168.4,51155.05,75,51166.3,150,0,52545
BANKNIFTY-III.NFO,13/08/2024,09:34:30,51168.4,51155.05,75,51169.4,15,0,52545
BANKNIFTY-III.NFO,13/08/2024,09:34:32,51168.4,51155,105,51161.95,150,0,52545
BANKNIFTY-III.NFO,13/08/2024,09:34:34,51160.3,51155.05,60,51164.5,150,15,52545
BANKNIFTY-III.NFO,13/08/2024,09:34:35,51160.3,51155,105,51159.25,15,0,52545
BANKNIFTY-III.NFO,13/08/2024,09:34:37,51160.3,51155,105,51159.85,15,0,52545
BANKNIFTY-III.NFO,13/08/2024,09:34:39,51160.3,51155,105,51157,150,0,52545
BANKNIFTY-III.NFO,13/08/2024,09:34:40,51160.3,51155,105,51156.75,150,0,52545
BANKNIFTY-III.NFO,13/08/2024,09:34:42,51160.3,51155,105,51157.15,75,0,52545
BANKNIFTY-III.NFO,13/08/2024,09:34:44,51151,51150.1,15,51151.7,30,255,52545
BANKNIFTY-III.NFO,13/08/2024,09:34:44,51151,51150.1,15,51151.7,30,0,52545
BANKNIFTY-III.NFO,13/08/2024,09:34:45,51150,51150,30,51151.4,30,465,52545
BANKNIFTY-III.NFO,13/08/2024,09:34:45,51150,51150,30,51151.4,30,0,52545
BANKNIFTY-III.NFO,13/08/2024,09:34:47,51149,51140.05,60,51150.05,300,45,52545
BANKNIFTY-III.NFO,13/08/2024,09:34:47,51149,51140.05,60,51150.05,300,0,52545
BANKNIFTY-III.NFO,13/08/2024,09:34:49,51149,51140.05,75,51151.85,15,0,52545
BANKNIFTY-III.NFO,13/08/2024,09:34:50,51149,51140.1,60,51155,30,0,52545
BANKNIFTY-III.NFO,13/08/2024,09:34:52,51149,51140.05,75,51152.55,15,0,52545
BANKNIFTY-III.NFO,13/08/2024,09:34:54,51148.1,51140.05,15,51146.7,150,15,52545
BANKNIFTY-III.NFO,13/08/2024,09:34:54,51148.1,51140.05,15,51146.7,150,0,52545
BANKNIFTY-III.NFO,13/08/2024,09:34:55,51148.1,51145,15,51151,165,0,52545
BANKNIFTY-III.NFO,13/08/2024,09:34:57,51148.1,51145,15,51151.65,150,0,52545
BANKNIFTY-III.NFO,13/08/2024,09:34:59,51148.1,51145,15,51146.4,15,0,52545
BANKNIFTY-III.NFO,13/08/2024,09:35:00,51154.8,51145.05,75,51151.8,15,165,52545
BANKNIFTY-III.NFO,13/08/2024,09:35:00,51147.3,51145.05,75,51151.8,15,0,52545
BANKNIFTY-III.NFO,13/08/2024,09:35:02,51154.8,51145,15,51146.45,15,0,52545
BANKNIFTY-III.NFO,13/08/2024,09:35:04,51140.05,51140,90,51144.9,150,30,52545
BANKNIFTY-III.NFO,13/08/2024,09:35:04,51140.05,51140,90,51144.9,150,0,52545
BANKNIFTY-III.NFO,13/08/2024,09:35:05,51140,51135.75,60,51153.8,150,15,52545
BANKNIFTY-III.NFO,13/08/2024,09:35:05,51140,51135.75,60,51153.8,150,0,52545
BANKNIFTY-III.NFO,13/08/2024,09:35:07,51140,51138.25,210,51154.65,15,0,52545
BANKNIFTY-III.NFO,13/08/2024,09:35:09,51140,51146.35,60,51159.85,15,0,52545
BANKNIFTY-III.NFO,13/08/2024,09:35:10,51140,51148,60,51166.7,15,0,52545
BANKNIFTY-III.NFO,13/08/2024,09:35:12,51140,51151.9,60,51165.8,120,0,52545
BANKNIFTY-III.NFO,13/08/2024,09:35:14,51140,51143.05,75,51156.5,105,0,52545
BANKNIFTY-III.NFO,13/08/2024,09:35:15,51140,51140.4,60,51153,150,0,52545
BANKNIFTY-III.NFO,13/08/2024,09:35:17,51140,51140.05,60,51151.35,105,0,52545
BANKNIFTY-III.NFO,13/08/2024,09:35:19,51140,51144.6,210,51158.5,105,0,52545
BANKNIFTY-III.NFO,13/08/2024,09:35:20,51140,51146.95,60,51158.95,105,0,52545
BANKNIFTY-III.NFO,13/08/2024,09:35:22,51158.95,51144.6,60,51157.5,15,90,52545
BANKNIFTY-III.NFO,13/08/2024,09:35:24,51158.95,51144.6,60,51159.1,15,0,52545
BANKNIFTY-III.NFO,13/08/2024,09:35:26,51158.95,51145.1,60,51159.1,15,0,52545
BANKNIFTY-III.NFO,13/08/2024,09:35:27,51158.95,51147.75,60,51161.15,150,0,52545
BANKNIFTY-III.NFO,13/08/2024,09:35:29,51158.95,51147.75,60,51161.15,15,0,52545
BANKNIFTY-III.NFO,13/08/2024,09:35:30,51158.95,51147.75,60,51161.25,150,0,52545
BANKNIFTY-III.NFO,13/08/2024,09:35:32,51158.95,51150.95,60,51164.9,150,0,52545
BANKNIFTY-III.NFO,13/08/2024,09:35:34,51158.95,51150.9,15,51163.85,150,0,52545
BANKNIFTY-III.NFO,13/08/2024,09:35:36,51158.95,51147.5,45,51157.35,150,0,52545
BANKNIFTY-III.NFO,13/08/2024,09:35:37,51158.95,51147.4,60,51166.45,30,0,52545
BANKNIFTY-III.NFO,13/08/2024,09:35:39,51166.45,51147.4,60,51160.4,15,15,52545
BANKNIFTY-III.NFO,13/08/2024,09:35:40,51166.45,51149.1,60,51161,15,0,52545
BANKNIFTY-III.NFO,13/08/2024,09:35:42,51166.45,51148.25,60,51163,15,0,52545
BANKNIFTY-III.NFO,13/08/2024,09:35:44,51166.45,51149.75,60,51162.8,15,0,52545
BANKNIFTY-III.NFO,13/08/2024,09:35:45,51166.45,51151.1,60,51164.3,150,0,52545
BANKNIFTY-III.NFO,13/08/2024,09:35:47,51166.45,51155.5,60,51166.9,15,0,52545
BANKNIFTY-III.NFO,13/08/2024,09:35:48,51166.45,51155.35,15,51167.9,15,0,52545
BANKNIFTY-III.NFO,13/08/2024,09:35:50,51166.45,51151.1,60,51163,225,0,52545
BANKNIFTY-III.NFO,13/08/2024,09:35:52,51164.05,51150.55,75,51161.9,15,15,52545
BANKNIFTY-III.NFO,13/08/2024,09:35:53,51164.05,51150.55,75,51160.9,15,15,52545
BANKNIFTY-III.NFO,13/08/2024,09:35:55,51164.05,51146.4,60,51158.95,150,0,52545
BANKNIFTY-III.NFO,13/08/2024,09:35:57,51164.05,51146.85,60,51161,150,0,52545
BANKNIFTY-III.NFO,13/08/2024,09:35:58,51164.05,51145.8,60,51160.15,75,0,52545
BANKNIFTY-III.NFO,13/08/2024,09:36:00,51164.05,51145.8,60,51159.3,15,0,52545
BANKNIFTY-III.NFO,13/08/2024,09:36:01,51164.05,51147.55,75,51159.25,15,0,52545
BANKNIFTY-III.NFO,13/08/2024,09:36:03,51164.05,51145.8,60,51158.55,15,0,52545
BANKNIFTY-III.NFO,13/08/2024,09:36:05,51157.35,51145.8,60,51158.65,75,15,52545
BANKNIFTY-III.NFO,13/08/2024,09:36:06,51157.35,51149.3,15,51163.65,75,0,52545
BANKNIFTY-III.NFO,13/08/2024,09:36:08,51157.35,51149.3,15,51159.85,75,0,52545
BANKNIFTY-III.NFO,13/08/2024,09:36:09,51157.35,51149.85,60,51164.35,75,0,52545
BANKNIFTY-III.NFO,13/08/2024,09:36:11,51157.35,51150.75,60,51165.45,75,0,52545
BANKNIFTY-III.NFO,13/08/2024,09:36:13,51157.35,51152.2,75,51172.85,150,0,52545
BANKNIFTY-III.NFO,13/08/2024,09:36:14,51157.35,51159.1,60,51172.85,75,0,52545
BANKNIFTY-III.NFO,13/08/2024,09:36:16,51157.35,51159.55,60,51179.75,30,0,52545
BANKNIFTY-III.NFO,13/08/2024,09:36:18,51179.75,51165.65,60,51186.35,45,90,52545
BANKNIFTY-III.NFO,13/08/2024,09:36:19,51179.75,51170.35,60,51189.9,15,0,52545
BANKNIFTY-III.NFO,13/08/2024,09:36:21,51179.75,51174.4,60,51190,15,0,52545
BANKNIFTY-III.NFO,13/08/2024,09:36:23,51179.75,51186.25,60,51190,15,0,52545
BANKNIFTY-III.NFO,13/08/2024,09:36:24,51179.75,51177.85,15,51193.65,150,0,52545
BANKNIFTY-III.NFO,13/08/2024,09:36:26,51179.75,51175.2,60,51193.9,150,0,52545
BANKNIFTY-III.NFO,13/08/2024,09:36:28,51179.75,51175.2,60,51192.8,30,0,52545
BANKNIFTY-III.NFO,13/08/2024,09:36:29,51179.75,51176.15,60,51195.35,150,0,52545
BANKNIFTY-III.NFO,13/08/2024,09:36:31,51179.75,51176.15,60,51193.45,150,0,52545
BANKNIFTY-III.NFO,13/08/2024,09:36:33,51179.75,51177.8,60,51192.35,15,0,52545
BANKNIFTY-III.NFO,13/08/2024,09:36:34,51179.75,51177.75,60,51191.35,150,0,52545
BANKNIFTY-III.NFO,13/08/2024,09:36:36,51179.75,51173.25,60,51190.75,150,0,52545
BANKNIFTY-III.NFO,13/08/2024,09:36:38,51179.75,51170.35,60,51187.05,150,0,52545
BANKNIFTY-III.NFO,13/08/2024,09:36:39,51179.75,51173,75,51186.55,150,0,52545
BANKNIFTY-III.NFO,13/08/2024,09:36:41,51179.75,51173.05,60,51186.55,150,0,52545
BANKNIFTY-III.NFO,13/08/2024,09:36:43,51179.75,51174.25,60,51186.55,150,0,52545
BANKNIFTY-III.NFO,13/08/2024,09:36:44,51179.75,51175.75,60,51186.55,150,0,52545
BANKNIFTY-III.NFO,13/08/2024,09:36:46,51179.75,51173.8,60,51186.45,150,0,52545
BANKNIFTY-III.NFO,13/08/2024,09:36:48,51179.75,51169.45,60,51183.5,150,0,52545
BANKNIFTY-III.NFO,13/08/2024,09:36:49,51179.75,51162.7,60,51177.2,150,0,52545
BANKNIFTY-III.NFO,13/08/2024,09:36:51,51179.75,51158.1,60,51175,15,0,52545
BANKNIFTY-III.NFO,13/08/2024,09:36:53,51179.75,51155,15,51169.6,150,0,52545
BANKNIFTY-III.NFO,13/08/2024,09:36:54,51179.75,51155,30,51167.3,150,0,52545
BANKNIFTY-III.NFO,13/08/2024,09:36:56,51179.75,51155.05,60,51168.2,15,0,52545
BANKNIFTY-III.NFO,13/08/2024,09:36:58,51179.75,51155,15,51159.75,150,0,52545
BANKNIFTY-III.NFO,13/08/2024,09:36:59,51155,51150,30,51155.35,150,15,52470
BANKNIFTY-III.NFO,13/08/2024,09:37:01,51155,51150,30,51158.45,150,0,52470
BANKNIFTY-III.NFO,13/08/2024,09:37:03,51155,51150,30,51162.3,15,0,52470
BANKNIFTY-III.NFO,13/08/2024,09:37:04,51155,51150,30,51156.85,150,0,52470
BANKNIFTY-III.NFO,13/08/2024,09:37:06,51155,51150,30,51153.9,150,0,52470
BANKNIFTY-III.NFO,13/08/2024,09:37:08,51150,51145,60,51153.9,150,30,52470
BANKNIFTY-III.NFO,13/08/2024,09:37:09,51150,51145,75,51155.9,150,0,52470
BANKNIFTY-III.NFO,13/08/2024,09:37:11,51150,51145,60,51150,15,0,52470
BANKNIFTY-III.NFO,13/08/2024,09:37:13,51150,51145.05,75,51150,15,0,52470
BANKNIFTY-III.NFO,13/08/2024,09:37:16,51150,51145,60,51150,15,0,52470
BANKNIFTY-III.NFO,13/08/2024,09:37:21,51140,51125.45,60,51144,15,105,52470
BANKNIFTY-III.NFO,13/08/2024,09:37:23,51140,51135.05,75,51150,15,0,52470
BANKNIFTY-III.NFO,13/08/2024,09:37:24,51140,51135.55,60,51150,15,0,52470
BANKNIFTY-III.NFO,13/08/2024,09:37:26,51140,51140.95,75,51150,15,0,52470
BANKNIFTY-III.NFO,13/08/2024,09:37:29,51140,51140.5,75,51150,15,0,52470
BANKNIFTY-III.NFO,13/08/2024,09:37:31,51140,51140.55,60,51150,15,0,52470
BANKNIFTY-III.NFO,13/08/2024,09:37:33,51140,51138.3,60,51150,15,0,52470
BANKNIFTY-III.NFO,13/08/2024,09:37:34,51140,51135.55,60,51150,15,0,52470
BANKNIFTY-III.NFO,13/08/2024,09:37:36,51140,51135.05,75,51145.05,150,0,52470
BANKNIFTY-III.NFO,13/08/2024,09:37:38,51140,51135.05,75,51146.9,150,0,52470
BANKNIFTY-III.NFO,13/08/2024,09:37:39,51140,51135,45,51140,300,0,52470
BANKNIFTY-III.NFO,13/08/2024,09:37:41,51140,51135,45,51139.45,150,0,52470
BANKNIFTY-III.NFO,13/08/2024,09:37:42,51140,51135.05,75,51140,300,0,52470
BANKNIFTY-III.NFO,13/08/2024,09:37:44,51140,51135.05,75,51140,285,15,52470
BANKNIFTY-III.NFO,13/08/2024,09:37:46,51140,51135.05,75,51140,285,0,52470
BANKNIFTY-III.NFO,13/08/2024,09:37:48,51140,51135.05,60,51140,285,0,52470
BANKNIFTY-III.NFO,13/08/2024,09:37:49,51140,51135.05,75,51140,270,15,52470
BANKNIFTY-III.NFO,13/08/2024,09:37:51,51140,51135.05,60,51140,270,0,52470
BANKNIFTY-III.NFO,13/08/2024,09:37:53,51140,51135,60,51140,270,0,52470
BANKNIFTY-III.NFO,13/08/2024,09:37:54,51135,51135,45,51140,270,15,52470
BANKNIFTY-III.NFO,13/08/2024,09:37:54,51135,51135,45,51140,270,0,52470
BANKNIFTY-III.NFO,13/08/2024,09:37:56,51135,51135,45,51140,270,0,52470
BANKNIFTY-III.NFO,13/08/2024,09:38:01,51140,51135,45,51140,255,15,52470
BANKNIFTY-III.NFO,13/08/2024,09:38:03,51140,51135.05,75,51140,255,0,52470
BANKNIFTY-III.NFO,13/08/2024,09:38:06,51140,51135.1,60,51140,255,0,52470
BANKNIFTY-III.NFO,13/08/2024,09:38:08,51140,51135,60,51140,255,0,52470
BANKNIFTY-III.NFO,13/08/2024,09:38:09,51140,51135,45,51140,255,0,52470
BANKNIFTY-III.NFO,13/08/2024,09:38:11,51140,51135.05,75,51140,255,0,52470
BANKNIFTY-III.NFO,13/08/2024,09:38:13,51140,51135,45,51140,255,0,52470
BANKNIFTY-III.NFO,13/08/2024,09:38:14,51140,51135.1,60,51140,255,0,52470
BANKNIFTY-III.NFO,13/08/2024,09:38:16,51140,51135,45,51140,255,0,52470
BANKNIFTY-III.NFO,13/08/2024,09:38:18,51135,51135,15,51139.5,15,30,52470
BANKNIFTY-III.NFO,13/08/2024,09:38:19,51135,51129.55,60,51140,255,15,52470
BANKNIFTY-III.NFO,13/08/2024,09:38:21,51135,51128.75,60,51140,255,0,52470
BANKNIFTY-III.NFO,13/08/2024,09:38:23,51135,51126.5,60,51140,255,0,52470
BANKNIFTY-III.NFO,13/08/2024,09:38:24,51135,51127.5,60,51140,255,0,52470
BANKNIFTY-III.NFO,13/08/2024,09:38:26,51135,51127.4,60,51139.95,15,0,52470
BANKNIFTY-III.NFO,13/08/2024,09:38:34,51135,51131.55,60,51140,255,0,52470
BANKNIFTY-III.NFO,13/08/2024,09:38:36,51135,51133.1,60,51140,255,0,52470
BANKNIFTY-III.NFO,13/08/2024,09:38:37,51135,51130.95,15,51140,255,0,52470
BANKNIFTY-III.NFO,13/08/2024,09:38:39,51135,51131,60,51135,15,0,52470
BANKNIFTY-III.NFO,13/08/2024,09:38:41,51135,51133.85,60,51140,255,15,52470
BANKNIFTY-III.NFO,13/08/2024,09:38:42,51135,51134.4,60,51140,255,0,52470
BANKNIFTY-III.NFO,13/08/2024,09:38:44,51140,51140.45,60,51156.65,15,255,52470
BANKNIFTY-III.NFO,13/08/2024,09:38:46,51140,51140.4,15,51153.95,15,0,52470
BANKNIFTY-III.NFO,13/08/2024,09:38:47,51140,51141.8,60,51158.55,15,0,52470
BANKNIFTY-III.NFO,13/08/2024,09:38:49,51140,51146.75,75,51158.55,15,0,52470
BANKNIFTY-III.NFO,13/08/2024,09:38:51,51140,51149.35,15,51158.55,15,0,52470
BANKNIFTY-III.NFO,13/08/2024,09:38:52,51140,51147.65,15,51159.95,15,0,52470
BANKNIFTY-III.NFO,13/08/2024,09:38:54,51140,51145.45,60,51159.4,15,0,52470
BANKNIFTY-III.NFO,13/08/2024,09:38:56,51140,51145.45,60,51159.75,15,0,52470
BANKNIFTY-III.NFO,13/08/2024,09:38:57,51140,51144.1,60,51159.65,15,0,52470
BANKNIFTY-III.NFO,13/08/2024,09:38:59,51140,51142.2,75,51159.4,15,0,52470
BANKNIFTY-III.NFO,13/08/2024,09:39:01,51140,51144.15,60,51159.05,15,0,52470
BANKNIFTY-III.NFO,13/08/2024,09:39:02,51140,51146.5,60,51158.95,15,0,52470
BANKNIFTY-III.NFO,13/08/2024,09:39:04,51140,51152.5,60,51160,15,0,52470
BANKNIFTY-III.NFO,13/08/2024,09:39:06,51140,51152.7,60,51160,15,0,52470
BANKNIFTY-III.NFO,13/08/2024,09:39:07,51140,51156.9,60,51160,15,0,52470
BANKNIFTY-III.NFO,13/08/2024,09:39:09,51160,51157.85,60,51174.7,30,15,52470
BANKNIFTY-III.NFO,13/08/2024,09:39:11,51160,51159.25,60,51173.9,15,0,52470
BANKNIFTY-III.NFO,13/08/2024,09:39:12,51160,51159.25,60,51173.7,15,0,52470
BANKNIFTY-III.NFO,13/08/2024,09:39:14,51160,51159.25,60,51173.5,15,0,52470
BANKNIFTY-III.NFO,13/08/2024,09:39:16,51160,51159.35,60,51173.2,15,0,52470
BANKNIFTY-III.NFO,13/08/2024,09:39:17,51160,51162.85,60,51177.95,15,0,52470
BANKNIFTY-III.NFO,13/08/2024,09:39:19,51173.5,51163.3,60,51177.95,15,15,52470
BANKNIFTY-III.NFO,13/08/2024,09:39:21,51164.65,51163.25,15,51176.9,15,15,52470
BANKNIFTY-III.NFO,13/08/2024,09:39:22,51164.65,51159.7,60,51176.9,15,0,52470
BANKNIFTY-III.NFO,13/08/2024,09:39:24,51164.65,51160.1,75,51174.3,15,0,52470
BANKNIFTY-III.NFO,13/08/2024,09:39:26,51164.65,51158.05,60,51174.2,15,0,52470
BANKNIFTY-III.NFO,13/08/2024,09:39:29,51164.65,51156.9,60,51172.05,15,0,52470
BANKNIFTY-III.NFO,13/08/2024,09:39:31,51164.65,51156.9,60,51171.95,15,0,52470
BANKNIFTY-III.NFO,13/08/2024,09:39:32,51171.75,51156.9,60,51171.95,15,15,52470
BANKNIFTY-III.NFO,13/08/2024,09:39:34,51171.75,51159.85,60,51171.95,15,0,52470
BANKNIFTY-III.NFO,13/08/2024,09:39:36,51171.75,51160,60,51171.95,15,0,52470
BANKNIFTY-III.NFO,13/08/2024,09:39:37,51171.75,51160.85,60,51171.95,15,0,52470
BANKNIFTY-III.NFO,13/08/2024,09:39:39,51171.75,51162.3,210,51171.95,15,0,52470
BANKNIFTY-III.NFO,13/08/2024,09:39:41,51171.75,51162.3,60,51171.95,15,0,52470
BANKNIFTY-III.NFO,13/08/2024,09:39:42,51171.75,51163,60,51171.95,15,0,52470
BANKNIFTY-III.NFO,13/08/2024,09:39:44,51171.75,51159.8,15,51171.95,15,0,52470
BANKNIFTY-III.NFO,13/08/2024,09:39:46,51171.75,51157.35,60,51171.5,15,0,52470
BANKNIFTY-III.NFO,13/08/2024,09:39:47,51171.75,51156.9,60,51171.35,15,0,52470
BANKNIFTY-III.NFO,13/08/2024,09:39:49,51171.75,51154.5,60,51170.1,15,0,52470
BANKNIFTY-III.NFO,13/08/2024,09:39:51,51171.75,51152.05,60,51167.65,15,0,52470
BANKNIFTY-III.NFO,13/08/2024,09:39:53,51171.75,51155.15,60,51170.75,15,0,52470
BANKNIFTY-III.NFO,13/08/2024,09:39:54,51170.6,51155.15,60,51170.55,15,15,52365
BANKNIFTY-III.NFO,13/08/2024,09:39:56,51170.6,51153.9,60,51169.95,15,0,52365
BANKNIFTY-III.NFO,13/08/2024,09:39:58,51170.6,51152.5,60,51169,15,0,52365
BANKNIFTY-III.NFO,13/08/2024,09:39:59,51170.6,51152.5,60,51168.9,15,0,52365
BANKNIFTY-III.NFO,13/08/2024,09:40:01,51170.6,51155.4,60,51168.9,15,0,52365
BANKNIFTY-III.NFO,13/08/2024,09:40:03,51170.6,51157.6,60,51168.9,15,0,52365
BANKNIFTY-III.NFO,13/08/2024,09:40:04,51170.6,51157.6,60,51168.85,15,0,52365
BANKNIFTY-III.NFO,13/08/2024,09:40:06,51170.6,51153.6,60,51168.75,15,0,52365
BANKNIFTY-III.NFO,13/08/2024,09:40:08,51168.7,51156.85,60,51168.6,15,15,52365
BANKNIFTY-III.NFO,13/08/2024,09:40:09,51168.7,51160,60,51174.35,15,0,52365
BANKNIFTY-III.NFO,13/08/2024,09:40:11,51168.7,51160.45,60,51176.7,15,0,52365
BANKNIFTY-III.NFO,13/08/2024,09:40:13,51168.7,51163.9,210,51176.7,15,0,52365
BANKNIFTY-III.NFO,13/08/2024,09:40:14,51177.7,51165.7,60,51177.7,15,15,52365
BANKNIFTY-III.NFO,13/08/2024,09:40:16,51177.7,51168.85,60,51177.7,15,0,52365
BANKNIFTY-III.NFO,13/08/2024,09:40:18,51177.7,51172.3,60,51188.75,30,0,52365
BANKNIFTY-III.NFO,13/08/2024,09:40:19,51177.7,51180.9,75,51188.75,15,0,52365
BANKNIFTY-III.NFO,13/08/2024,09:40:21,51177.7,51181.5,60,51195.2,15,0,52365
BANKNIFTY-III.NFO,13/08/2024,09:40:23,51177.7,51179.1,15,51192.8,15,0,52365
BANKNIFTY-III.NFO,13/08/2024,09:40:24,51177.7,51172.45,60,51187.9,15,0,52365
BANKNIFTY-III.NFO,13/08/2024,09:40:26,51177.7,51177.6,60,51187.7,15,0,52365
BANKNIFTY-III.NFO,13/08/2024,09:40:28,51177.7,51179.7,60,51187.7,15,0,52365
BANKNIFTY-III.NFO,13/08/2024,09:40:31,51177.7,51182.85,75,51187.7,15,0,52365
BANKNIFTY-III.NFO,13/08/2024,09:40:33,51177.7,51184.7,60,51199.6,15,0,52365
BANKNIFTY-III.NFO,13/08/2024,09:40:34,51177.7,51182.1,75,51197.7,15,0,52365
BANKNIFTY-III.NFO,13/08/2024,09:40:36,51197.4,51180.3,60,51197.25,15,15,52365
BANKNIFTY-III.NFO,13/08/2024,09:40:38,51197.4,51179.7,60,51195.95,165,0,52365
BANKNIFTY-III.NFO,13/08/2024,09:40:39,51179.7,51179.7,60,51194.6,15,15,52365
BANKNIFTY-III.NFO,13/08/2024,09:40:41,51179.7,51180.25,60,51193,15,0,52365
BANKNIFTY-III.NFO,13/08/2024,09:40:43,51179.7,51178.75,60,51191.75,15,0,52365
BANKNIFTY-III.NFO,13/08/2024,09:40:44,51179.7,51179.65,210,51191.55,15,0,52365
BANKNIFTY-III.NFO,13/08/2024,09:40:46,51179.7,51181.1,60,51191.35,15,0,52365
BANKNIFTY-III.NFO,13/08/2024,09:40:48,51179.7,51178.75,60,51190.85,15,0,52365
BANKNIFTY-III.NFO,13/08/2024,09:40:49,51179.7,51179.6,60,51190.65,15,0,52365
BANKNIFTY-III.NFO,13/08/2024,09:40:51,51179.7,51180.05,60,51190.65,15,0,52365
BANKNIFTY-III.NFO,13/08/2024,09:40:53,51179.7,51179.35,60,51190.45,15,0,52365
BANKNIFTY-III.NFO,13/08/2024,09:40:54,51179.7,51182.25,75,51190.45,15,0,52365
BANKNIFTY-III.NFO,13/08/2024,09:40:56,51179.7,51181.55,60,51190.25,15,0,52365
BANKNIFTY-III.NFO,13/08/2024,09:40:58,51190.25,51180.85,60,51196.35,15,15,52365
BANKNIFTY-III.NFO,13/08/2024,09:40:59,51190.25,51179.7,75,51192.8,15,0,52365
BANKNIFTY-III.NFO,13/08/2024,09:41:01,51190.25,51179.75,75,51194.45,15,0,52365
BANKNIFTY-III.NFO,13/08/2024,09:41:03,51190.25,51181.6,60,51199.65,15,0,52365
BANKNIFTY-III.NFO,13/08/2024,09:41:04,51190.25,51182.95,60,51199.85,15,0,52365
BANKNIFTY-III.NFO,13/08/2024,09:41:06,51190.25,51182.95,60,51199.55,15,0,52365
BANKNIFTY-III.NFO,13/08/2024,09:41:08,51190.25,51182.95,60,51198.75,15,0,52365
BANKNIFTY-III.NFO,13/08/2024,09:41:09,51190.25,51187.45,60,51200,30,0,52365
BANKNIFTY-III.NFO,13/08/2024,09:41:11,51190.25,51193.75,60,51200,240,0,52365
BANKNIFTY-III.NFO,13/08/2024,09:41:13,51190.25,51197.15,75,51200,240,0,52365
BANKNIFTY-III.NFO,13/08/2024,09:41:14,51200,51196.4,60,51200,60,180,52365
BANKNIFTY-III.NFO,13/08/2024,09:41:16,51200,51196.35,75,51200,60,0,52365
BANKNIFTY-III.NFO,13/08/2024,09:41:18,51200,51196.4,75,51200,60,0,52365
BANKNIFTY-III.NFO,13/08/2024,09:41:19,51200,51196.65,75,51200,60,0,52365
BANKNIFTY-III.NFO,13/08/2024,09:41:21,51200,51196.4,60,51200,60,0,52365
BANKNIFTY-III.NFO,13/08/2024,09:41:23,51200,51191.8,60,51200,60,0,52365
BANKNIFTY-III.NFO,13/08/2024,09:41:24,51200,51191.6,75,51200,45,15,52365
BANKNIFTY-III.NFO,13/08/2024,09:41:26,51200,51193.35,75,51200,15,30,52365
BANKNIFTY-III.NFO,13/08/2024,09:41:27,51200,51198.1,75,51200,15,0,52365
BANKNIFTY-III.NFO,13/08/2024,09:41:29,51200,51193.4,75,51200,15,0,52365
BANKNIFTY-III.NFO,13/08/2024,09:41:31,51200,51194.3,60,51200,15,0,52365
BANKNIFTY-III.NFO,13/08/2024,09:41:32,51200,51194.7,60,51200,15,0,52365
BANKNIFTY-III.NFO,13/08/2024,09:41:34,51200,51192.3,75,51200,15,0,52365
BANKNIFTY-III.NFO,13/08/2024,09:41:36,51200,51195.5,60,51200,15,0,52365
BANKNIFTY-III.NFO,13/08/2024,09:41:37,51200,51197.55,60,51200,15,0,52365
BANKNIFTY-III.NFO,13/08/2024,09:41:39,51200,51196,75,51200,15,0,52365
BANKNIFTY-III.NFO,13/08/2024,09:41:41,51200,51195.55,75,51200,15,0,52365
BANKNIFTY-III.NFO,13/08/2024,09:41:42,51200,51193.1,75,51200,15,0,52365
BANKNIFTY-III.NFO,13/08/2024,09:41:44,51200,51193.85,75,51200,15,0,52365
BANKNIFTY-III.NFO,13/08/2024,09:41:46,51200,51208.95,75,51210,30,15,52365
BANKNIFTY-III.NFO,13/08/2024,09:41:47,51210,51221.75,15,51232.7,15,30,52365
BANKNIFTY-III.NFO,13/08/2024,09:41:49,51210,51213.25,60,51226.45,15,0,52365
BANKNIFTY-III.NFO,13/08/2024,09:41:51,51210,51209.35,75,51222.8,15,0,52365
BANKNIFTY-III.NFO,13/08/2024,09:41:52,51210,51212.5,60,51227.95,15,0,52365
BANKNIFTY-III.NFO,13/08/2024,09:41:54,51210,51221.45,60,51231.9,15,0,52365
BANKNIFTY-III.NFO,13/08/2024,09:41:56,51210,51226.25,60,51238.9,30,0,52365
BANKNIFTY-III.NFO,13/08/2024,09:41:57,51230,51227.35,75,51240.2,15,15,52365
BANKNIFTY-III.NFO,13/08/2024,09:41:59,51235.95,51236.2,120,51244.8,15,30,52365
BANKNIFTY-III.NFO,13/08/2024,09:42:01,51235.95,51241.85,120,51249.5,15,0,52365
BANKNIFTY-III.NFO,13/08/2024,09:42:02,51235.95,51235,120,51241.4,15,0,52365
BANKNIFTY-III.NFO,13/08/2024,09:42:04,51235.95,51234.55,120,51240.25,15,0,52365
BANKNIFTY-III.NFO,13/08/2024,09:42:06,51235.95,51236,45,51243.2,15,0,52365
BANKNIFTY-III.NFO,13/08/2024,09:42:07,51236,51232.4,120,51239.95,15,45,52365
BANKNIFTY-III.NFO,13/08/2024,09:42:09,51236,51230.6,120,51240.35,15,0,52365
BANKNIFTY-III.NFO,13/08/2024,09:42:11,51236,51225.2,120,51237.95,15,0,52365
BANKNIFTY-III.NFO,13/08/2024,09:42:13,51236,51225.85,60,51237.3,15,0,52365
BANKNIFTY-III.NFO,13/08/2024,09:42:14,51236,51230.45,120,51237.75,15,0,52365
BANKNIFTY-III.NFO,13/08/2024,09:42:16,51235.95,51230.5,60,51241.9,15,15,52365
BANKNIFTY-III.NFO,13/08/2024,09:42:18,51235.95,51229.4,75,51241.2,30,0,52365
BANKNIFTY-III.NFO,13/08/2024,09:42:19,51235.95,51232.15,75,51244.95,30,0,52365
BANKNIFTY-III.NFO,13/08/2024,09:42:21,51250,51252.85,60,51264.1,45,30,52365
BANKNIFTY-III.NFO,13/08/2024,09:42:23,51250,51268.65,60,51270,105,0,52365
BANKNIFTY-III.NFO,13/08/2024,09:42:24,51250,51253.7,60,51262.15,15,0,52365
BANKNIFTY-III.NFO,13/08/2024,09:42:26,51250,51245.75,135,51256.8,15,0,52365
BANKNIFTY-III.NFO,13/08/2024,09:42:27,51250,51244.5,60,51255.05,15,0,52365
BANKNIFTY-III.NFO,13/08/2024,09:42:29,51250,51248.05,120,51254,15,0,52365
BANKNIFTY-III.NFO,13/08/2024,09:42:31,51246.85,51246.5,75,51257.65,15,45,52365
BANKNIFTY-III.NFO,13/08/2024,09:42:32,51246.85,51247.65,30,51260.1,15,0,52365
BANKNIFTY-III.NFO,13/08/2024,09:42:34,51246.85,51249.35,75,51262.4,15,0,52365
BANKNIFTY-III.NFO,13/08/2024,09:42:36,51246.85,51249.75,75,51264.85,15,0,52365
BANKNIFTY-III.NFO,13/08/2024,09:42:37,51246.85,51251.4,60,51263.65,15,0,52365
BANKNIFTY-III.NFO,13/08/2024,09:42:39,51246.85,51249.1,60,51261.8,15,0,52365
BANKNIFTY-III.NFO,13/08/2024,09:42:40,51246.85,51250.65,75,51263.05,30,0,52365
BANKNIFTY-III.NFO,13/08/2024,09:42:42,51246.85,51250.55,75,51262.95,30,0,52365
BANKNIFTY-III.NFO,13/08/2024,09:42:44,51246.85,51248.25,60,51260.35,15,0,52365
BANKNIFTY-III.NFO,13/08/2024,09:42:45,51246.85,51247.25,60,51259.15,15,0,52365
BANKNIFTY-III.NFO,13/08/2024,09:42:47,51246.85,51250,15,51261.45,15,0,52365
BANKNIFTY-III.NFO,13/08/2024,09:42:49,51250,51244.45,60,51250,15,15,52365
BANKNIFTY-III.NFO,13/08/2024,09:42:50,51250,51242.6,75,51250,15,0,52365
BANKNIFTY-III.NFO,13/08/2024,09:42:52,51250,51240.1,75,51250,15,0,52365
BANKNIFTY-III.NFO,13/08/2024,09:42:54,51250,51237.35,60,51249.85,30,0,52365
BANKNIFTY-III.NFO,13/08/2024,09:42:55,51250,51238.35,60,51249.25,15,0,52365
BANKNIFTY-III.NFO,13/08/2024,09:42:57,51250,51237.75,75,51249.95,15,0,52365
BANKNIFTY-III.NFO,13/08/2024,09:42:59,51250,51237.25,60,51248.5,15,0,52365
BANKNIFTY-III.NFO,13/08/2024,09:43:00,51250,51235.45,60,51248.4,30,0,52365
BANKNIFTY-III.NFO,13/08/2024,09:43:02,51250,51240.85,75,51249.95,15,0,52365
BANKNIFTY-III.NFO,13/08/2024,09:43:04,51250,51239.4,75,51249.95,30,0,52365
BANKNIFTY-III.NFO,13/08/2024,09:43:05,51250,51236.7,75,51249.4,15,0,52365
BANKNIFTY-III.NFO,13/08/2024,09:43:07,51249.2,51234.9,45,51246.15,15,15,52140
BANKNIFTY-III.NFO,13/08/2024,09:43:09,51249.2,51233.25,45,51244.2,45,0,52140
BANKNIFTY-III.NFO,13/08/2024,09:43:10,51243.95,51231.7,45,51243,120,15,52140
BANKNIFTY-III.NFO,13/08/2024,09:43:12,51243.95,51227.85,60,51242.9,30,0,52140
BANKNIFTY-III.NFO,13/08/2024,09:43:14,51243.95,51228.4,75,51242.2,45,0,52140
BANKNIFTY-III.NFO,13/08/2024,09:43:15,51243.95,51230.9,60,51246.4,30,0,52140
BANKNIFTY-III.NFO,13/08/2024,09:43:17,51243.95,51231.3,60,51246.65,15,0,52140
BANKNIFTY-III.NFO,13/08/2024,09:43:19,51243.95,51231.75,60,51246.5,15,0,52140
BANKNIFTY-III.NFO,13/08/2024,09:43:20,51243.95,51231.75,60,51247.4,15,0,52140
BANKNIFTY-III.NFO,13/08/2024,09:43:22,51243.95,51243.85,60,51250,30,0,52140
BANKNIFTY-III.NFO,13/08/2024,09:43:24,51243.95,51244.15,75,51250,30,0,52140
BANKNIFTY-III.NFO,13/08/2024,09:43:25,51243.95,51243.8,60,51250,30,0,52140
BANKNIFTY-III.NFO,13/08/2024,09:43:27,51243.95,51246.9,75,51250,30,0,52140
BANKNIFTY-III.NFO,13/08/2024,09:43:29,51250,51249.95,60,51250,15,15,52140
BANKNIFTY-III.NFO,13/08/2024,09:43:30,51250,51239.75,75,51250,15,0,52140
BANKNIFTY-III.NFO,13/08/2024,09:43:32,51250,51237.1,75,51250,30,0,52140
BANKNIFTY-III.NFO,13/08/2024,09:43:34,51250,51237.5,75,51249.95,15,0,52140
BANKNIFTY-III.NFO,13/08/2024,09:43:35,51250,51237.55,60,51249.95,15,0,52140
BANKNIFTY-III.NFO,13/08/2024,09:43:37,51250,51233.4,60,51249.95,30,0,52140
BANKNIFTY-III.NFO,13/08/2024,09:43:39,51250,51236.85,75,51249.5,15,0,52140
BANKNIFTY-III.NFO,13/08/2024,09:43:40,51250,51235.95,75,51249.95,15,0,52140
BANKNIFTY-III.NFO,13/08/2024,09:43:42,51261.75,51239.3,60,51254.9,15,900,52140
BANKNIFTY-III.NFO,13/08/2024,09:43:44,51261.75,51241,60,51259.25,15,0,52140
BANKNIFTY-III.NFO,13/08/2024,09:43:45,51261.75,51239.3,60,51258.25,45,0,52140
BANKNIFTY-III.NFO,13/08/2024,09:43:47,51261.75,51237.4,60,51257.9,15,0,52140
BANKNIFTY-III.NFO,13/08/2024,09:43:49,51261.75,51237.4,60,51254,15,0,52140
BANKNIFTY-III.NFO,13/08/2024,09:43:50,51261.75,51234.35,60,51253,45,0,52140
BANKNIFTY-III.NFO,13/08/2024,09:43:52,51233.5,51233.4,60,51252.9,45,30,52140
BANKNIFTY-III.NFO,13/08/2024,09:43:54,51233.5,51234.6,60,51250.45,30,0,52140
BANKNIFTY-III.NFO,13/08/2024,09:43:55,51233.5,51236.4,60,51252.65,30,0,52140
BANKNIFTY-III.NFO,13/08/2024,09:43:57,51233.5,51236.4,60,51256.25,30,0,52140
BANKNIFTY-III.NFO,13/08/2024,09:43:59,51233.5,51235.5,60,51249.5,30,0,52140
BANKNIFTY-III.NFO,13/08/2024,09:44:00,51233.5,51234.6,60,51250.95,30,0,52140
BANKNIFTY-III.NFO,13/08/2024,09:44:02,51233.5,51231.75,60,51247.85,30,0,52140
BANKNIFTY-III.NFO,13/08/2024,09:44:04,51233.5,51231.35,60,51251.65,30,0,52140
BANKNIFTY-III.NFO,13/08/2024,09:44:05,51233.5,51231.35,60,51247.4,30,0,52140
BANKNIFTY-III.NFO,13/08/2024,09:44:07,51233.5,51231.8,60,51247.75,30,0,52140
BANKNIFTY-III.NFO,13/08/2024,09:44:09,51233.5,51231.8,60,51245.8,30,0,52140
BANKNIFTY-III.NFO,13/08/2024,09:44:10,51233.5,51231.8,60,51247.2,30,0,52140
BANKNIFTY-III.NFO,13/08/2024,09:44:12,51233.5,51231.8,60,51248.45,30,0,52140
BANKNIFTY-III.NFO,13/08/2024,09:44:14,51233.5,51234.05,60,51249.2,30,0,52140
BANKNIFTY-III.NFO,13/08/2024,09:44:15,51233.5,51234.05,60,51247.7,30,0,52140
BANKNIFTY-III.NFO,13/08/2024,09:44:17,51233.5,51234.05,60,51251.35,30,0,52140
BANKNIFTY-III.NFO,13/08/2024,09:44:19,51233.5,51236.85,60,51257.5,30,0,52140
BANKNIFTY-III.NFO,13/08/2024,09:44:20,51233.5,51237.15,60,51259.05,30,0,52140
BANKNIFTY-III.NFO,13/08/2024,09:44:22,51233.5,51241.75,75,51254.35,45,0,52140
BANKNIFTY-III.NFO,13/08/2024,09:44:24,51233.5,51249.8,60,51259,15,0,52140
BANKNIFTY-III.NFO,13/08/2024,09:44:25,51233.5,51254.35,60,51259,15,0,52140
BANKNIFTY-III.NFO,13/08/2024,09:44:27,51233.5,51256.05,15,51259,15,0,52140
BANKNIFTY-III.NFO,13/08/2024,09:44:29,51233.5,51251.75,60,51259,15,0,52140
BANKNIFTY-III.NFO,13/08/2024,09:44:31,51259,51255.75,75,51260,15,15,52140
BANKNIFTY-III.NFO,13/08/2024,09:44:32,51260,51256.05,60,51267.1,45,15,52140
BANKNIFTY-III.NFO,13/08/2024,09:44:34,51260,51256.65,60,51268.3,45,0,52140
BANKNIFTY-III.NFO,13/08/2024,09:44:36,51260,51252.3,60,51266.2,30,0,52140
BANKNIFTY-III.NFO,13/08/2024,09:44:37,51260,51251.4,60,51267.8,30,0,52140
BANKNIFTY-III.NFO,13/08/2024,09:44:39,51260,51248.8,60,51261.3,30,15,52140
BANKNIFTY-III.NFO,13/08/2024,09:44:41,51260,51247.45,75,51260,30,0,52140
BANKNIFTY-III.NFO,13/08/2024,09:44:42,51260,51247,60,51260.7,30,0,52140
BANKNIFTY-III.NFO,13/08/2024,09:44:44,51260,51246.95,15,51264.95,30,0,52140
BANKNIFTY-III.NFO,13/08/2024,09:44:46,51260,51247,60,51265.2,30,0,52140
BANKNIFTY-III.NFO,13/08/2024,09:44:47,51260,51249.95,60,51264.15,30,0,52140
BANKNIFTY-III.NFO,13/08/2024,09:44:49,51260,51248.15,60,51264,30,0,52140
BANKNIFTY-III.NFO,13/08/2024,09:44:51,51260,51249.8,60,51264.95,30,0,52140
BANKNIFTY-III.NFO,13/08/2024,09:44:52,51260,51245.65,60,51257.4,30,0,52140
BANKNIFTY-III.NFO,13/08/2024,09:44:54,51260,51241.35,60,51254.1,45,0,52140
BANKNIFTY-III.NFO,13/08/2024,09:44:56,51260,51238.25,75,51250.5,30,0,52140
BANKNIFTY-III.NFO,13/08/2024,09:44:57,51260,51236.85,75,51249.3,30,0,52140
BANKNIFTY-III.NFO,13/08/2024,09:44:59,51260,51234.65,60,51248.85,30,0,52140
BANKNIFTY-III.NFO,13/08/2024,09:45:01,51260,51234.65,60,51252.85,30,0,52140
BANKNIFTY-III.NFO,13/08/2024,09:45:02,51260,51237.7,60,51254.95,30,0,52140
BANKNIFTY-III.NFO,13/08/2024,09:45:04,51260,51239.95,60,51253.05,30,0,52140
BANKNIFTY-III.NFO,13/08/2024,09:45:06,51260,51240.5,75,51251.95,30,0,52140
BANKNIFTY-III.NFO,13/08/2024,09:45:07,51260,51240.5,60,51254,30,0,52140
BANKNIFTY-III.NFO,13/08/2024,09:45:09,51260,51236.7,60,51252.05,30,0,52140
BANKNIFTY-III.NFO,13/08/2024,09:45:11,51260,51233.6,60,51246.9,30,0,52140
BANKNIFTY-III.NFO,13/08/2024,09:45:12,51260,51233.6,60,51246.6,30,0,52140
BANKNIFTY-III.NFO,13/08/2024,09:45:14,51260,51231.35,60,51244.9,30,0,52140
BANKNIFTY-III.NFO,13/08/2024,09:45:16,51260,51231.35,60,51247.3,30,0,52140
BANKNIFTY-III.NFO,13/08/2024,09:45:17,51260,51231.35,60,51245.4,30,0,52140
BANKNIFTY-III.NFO,13/08/2024,09:45:19,51260,51230.8,60,51245.9,30,0,52140
BANKNIFTY-III.NFO,13/08/2024,09:45:21,51260,51229.85,60,51244.35,30,0,52140
BANKNIFTY-III.NFO,13/08/2024,09:45:22,51225,51225,30,51231.6,45,45,52140
BANKNIFTY-III.NFO,13/08/2024,09:45:24,51225,51225,15,51231.5,30,0,52140
BANKNIFTY-III.NFO,13/08/2024,09:45:25,51225,51222.05,75,51231.3,15,15,52140
BANKNIFTY-III.NFO,13/08/2024,09:45:27,51225,51222.05,75,51235.7,45,0,52140
BANKNIFTY-III.NFO,13/08/2024,09:45:29,51225,51224.6,60,51240.65,30,0,52140
BANKNIFTY-III.NFO,13/08/2024,09:45:30,51225,51225.7,60,51238.95,15,0,52140
BANKNIFTY-III.NFO,13/08/2024,09:45:32,51225,51227.45,60,51240.1,45,0,52140
BANKNIFTY-III.NFO,13/08/2024,09:45:34,51225,51223.55,60,51237,30,0,52140
BANKNIFTY-III.NFO,13/08/2024,09:45:35,51225,51222.1,60,51235.95,30,0,52140
BANKNIFTY-III.NFO,13/08/2024,09:45:37,51225,51222.05,60,51235.35,30,0,52140
BANKNIFTY-III.NFO,13/08/2024,09:45:39,51225,51230,15,51235.3,30,0,52140
BANKNIFTY-III.NFO,13/08/2024,09:45:40,51230,51222.05,60,51233.2,30,15,52140
BANKNIFTY-III.NFO,13/08/2024,09:45:42,51230,51222.05,60,51237.7,30,0,52140
BANKNIFTY-III.NFO,13/08/2024,09:45:44,51230,51222.05,60,51234.95,30,0,52140
BANKNIFTY-III.NFO,13/08/2024,09:45:45,51230,51222.05,75,51233.45,45,0,52140
BANKNIFTY-III.NFO,13/08/2024,09:45:47,51230,51223.85,60,51235.85,30,0,52140
BANKNIFTY-III.NFO,13/08/2024,09:45:49,51235.9,51223.85,60,51236.3,30,15,52140
BANKNIFTY-III.NFO,13/08/2024,09:45:50,51235.9,51223.85,60,51238.15,30,0,52140
BANKNIFTY-III.NFO,13/08/2024,09:45:52,51235.9,51223.85,60,51239.2,30,0,52140
BANKNIFTY-III.NFO,13/08/2024,09:45:53,51235.9,51227.6,60,51242.55,30,0,52140
BANKNIFTY-III.NFO,13/08/2024,09:45:55,51235.9,51227.75,60,51242.25,15,0,52140
BANKNIFTY-III.NFO,13/08/2024,09:45:57,51235.9,51233.9,60,51249.75,30,0,52140
BANKNIFTY-III.NFO,13/08/2024,09:45:58,51235.9,51233.9,60,51249.85,30,0,52140
BANKNIFTY-III.NFO,13/08/2024,09:46:00,51235.9,51236.6,60,51250,15,0,52140
BANKNIFTY-III.NFO,13/08/2024,09:46:02,51235.9,51239,75,51249.95,30,0,52140
BANKNIFTY-III.NFO,13/08/2024,09:46:03,51235.9,51239.8,60,51250,15,0,52140
BANKNIFTY-III.NFO,13/08/2024,09:46:05,51235.9,51236.6,60,51250,15,0,52140
BANKNIFTY-III.NFO,13/08/2024,09:46:07,51235.9,51233.05,60,51246.2,30,0,52140
BANKNIFTY-III.NFO,13/08/2024,09:46:08,51235.9,51233.05,60,51249.75,30,0,52140
BANKNIFTY-III.NFO,13/08/2024,09:46:10,51249.75,51238.35,60,51250,15,15,52530
BANKNIFTY-III.NFO,13/08/2024,09:46:12,51249.75,51235.3,60,51249.85,15,0,52530
BANKNIFTY-III.NFO,13/08/2024,09:46:13,51249.75,51235.3,60,51249.95,15,0,52530
BANKNIFTY-III.NFO,13/08/2024,09:46:15,51249.75,51233.05,60,51247.95,15,0,52530
BANKNIFTY-III.NFO,13/08/2024,09:46:17,51249.75,51231,60,51235,105,0,52530
BANKNIFTY-III.NFO,13/08/2024,09:46:18,51249.75,51231,75,51235,105,0,52530
BANKNIFTY-III.NFO,13/08/2024,09:46:20,51249.75,51232.35,75,51235,105,0,52530
BANKNIFTY-III.NFO,13/08/2024,09:46:22,51235,51234.05,60,51249.65,15,105,52530
BANKNIFTY-III.NFO,13/08/2024,09:46:23,51248.3,51232.4,60,51249.65,15,30,52530
BANKNIFTY-III.NFO,13/08/2024,09:46:25,51248.3,51232.4,60,51249.6,30,0,52530
BANKNIFTY-III.NFO,13/08/2024,09:46:27,51248.3,51231.05,60,51248.3,15,0,52530
BANKNIFTY-III.NFO,13/08/2024,09:46:29,51248.3,51227.6,60,51242.2,150,0,52530
BANKNIFTY-III.NFO,13/08/2024,09:46:30,51248.3,51222.05,75,51236.35,15,0,52530
BANKNIFTY-III.NFO,13/08/2024,09:46:32,51248.3,51222.05,75,51240.15,15,0,52530
BANKNIFTY-III.NFO,13/08/2024,09:46:34,51248.3,51228,60,51248.1,150,0,52530
BANKNIFTY-III.NFO,13/08/2024,09:46:37,51248.3,51229.25,60,51246.8,15,0,52530
BANKNIFTY-III.NFO,13/08/2024,09:46:39,51248.3,51229.95,60,51246.8,15,0,52530
BANKNIFTY-III.NFO,13/08/2024,09:46:40,51246.8,51232.3,60,51249.1,15,15,52530
BANKNIFTY-III.NFO,13/08/2024,09:46:42,51247.7,51232.3,60,51247.5,15,15,52530
BANKNIFTY-III.NFO,13/08/2024,09:46:44,51247.7,51229.95,60,51246.6,15,0,52530
BANKNIFTY-III.NFO,13/08/2024,09:46:45,51247.7,51229.25,60,51245.1,15,0,52530
BANKNIFTY-III.NFO,13/08/2024,09:46:47,51247.7,51229.25,60,51244.8,150,0,52530
BANKNIFTY-III.NFO,13/08/2024,09:46:49,51247.7,51226.6,60,51242.55,150,0,52530
BANKNIFTY-III.NFO,13/08/2024,09:46:50,51247.7,51226.6,60,51241.2,150,0,52530
BANKNIFTY-III.NFO,13/08/2024,09:46:52,51247.7,51226.6,60,51241.3,150,0,52530
BANKNIFTY-III.NFO,13/08/2024,09:46:54,51247.7,51226.6,60,51242.6,150,0,52530
BANKNIFTY-III.NFO,13/08/2024,09:46:55,51247.7,51226.2,60,51242.25,150,0,52530
BANKNIFTY-III.NFO,13/08/2024,09:46:57,51247.7,51226.2,60,51242.2,150,0,52530
BANKNIFTY-III.NFO,13/08/2024,09:46:59,51247.7,51226.2,60,51241.05,150,0,52530
BANKNIFTY-III.NFO,13/08/2024,09:47:00,51247.7,51226.2,60,51240.5,150,0,52530
BANKNIFTY-III.NFO,13/08/2024,09:47:02,51247.7,51225.05,75,51242.7,15,0,52530
BANKNIFTY-III.NFO,13/08/2024,09:47:04,51247.7,51226,60,51240.45,150,0,52530
BANKNIFTY-III.NFO,13/08/2024,09:47:05,51247.7,51225.05,75,51240.25,15,0,52530
BANKNIFTY-III.NFO,13/08/2024,09:47:07,51247.7,51225.05,75,51238.8,15,0,52530
BANKNIFTY-III.NFO,13/08/2024,09:47:10,51247.7,51225.1,60,51242.7,15,0,52530
BANKNIFTY-III.NFO,13/08/2024,09:47:12,51247.7,51225.1,60,51240.15,150,0,52530
BANKNIFTY-III.NFO,13/08/2024,09:47:14,51247.7,51225.05,75,51240.05,15,0,52530
BANKNIFTY-III.NFO,13/08/2024,09:47:15,51247.7,51226.2,60,51244.7,75,0,52530
BANKNIFTY-III.NFO,13/08/2024,09:47:17,51247.7,51231.3,60,51247.55,15,0,52530
BANKNIFTY-III.NFO,13/08/2024,09:47:19,51247.7,51236.95,60,51247.6,15,0,52530
BANKNIFTY-III.NFO,13/08/2024,09:47:20,51247.7,51240.4,60,51247.6,15,0,52530
BANKNIFTY-III.NFO,13/08/2024,09:47:22,51247.6,51245.95,60,51250,15,15,52530
BANKNIFTY-III.NFO,13/08/2024,09:47:24,51247.6,51244.35,75,51250,15,0,52530
BANKNIFTY-III.NFO,13/08/2024,09:47:25,51250,51247.6,60,51259.75,15,15,52530
BANKNIFTY-III.NFO,13/08/2024,09:47:27,51250,51247.6,60,51260,270,0,52530
BANKNIFTY-III.NFO,13/08/2024,09:47:29,51250,51252.6,60,51260,270,0,52530
BANKNIFTY-III.NFO,13/08/2024,09:47:30,51250,51251.4,15,51260,270,0,52530
BANKNIFTY-III.NFO,13/08/2024,09:47:34,51250,51248.55,60,51259.9,30,0,52530
BANKNIFTY-III.NFO,13/08/2024,09:47:35,51250,51247.3,60,51259.95,15,0,52530
BANKNIFTY-III.NFO,13/08/2024,09:47:38,51250,51248.55,60,51259.85,15,0,52530
BANKNIFTY-III.NFO,13/08/2024,09:47:40,51250,51244.85,60,51259.85,15,0,52530
BANKNIFTY-III.NFO,13/08/2024,09:47:42,51250,51247.55,60,51259.75,15,0,52530
BANKNIFTY-III.NFO,13/08/2024,09:47:45,51250,51249.5,60,51259.75,15,0,52530
BANKNIFTY-III.NFO,13/08/2024,09:47:47,51250,51251.2,15,51259.75,15,0,52530
BANKNIFTY-III.NFO,13/08/2024,09:47:48,51250,51249.45,15,51259.75,15,0,52530
BANKNIFTY-III.NFO,13/08/2024,09:47:50,51250,51251.6,15,51259.75,15,0,52530
BANKNIFTY-III.NFO,13/08/2024,09:47:52,51250,51248.85,15,51259.75,15,0,52530
BANKNIFTY-III.NFO,13/08/2024,09:47:53,51250,51249.4,15,51259.75,15,0,52530
BANKNIFTY-III.NFO,13/08/2024,09:47:57,51250,51246.1,60,51259.75,15,0,52530
BANKNIFTY-III.NFO,13/08/2024,09:47:58,51250,51246.05,15,51259.95,15,0,52530
BANKNIFTY-III.NFO,13/08/2024,09:48:00,51241.05,51240.35,15,51257,30,30,52530
BANKNIFTY-III.NFO,13/08/2024,09:48:02,51241.05,51240.7,60,51256.7,30,0,52530
BANKNIFTY-III.NFO,13/08/2024,09:48:03,51241.05,51241.8,60,51256.4,30,0,52530
BANKNIFTY-III.NFO,13/08/2024,09:48:05,51241.05,51243.65,60,51256.2,30,0,52530
BANKNIFTY-III.NFO,13/08/2024,09:48:07,51241.05,51241.8,60,51255.9,30,0,52530
BANKNIFTY-III.NFO,13/08/2024,09:48:08,51241.05,51241.8,60,51255.6,30,0,52530
BANKNIFTY-III.NFO,13/08/2024,09:48:10,51255.5,51241.8,60,51255.3,15,15,52530
BANKNIFTY-III.NFO,13/08/2024,09:48:12,51255.5,51242.85,60,51251.05,15,0,52530
BANKNIFTY-III.NFO,13/08/2024,09:48:13,51251.05,51249.45,75,51259.75,15,15,52530
BANKNIFTY-III.NFO,13/08/2024,09:48:15,51251.05,51250.9,75,51260,270,0,52530
BANKNIFTY-III.NFO,13/08/2024,09:48:17,51251.05,51245.05,75,51259.95,15,0,52530
BANKNIFTY-III.NFO,13/08/2024,09:48:18,51251.05,51246.5,60,51259.95,15,0,52530
BANKNIFTY-III.NFO,13/08/2024,09:48:22,51251.05,51245.1,60,51259.55,15,0,52530
BANKNIFTY-III.NFO,13/08/2024,09:48:23,51251.05,51248.35,60,51259.35,15,0,52530
BANKNIFTY-III.NFO,13/08/2024,09:48:25,51251.05,51256.8,135,51260,270,0,52530
BANKNIFTY-III.NFO,13/08/2024,09:48:27,51260,51271.3,45,51275,15,270,52530
BANKNIFTY-III.NFO,13/08/2024,09:48:28,51278.05,51276,90,51281.95,60,30,52530
BANKNIFTY-III.NFO,13/08/2024,09:48:30,51278.05,51265.45,45,51281.45,60,0,52530
BANKNIFTY-III.NFO,13/08/2024,09:48:32,51278.05,51268.8,45,51281.95,60,0,52530
BANKNIFTY-III.NFO,13/08/2024,09:48:33,51291,51291.7,45,51299,60,45,52530
BANKNIFTY-III.NFO,13/08/2024,09:48:35,51291,51286.2,90,51298.55,60,0,52530
BANKNIFTY-III.NFO,13/08/2024,09:48:37,51291,51284.3,105,51295.5,60,0,52530
BANKNIFTY-III.NFO,13/08/2024,09:48:38,51291,51283.45,45,51295.1,60,0,52530
BANKNIFTY-III.NFO,13/08/2024,09:48:40,51291,51282.35,105,51294.7,60,0,52530
BANKNIFTY-III.NFO,13/08/2024,09:48:42,51291,51291,15,51298.65,75,0,52530
BANKNIFTY-III.NFO,13/08/2024,09:48:43,51291,51283.9,105,51297,75,15,52530
BANKNIFTY-III.NFO,13/08/2024,09:48:45,51282.75,51282.65,60,51294.9,75,45,52530
BANKNIFTY-III.NFO,13/08/2024,09:48:47,51282.75,51280.2,60,51294.5,60,0,52530
BANKNIFTY-III.NFO,13/08/2024,09:48:48,51282.75,51280.9,60,51293.9,60,0,52530
BANKNIFTY-III.NFO,13/08/2024,09:48:50,51282.75,51282.6,45,51290.3,15,0,52530
BANKNIFTY-III.NFO,13/08/2024,09:48:52,51282.75,51280.65,45,51293.75,75,0,52530
BANKNIFTY-III.NFO,13/08/2024,09:48:53,51282.75,51281.9,45,51292.3,75,0,52530
BANKNIFTY-III.NFO,13/08/2024,09:48:55,51282.75,51280,75,51293.8,60,0,52530
BANKNIFTY-III.NFO,13/08/2024,09:48:57,51282.75,51280.05,60,51292.65,75,0,52530
BANKNIFTY-III.NFO,13/08/2024,09:48:58,51282.75,51280.05,60,51293.1,60,0,52530
BANKNIFTY-III.NFO,13/08/2024,09:49:00,51282.75,51280.05,60,51292.5,60,0,52530
BANKNIFTY-III.NFO,13/08/2024,09:49:02,51282.75,51280.05,60,51291.6,60,0,52530
BANKNIFTY-III.NFO,13/08/2024,09:49:04,51282.75,51280.05,45,51291.45,60,0,52530
BANKNIFTY-III.NFO,13/08/2024,09:49:05,51282.75,51280.05,45,51291.25,75,0,52530
BANKNIFTY-III.NFO,13/08/2024,09:49:09,51282.75,51280,60,51288.65,60,0,52530
BANKNIFTY-III.NFO,13/08/2024,09:49:10,51280,51280,45,51287.95,60,15,52500
BANKNIFTY-III.NFO,13/08/2024,09:49:12,51280,51280,15,51285.95,60,30,52500
BANKNIFTY-III.NFO,13/08/2024,09:49:14,51280,51270.55,45,51285.35,75,15,52500
BANKNIFTY-III.NFO,13/08/2024,09:49:15,51280,51267.35,45,51283.8,60,0,52500
BANKNIFTY-III.NFO,13/08/2024,09:49:17,51280,51268.4,45,51283.1,60,0,52500
BANKNIFTY-III.NFO,13/08/2024,09:49:19,51280,51271.05,60,51282.55,15,0,52500
BANKNIFTY-III.NFO,13/08/2024,09:49:20,51280,51270.55,60,51282.05,15,0,52500
BANKNIFTY-III.NFO,13/08/2024,09:49:22,51270.55,51269.95,45,51281.7,15,15,52500
BANKNIFTY-III.NFO,13/08/2024,09:49:24,51270.55,51271.65,45,51281.35,15,0,52500
BANKNIFTY-III.NFO,13/08/2024,09:49:24,51270.55,51266.5,30,51281.1,60,0,52500
BANKNIFTY-III.NFO,13/08/2024,09:49:26,51270.55,51268.6,45,51278.6,30,0,52500
BANKNIFTY-III.NFO,13/08/2024,09:49:28,51270.55,51263.5,30,51278.15,60,0,52500
BANKNIFTY-III.NFO,13/08/2024,09:49:29,51270.55,51256.35,30,51273.15,60,0,52500
BANKNIFTY-III.NFO,13/08/2024,09:49:31,51270.55,51259.85,45,51271.05,30,0,52500
BANKNIFTY-III.NFO,13/08/2024,09:49:33,51270.55,51260.8,30,51270.85,30,0,52500
BANKNIFTY-III.NFO,13/08/2024,09:49:34,51270.55,51259.95,30,51270.4,75,0,52500
BANKNIFTY-III.NFO,13/08/2024,09:49:36,51270.55,51256.9,45,51269.6,60,0,52500
BANKNIFTY-III.NFO,13/08/2024,09:49:38,51270.55,51254.8,45,51268.9,60,0,52500
BANKNIFTY-III.NFO,13/08/2024,09:49:39,51268.5,51251.85,60,51268.3,60,15,52500
BANKNIFTY-III.NFO,13/08/2024,09:49:41,51268,51249.8,60,51266.95,60,15,52500
BANKNIFTY-III.NFO,13/08/2024,09:49:43,51268,51254,60,51262.5,30,0,52500
BANKNIFTY-III.NFO,13/08/2024,09:49:44,51268,51255.75,75,51266.05,60,0,52500
BANKNIFTY-III.NFO,13/08/2024,09:49:46,51268,51252.65,75,51265.55,60,0,52500
BANKNIFTY-III.NFO,13/08/2024,09:49:48,51268,51250.15,75,51259.55,15,0,52500
BANKNIFTY-III.NFO,13/08/2024,09:49:49,51268,51249.3,75,51259.1,15,0,52500
BANKNIFTY-III.NFO,13/08/2024,09:49:51,51268,51252.7,60,51258.65,15,0,52500
BANKNIFTY-III.NFO,13/08/2024,09:49:53,51268,51250.7,75,51258.55,15,0,52500
BANKNIFTY-III.NFO,13/08/2024,09:49:54,51268,51252.65,45,51258.2,15,0,52500
BANKNIFTY-III.NFO,13/08/2024,09:49:56,51268,51244.9,60,51257.9,30,0,52500
BANKNIFTY-III.NFO,13/08/2024,09:49:58,51268,51250.25,60,51257.7,15,0,52500
BANKNIFTY-III.NFO,13/08/2024,09:49:59,51251.25,51248.85,60,51257.4,15,15,52500
BANKNIFTY-III.NFO,13/08/2024,09:50:01,51251.25,51248.35,60,51256.85,15,0,52500
BANKNIFTY-III.NFO,13/08/2024,09:50:03,51251.25,51249.55,60,51256.55,15,0,52500
BANKNIFTY-III.NFO,13/08/2024,09:50:04,51252.1,51245.1,60,51256.3,15,30,52500
BANKNIFTY-III.NFO,13/08/2024,09:50:06,51252.1,51246.65,75,51258.05,30,0,52500
BANKNIFTY-III.NFO,13/08/2024,09:50:08,51252.1,51243.55,75,51257.9,60,0,52500
BANKNIFTY-III.NFO,13/08/2024,09:50:09,51252.1,51245.5,75,51258.2,30,0,52500
BANKNIFTY-III.NFO,13/08/2024,09:50:11,51252.1,51241.15,60,51256.6,60,0,52500
BANKNIFTY-III.NFO,13/08/2024,09:50:13,51252.1,51241.7,60,51256,60,0,52500
BANKNIFTY-III.NFO,13/08/2024,09:50:14,51252.1,51242.55,60,51255.6,60,0,52500
BANKNIFTY-III.NFO,13/08/2024,09:50:16,51252.1,51237.1,60,51253.45,60,0,52500
BANKNIFTY-III.NFO,13/08/2024,09:50:18,51252.1,51241.2,90,51253.3,15,0,52500
BANKNIFTY-III.NFO,13/08/2024,09:50:19,51252.1,51242.75,60,51253.2,15,15,52500
BANKNIFTY-III.NFO,13/08/2024,09:50:21,51252.1,51245,60,51257.35,75,0,52500
BANKNIFTY-III.NFO,13/08/2024,09:50:23,51252.1,51247,75,51252.1,15,0,52500
BANKNIFTY-III.NFO,13/08/2024,09:50:24,51252.1,51246.35,75,51252.1,15,0,52500
BANKNIFTY-III.NFO,13/08/2024,09:50:26,51252.1,51244.15,75,51250.3,15,0,52500
BANKNIFTY-III.NFO,13/08/2024,09:50:27,51252.1,51243.8,60,51250.3,15,0,52500
BANKNIFTY-III.NFO,13/08/2024,09:50:29,51252.1,51245.35,75,51250.3,15,0,52500
BANKNIFTY-III.NFO,13/08/2024,09:50:31,51252.1,51244,75,51250.3,15,0,52500
BANKNIFTY-III.NFO,13/08/2024,09:50:32,51252.1,51243.05,75,51250.3,15,0,52500
BANKNIFTY-III.NFO,13/08/2024,09:50:34,51252.1,51245.15,75,51250.3,15,0,52500
BANKNIFTY-III.NFO,13/08/2024,09:50:36,51252.1,51246.25,60,51250.3,15,0,52500
BANKNIFTY-III.NFO,13/08/2024,09:50:37,51252.1,51248.5,75,51250.3,15,0,52500
BANKNIFTY-III.NFO,13/08/2024,09:50:39,51252.1,51249.8,75,51250.3,15,0,52500
BANKNIFTY-III.NFO,13/08/2024,09:50:41,51252.1,51249.05,60,51250.3,15,0,52500
BANKNIFTY-III.NFO,13/08/2024,09:50:42,51252.1,51249.05,90,51250.3,15,0,52500
BANKNIFTY-III.NFO,13/08/2024,09:50:44,51250.3,51250.45,60,51252.1,15,15,52500
BANKNIFTY-III.NFO,13/08/2024,09:50:47,51250.3,51247.8,60,51252.1,15,0,52500
BANKNIFTY-III.NFO,13/08/2024,09:50:49,51250.3,51249.6,90,51252.1,15,0,52500
BANKNIFTY-III.NFO,13/08/2024,09:50:51,51252.1,51244.85,60,51259.75,60,15,52500
BANKNIFTY-III.NFO,13/08/2024,09:50:52,51252.1,51251.05,75,51261.7,75,0,52500
BANKNIFTY-III.NFO,13/08/2024,09:50:54,51252.1,51252.6,75,51264.65,75,0,52500
BANKNIFTY-III.NFO,13/08/2024,09:50:56,51252.1,51257.95,60,51269.3,15,0,52500
BANKNIFTY-III.NFO,13/08/2024,09:50:57,51252.1,51262.75,60,51277.4,75,0,52500
BANKNIFTY-III.NFO,13/08/2024,09:50:59,51252.1,51262.35,75,51274.3,60,0,52500
BANKNIFTY-III.NFO,13/08/2024,09:51:01,51252.1,51264.35,15,51277,60,0,52500
BANKNIFTY-III.NFO,13/08/2024,09:51:02,51252.1,51263.25,60,51276.5,75,0,52500
BANKNIFTY-III.NFO,13/08/2024,09:51:04,51252.1,51265.65,45,51277.35,75,0,52500
BANKNIFTY-III.NFO,13/08/2024,09:51:05,51252.1,51265.35,75,51276.65,75,0,52500
BANKNIFTY-III.NFO,13/08/2024,09:51:07,51252.1,51273.65,45,51279,60,0,52500
BANKNIFTY-III.NFO,13/08/2024,09:51:09,51279,51278.8,45,51285,15,60,52500
BANKNIFTY-III.NFO,13/08/2024,09:51:11,51279,51270.35,60,51284.95,75,0,52500
BANKNIFTY-III.NFO,13/08/2024,09:51:12,51279,51265.9,60,51284.45,60,0,52500
BANKNIFTY-III.NFO,13/08/2024,09:51:14,51279,51265.4,60,51282.85,60,0,52500
BANKNIFTY-III.NFO,13/08/2024,09:51:16,51279,51270.1,75,51281.55,75,0,52500
BANKNIFTY-III.NFO,13/08/2024,09:51:17,51279,51274.95,75,51284.65,60,0,52500
BANKNIFTY-III.NFO,13/08/2024,09:51:19,51279,51273.55,75,51284.95,75,0,52500
BANKNIFTY-III.NFO,13/08/2024,09:51:21,51279,51271.3,75,51284.95,75,0,52500
BANKNIFTY-III.NFO,13/08/2024,09:51:22,51279,51269.45,75,51284.85,60,0,52500
BANKNIFTY-III.NFO,13/08/2024,09:51:24,51279,51269.75,60,51284.8,60,0,52500
BANKNIFTY-III.NFO,13/08/2024,09:51:26,51279,51269.7,60,51284.3,60,0,52500
BANKNIFTY-III.NFO,13/08/2024,09:51:27,51279,51267.6,60,51283.7,60,0,52500
BANKNIFTY-III.NFO,13/08/2024,09:51:29,51279,51269.15,60,51282.85,60,0,52500
BANKNIFTY-III.NFO,13/08/2024,09:51:31,51279,51266.8,60,51282.05,60,0,52500
BANKNIFTY-III.NFO,13/08/2024,09:51:32,51279,51263.5,60,51281.35,75,0,52500
BANKNIFTY-III.NFO,13/08/2024,09:51:34,51279,51263.05,60,51278.75,75,0,52500
BANKNIFTY-III.NFO,13/08/2024,09:51:36,51278.05,51263.55,105,51277.95,45,15,52500
BANKNIFTY-III.NFO,13/08/2024,09:51:37,51278.05,51266.3,75,51277.25,60,0,52500
BANKNIFTY-III.NFO,13/08/2024,09:51:39,51278.05,51266.25,75,51276.9,15,0,52500
BANKNIFTY-III.NFO,13/08/2024,09:51:41,51278.05,51265.25,75,51276.15,60,0,52500
BANKNIFTY-III.NFO,13/08/2024,09:51:42,51278.05,51264.05,75,51275.6,45,0,52500
BANKNIFTY-III.NFO,13/08/2024,09:51:44,51278.05,51262.7,60,51275.1,60,0,52500
BANKNIFTY-III.NFO,13/08/2024,09:51:46,51278.05,51263.5,75,51274.4,15,0,52500
BANKNIFTY-III.NFO,13/08/2024,09:51:47,51278.05,51262.8,75,51273.9,60,0,52500
BANKNIFTY-III.NFO,13/08/2024,09:51:49,51278.05,51264.15,75,51273.55,15,0,52500
BANKNIFTY-III.NFO,13/08/2024,09:51:51,51278.05,51256.5,60,51273.05,45,0,52500
BANKNIFTY-III.NFO,13/08/2024,09:51:52,51278.05,51257.85,60,51272.55,45,0,52500
BANKNIFTY-III.NFO,13/08/2024,09:51:54,51278.05,51250.95,60,51267.35,45,0,52500
BANKNIFTY-III.NFO,13/08/2024,09:51:56,51278.05,51250.05,75,51265.6,45,0,52500
BANKNIFTY-III.NFO,13/08/2024,09:51:57,51278.05,51250.05,75,51265,45,0,52500
BANKNIFTY-III.NFO,13/08/2024,09:51:59,51264.7,51250.05,60,51261.2,15,30,52530
BANKNIFTY-III.NFO,13/08/2024,09:52:01,51261,51250,15,51258.9,30,15,52530
BANKNIFTY-III.NFO,13/08/2024,09:52:02,51261,51250,15,51258.6,15,0,52530
BANKNIFTY-III.NFO,13/08/2024,09:52:04,51261,51250,15,51258.3,45,0,52530
BANKNIFTY-III.NFO,13/08/2024,09:52:06,51261,51250,15,51258.2,15,0,52530
BANKNIFTY-III.NFO,13/08/2024,09:52:07,51261,51250,15,51255,15,0,52530
BANKNIFTY-III.NFO,13/08/2024,09:52:09,51261,51250,15,51254.95,15,0,52530
BANKNIFTY-III.NFO,13/08/2024,09:52:14,51250,51235.3,60,51251.35,15,15,52530
BANKNIFTY-III.NFO,13/08/2024,09:52:16,51250,51238.6,60,51254.9,30,0,52530
BANKNIFTY-III.NFO,13/08/2024,09:52:17,51250,51240.5,60,51254.95,30,0,52530
BANKNIFTY-III.NFO,13/08/2024,09:52:19,51250,51241.95,60,51254.85,30,0,52530
BANKNIFTY-III.NFO,13/08/2024,09:52:21,51250,51241.1,60,51253.65,30,0,52530
BANKNIFTY-III.NFO,13/08/2024,09:52:22,51250,51241.95,75,51249.95,15,0,52530
BANKNIFTY-III.NFO,13/08/2024,09:52:24,51250,51243.25,75,51250,15,0,52530
BANKNIFTY-III.NFO,13/08/2024,09:52:26,51250,51238.6,75,51250,45,0,52530
BANKNIFTY-III.NFO,13/08/2024,09:52:27,51250,51232.95,60,51245.1,165,0,52530
BANKNIFTY-III.NFO,13/08/2024,09:52:29,51250,51232.7,75,51246.65,15,0,52530
BANKNIFTY-III.NFO,13/08/2024,09:52:31,51250,51234.6,60,51249.8,30,0,52530
BANKNIFTY-III.NFO,13/08/2024,09:52:32,51250,51234.6,60,51249.05,15,0,52530
BANKNIFTY-III.NFO,13/08/2024,09:52:34,51250,51232.65,75,51245.75,15,0,52530
BANKNIFTY-III.NFO,13/08/2024,09:52:36,51250,51232.65,75,51247.4,15,0,52530
BANKNIFTY-III.NFO,13/08/2024,09:52:37,51250,51230,30,51232.2,150,0,52530
BANKNIFTY-III.NFO,13/08/2024,09:52:39,51250,51230.05,75,51242.75,150,0,52530
