Ticker,Date,Time,LTP,BuyPrice,BuyQty,SellPrice,SellQty,LTQ,OpenInterest
NIFTY-II.NFO,13/08/2024,09:15:02,24492,24479.2,125,24488.85,100,225,1366725
NIFTY-II.NFO,13/08/2024,09:15:02,24475,24479.2,125,24488.85,100,0,1366725
NIFTY-II.NFO,13/08/2024,09:15:02,24492.05,24479.2,125,24488.85,100,0,1366725
NIFTY-II.NFO,13/08/2024,09:15:02,24474.9,24479.2,125,24488.85,100,0,1366725
NIFTY-II.NFO,13/08/2024,09:15:04,24480,24475,75,24483.3,50,100,1366725
NIFTY-II.NFO,13/08/2024,09:15:05,24488.85,24482.55,125,24490.4,25,175,1366725
NIFTY-II.NFO,13/08/2024,09:15:07,24488.5,24481.65,100,24488.85,50,50,1366725
NIFTY-II.NFO,13/08/2024,09:15:08,24482.45,24482,25,24488.55,50,150,1366725
NIFTY-II.NFO,13/08/2024,09:15:09,24489.8,24478.9,100,24488.1,75,100,1366725
NIFTY-II.NFO,13/08/2024,09:15:11,24482.45,24478.3,100,24488,100,50,1366725
NIFTY-II.NFO,13/08/2024,09:15:12,24482.45,24476.05,100,24485.9,50,0,1366725
NIFTY-II.NFO,13/08/2024,09:15:14,24485.75,24476.05,100,24485.75,175,175,1366725
NIFTY-II.NFO,13/08/2024,09:15:15,24480,24476,25,24480,400,100,1366725
NIFTY-II.NFO,13/08/2024,09:15:17,24480,24476,25,24480,375,25,1366725
NIFTY-II.NFO,13/08/2024,09:15:19,24480,24475.05,100,24480,200,225,1366725
NIFTY-II.NFO,13/08/2024,09:15:20,24475.05,24475.05,100,24479.95,25,25,1366725
NIFTY-II.NFO,13/08/2024,09:15:22,24480,24479.05,125,24480,100,600,1366725
NIFTY-II.NFO,13/08/2024,09:15:23,24487.5,24484.6,300,24490.9,100,175,1366725
NIFTY-II.NFO,13/08/2024,09:15:25,24494.85,24488.75,100,24492.35,25,450,1366725
NIFTY-II.NFO,13/08/2024,09:15:25,24494.85,24488.75,100,24492.35,25,0,1366725
NIFTY-II.NFO,13/08/2024,09:15:26,24495.7,24490.65,100,24497.7,250,50,1366725
NIFTY-II.NFO,13/08/2024,09:15:26,24495.7,24490.65,100,24497.7,250,0,1366725
NIFTY-II.NFO,13/08/2024,09:15:28,24495.7,24488.3,100,24496.65,250,0,1366725
NIFTY-II.NFO,13/08/2024,09:15:29,24495.7,24488.8,100,24496.4,50,0,1366725
NIFTY-II.NFO,13/08/2024,09:15:31,24495.7,24490.6,25,24496.3,250,0,1366725
NIFTY-II.NFO,13/08/2024,09:15:33,24491.3,24495.7,25,24497.8,25,50,1366725
NIFTY-II.NFO,13/08/2024,09:15:33,24497.2,24495.7,25,24497.8,25,0,1366725
NIFTY-II.NFO,13/08/2024,09:15:34,24491.3,24495.7,50,24499.15,100,0,1366725
NIFTY-II.NFO,13/08/2024,09:15:36,24499.35,24495.7,50,24499.4,225,25,1366725
NIFTY-II.NFO,13/08/2024,09:15:36,24499.35,24495.7,50,24499.4,225,0,1366725
NIFTY-II.NFO,13/08/2024,09:15:37,24500,24495.75,175,24500.65,225,25,1366725
NIFTY-II.NFO,13/08/2024,09:15:37,24500,24495.75,175,24500.65,225,0,1366725
NIFTY-II.NFO,13/08/2024,09:15:39,24500,24498.7,100,24503.25,250,0,1366725
NIFTY-II.NFO,13/08/2024,09:15:40,24502.55,24498.85,175,24503.45,250,25,1366725
NIFTY-II.NFO,13/08/2024,09:15:40,24502.55,24498.85,175,24503.45,250,0,1366725
NIFTY-II.NFO,13/08/2024,09:15:42,24500.05,24500.75,100,24504.75,250,50,1366725
NIFTY-II.NFO,13/08/2024,09:15:44,24504.05,24500,100,24504.05,50,75,1366725
NIFTY-II.NFO,13/08/2024,09:15:44,24504.05,24500,100,24504.05,50,0,1366725
NIFTY-II.NFO,13/08/2024,09:15:45,24504.05,24500.7,75,24505.3,250,0,1366725
NIFTY-II.NFO,13/08/2024,09:15:47,24504.05,24500.05,175,24505.45,250,0,1366725
NIFTY-II.NFO,13/08/2024,09:15:48,24500,24500.25,250,24504,200,100,1366725
NIFTY-II.NFO,13/08/2024,09:15:48,24504.55,24500.25,250,24504,200,0,1366725
NIFTY-II.NFO,13/08/2024,09:15:50,24504,24500.05,100,24504,25,175,1366725
NIFTY-II.NFO,13/08/2024,09:15:51,24503.95,24502.05,250,24504,25,25,1366725
NIFTY-II.NFO,13/08/2024,09:15:53,24504,24503,325,24504,25,75,1367275
NIFTY-II.NFO,13/08/2024,09:15:55,24505,24506.3,300,24510,25,50,1367275
NIFTY-II.NFO,13/08/2024,09:15:55,24505,24506.3,300,24510,25,0,1367275
NIFTY-II.NFO,13/08/2024,09:15:56,24505,24504.05,250,24508.75,950,0,1367275
NIFTY-II.NFO,13/08/2024,09:15:58,24505,24502.35,200,24504.9,325,0,1367275
NIFTY-II.NFO,13/08/2024,09:15:59,24504.9,24500.05,175,24505.95,50,125,1367275
NIFTY-II.NFO,13/08/2024,09:16:01,24502.45,24501.25,150,24504.5,75,50,1367275
NIFTY-II.NFO,13/08/2024,09:16:03,24502.45,24500,350,24502.7,200,0,1367275
NIFTY-II.NFO,13/08/2024,09:16:04,24500,24495.7,50,24497.75,825,350,1367275
NIFTY-II.NFO,13/08/2024,09:16:06,24495.7,24496.95,150,24498.4,125,50,1367275
NIFTY-II.NFO,13/08/2024,09:16:07,24495.7,24493.05,100,24499.45,50,0,1367275
NIFTY-II.NFO,13/08/2024,09:16:09,24495.7,24495.3,150,24497.45,50,0,1367275
NIFTY-II.NFO,13/08/2024,09:16:10,24497.5,24495.7,25,24497,775,100,1367275
NIFTY-II.NFO,13/08/2024,09:16:12,24497.5,24495.7,25,24496.9,125,0,1367275
NIFTY-II.NFO,13/08/2024,09:16:14,24496.5,24495.7,25,24496.9,125,25,1367275
NIFTY-II.NFO,13/08/2024,09:16:15,24496.5,24495.7,25,24496.65,200,0,1367275
NIFTY-II.NFO,13/08/2024,09:16:17,24495,24493,25,24493.45,50,75,1367275
NIFTY-II.NFO,13/08/2024,09:16:18,24495,24493,25,24494.2,125,0,1367275
NIFTY-II.NFO,13/08/2024,09:16:20,24493,24488.5,150,24491.05,50,25,1367275
NIFTY-II.NFO,13/08/2024,09:16:21,24490,24485.1,150,24488.15,50,200,1367275
NIFTY-II.NFO,13/08/2024,09:16:23,24490,24485,150,24488.15,50,0,1367275
NIFTY-II.NFO,13/08/2024,09:16:25,24484.75,24480.7,100,24485.35,50,75,1367275
NIFTY-II.NFO,13/08/2024,09:16:26,24485.35,24482.55,150,24485.1,50,25,1367275
NIFTY-II.NFO,13/08/2024,09:16:28,24485.35,24483.45,150,24486.5,25,0,1367275
NIFTY-II.NFO,13/08/2024,09:16:29,24485.35,24482.65,150,24485.8,25,0,1367275
NIFTY-II.NFO,13/08/2024,09:16:31,24485.35,24482.95,150,24485.3,25,0,1367275
NIFTY-II.NFO,13/08/2024,09:16:33,24485.35,24483.05,150,24485.3,25,0,1367275
NIFTY-II.NFO,13/08/2024,09:16:34,24480.1,24481.15,150,24483.9,25,50,1367275
NIFTY-II.NFO,13/08/2024,09:16:36,24480.1,24482.15,350,24484.6,175,0,1367275
NIFTY-II.NFO,13/08/2024,09:16:37,24484.4,24482.3,150,24484.2,25,25,1367275
NIFTY-II.NFO,13/08/2024,09:16:39,24481.05,24480,250,24483.35,50,525,1367275
NIFTY-II.NFO,13/08/2024,09:16:40,24477.45,24477.05,100,24481.75,125,300,1367275
NIFTY-II.NFO,13/08/2024,09:16:42,24477.5,24477,25,24480,550,375,1367275
NIFTY-II.NFO,13/08/2024,09:16:44,24480,24477,25,24479.75,100,150,1367275
NIFTY-II.NFO,13/08/2024,09:16:45,24480,24477,25,24479.55,100,0,1367275
NIFTY-II.NFO,13/08/2024,09:16:47,24475,24475,350,24478.5,125,600,1367275
NIFTY-II.NFO,13/08/2024,09:16:48,24478.5,24475,350,24479.05,375,25,1367275
NIFTY-II.NFO,13/08/2024,09:16:50,24478.5,24475,375,24478.1,125,0,1367275
NIFTY-II.NFO,13/08/2024,09:16:52,24478.5,24475,500,24478.15,225,0,1367275
NIFTY-II.NFO,13/08/2024,09:16:53,24478.15,24475,875,24479.45,75,50,1367275
NIFTY-II.NFO,13/08/2024,09:16:55,24478.15,24475.05,175,24480,350,0,1367275
NIFTY-II.NFO,13/08/2024,09:16:56,24480,24478.15,25,24480,325,25,1367275
NIFTY-II.NFO,13/08/2024,09:16:58,24478.15,24475,275,24477.85,100,25,1367275
NIFTY-II.NFO,13/08/2024,09:17:00,24477.85,24475,250,24478.6,150,50,1367275
NIFTY-II.NFO,13/08/2024,09:17:01,24472.05,24470.8,100,24476.8,125,325,1367275
NIFTY-II.NFO,13/08/2024,09:17:01,24472.05,24470.8,100,24476.8,125,0,1367275
NIFTY-II.NFO,13/08/2024,09:17:03,24472.05,24472.55,100,24477.15,200,0,1367275
NIFTY-II.NFO,13/08/2024,09:17:04,24472.05,24474.05,100,24478,200,0,1367275
NIFTY-II.NFO,13/08/2024,09:17:06,24472.05,24475.05,175,24478,200,0,1367275
NIFTY-II.NFO,13/08/2024,09:17:07,24472.05,24475.3,100,24478,200,0,1367275
NIFTY-II.NFO,13/08/2024,09:17:09,24478,24475.35,100,24478,150,50,1367275
NIFTY-II.NFO,13/08/2024,09:17:11,24478,24475.25,50,24478,150,0,1367275
NIFTY-II.NFO,13/08/2024,09:17:12,24475.15,24475.3,50,24478,125,325,1367275
NIFTY-II.NFO,13/08/2024,09:17:14,24475.15,24475.35,100,24478,125,0,1367275
NIFTY-II.NFO,13/08/2024,09:17:15,24475.35,24475.35,75,24478,125,25,1367275
NIFTY-II.NFO,13/08/2024,09:17:17,24478,24477.35,125,24480,425,125,1367275
NIFTY-II.NFO,13/08/2024,09:17:18,24478,24477.35,425,24480,425,0,1367275
NIFTY-II.NFO,13/08/2024,09:17:20,24477.35,24478,100,24480,425,150,1367275
NIFTY-II.NFO,13/08/2024,09:17:22,24477.35,24478,100,24480,425,0,1367275
NIFTY-II.NFO,13/08/2024,09:17:23,24477.35,24478,500,24480,425,0,1367275
NIFTY-II.NFO,13/08/2024,09:17:25,24480,24478.25,325,24480,375,50,1367275
NIFTY-II.NFO,13/08/2024,09:17:26,24480,24478.05,425,24480,375,0,1367275
NIFTY-II.NFO,13/08/2024,09:17:28,24480,24478.05,350,24480,400,0,1367275
NIFTY-II.NFO,13/08/2024,09:17:29,24480,24478.05,350,24480,375,25,1367275
NIFTY-II.NFO,13/08/2024,09:17:31,24478.05,24478,425,24480,375,25,1367275
NIFTY-II.NFO,13/08/2024,09:17:33,24478,24478,375,24480,375,25,1367275
NIFTY-II.NFO,13/08/2024,09:17:34,24480,24478,375,24480,350,25,1367275
NIFTY-II.NFO,13/08/2024,09:17:36,24478,24478,350,24480,325,75,1367275
NIFTY-II.NFO,13/08/2024,09:17:37,24480,24478.6,325,24480,300,25,1367275
NIFTY-II.NFO,13/08/2024,09:17:39,24480,24481.7,425,24484.15,25,300,1367275
NIFTY-II.NFO,13/08/2024,09:17:40,24480,24482.55,425,24485,50,0,1367275
NIFTY-II.NFO,13/08/2024,09:17:42,24482.55,24481.75,50,24485,50,500,1367275
NIFTY-II.NFO,13/08/2024,09:17:44,24481.7,24482.55,425,24485,25,125,1367275
NIFTY-II.NFO,13/08/2024,09:17:45,24481.7,24482.55,75,24485,75,0,1367275
NIFTY-II.NFO,13/08/2024,09:17:47,24481.7,24482.55,350,24485,100,0,1367275
NIFTY-II.NFO,13/08/2024,09:17:50,24481.7,24482.55,350,24485,125,0,1367275
NIFTY-II.NFO,13/08/2024,09:17:53,24481.7,24482.55,350,24484.5,25,0,1367275
NIFTY-II.NFO,13/08/2024,09:17:55,24481.7,24482.55,350,24484.45,25,0,1367275
NIFTY-II.NFO,13/08/2024,09:17:56,24482.55,24481.8,350,24484.05,100,50,1367275
NIFTY-II.NFO,13/08/2024,09:17:58,24482.5,24480.1,350,24482.45,175,125,1367275
NIFTY-II.NFO,13/08/2024,09:17:59,24482.5,24480.1,350,24483,125,0,1367275
NIFTY-II.NFO,13/08/2024,09:18:01,24480.1,24480.1,350,24482.2,175,25,1367275
NIFTY-II.NFO,13/08/2024,09:18:03,24483.65,24480.1,350,24484.3,175,25,1367275
NIFTY-II.NFO,13/08/2024,09:18:04,24485,24480.1,175,24485,100,425,1367275
NIFTY-II.NFO,13/08/2024,09:18:06,24485,24480.1,175,24484.95,50,0,1367275
NIFTY-II.NFO,13/08/2024,09:18:07,24485,24480.1,100,24484.55,100,0,1367275
NIFTY-II.NFO,13/08/2024,09:18:09,24483.65,24482.55,25,24484.95,25,75,1367275
NIFTY-II.NFO,13/08/2024,09:18:11,24485,24482.55,25,24484.95,25,25,1367275
NIFTY-II.NFO,13/08/2024,09:18:12,24484.95,24482.55,25,24485,100,25,1367275
NIFTY-II.NFO,13/08/2024,09:18:14,24484.95,24483.65,50,24485,100,0,1367275
NIFTY-II.NFO,13/08/2024,09:18:17,24483.65,24483.65,25,24485,100,25,1367275
NIFTY-II.NFO,13/08/2024,09:18:19,24483.65,24483.65,25,24485,100,0,1367275
NIFTY-II.NFO,13/08/2024,09:18:22,24483.65,24483.65,50,24485,100,0,1367275
NIFTY-II.NFO,13/08/2024,09:18:23,24485,24484,50,24485,50,100,1367275
NIFTY-II.NFO,13/08/2024,09:18:25,24485,24484,50,24485,25,25,1367275
NIFTY-II.NFO,13/08/2024,09:18:26,24485,24484,50,24485,25,0,1367275
NIFTY-II.NFO,13/08/2024,09:18:28,24485,24484.05,175,24488,50,25,1367275
NIFTY-II.NFO,13/08/2024,09:18:30,24485,24485.15,175,24488,50,0,1367275
NIFTY-II.NFO,13/08/2024,09:18:31,24488,24485.75,175,24488,25,25,1367275
NIFTY-II.NFO,13/08/2024,09:18:33,24488,24486.65,150,24491.85,75,25,1367275
NIFTY-II.NFO,13/08/2024,09:18:34,24488,24487.4,175,24492.3,75,0,1367275
NIFTY-II.NFO,13/08/2024,09:18:36,24486.85,24487.5,175,24492.25,25,25,1367275
NIFTY-II.NFO,13/08/2024,09:18:38,24486.85,24486.5,175,24492,25,0,1367275
NIFTY-II.NFO,13/08/2024,09:18:39,24486.85,24486.65,175,24492.1,50,0,1367275
NIFTY-II.NFO,13/08/2024,09:18:41,24486.65,24485.05,175,24491,125,25,1367275
NIFTY-II.NFO,13/08/2024,09:18:42,24491.05,24485.1,150,24491.45,150,75,1367275
NIFTY-II.NFO,13/08/2024,09:18:44,24491.05,24487.1,100,24492.3,25,0,1367275
NIFTY-II.NFO,13/08/2024,09:18:46,24491.05,24489.05,100,24493.2,25,0,1367275
NIFTY-II.NFO,13/08/2024,09:18:47,24491.05,24491.1,100,24496.5,100,0,1367275
NIFTY-II.NFO,13/08/2024,09:18:49,24491.05,24491.1,100,24496.2,100,0,1367275
NIFTY-II.NFO,13/08/2024,09:18:50,24497.4,24495,25,24497.4,75,25,1367275
NIFTY-II.NFO,13/08/2024,09:18:52,24495,24489.85,175,24496.15,200,25,1367275
NIFTY-II.NFO,13/08/2024,09:18:54,24494.55,24489.3,175,24494.55,75,50,1371000
NIFTY-II.NFO,13/08/2024,09:18:55,24495.5,24492,25,24495.6,125,50,1371000
NIFTY-II.NFO,13/08/2024,09:18:57,24495.6,24492,25,24495.85,50,50,1371000
NIFTY-II.NFO,13/08/2024,09:18:58,24490.7,24490.25,800,24495.6,250,325,1371000
NIFTY-II.NFO,13/08/2024,09:19:00,24490.7,24490,50,24491.9,25,0,1371000
NIFTY-II.NFO,13/08/2024,09:19:02,24490,24487,750,24491.05,25,50,1371000
NIFTY-II.NFO,13/08/2024,09:19:03,24491.05,24487,750,24490,25,25,1371000
NIFTY-II.NFO,13/08/2024,09:19:05,24490,24487.55,350,24490.1,125,100,1371000
NIFTY-II.NFO,13/08/2024,09:19:06,24490,24487.15,350,24489.6,100,0,1371000
NIFTY-II.NFO,13/08/2024,09:19:08,24490,24487.15,350,24488.9,25,0,1371000
NIFTY-II.NFO,13/08/2024,09:19:10,24489.05,24485.05,350,24488.75,175,50,1371000
NIFTY-II.NFO,13/08/2024,09:19:11,24489.05,24485.05,350,24487.2,25,0,1371000
NIFTY-II.NFO,13/08/2024,09:19:13,24489.05,24485.05,350,24487.15,100,0,1371000
NIFTY-II.NFO,13/08/2024,09:19:14,24489.05,24487.5,350,24490.3,100,0,1371000
NIFTY-II.NFO,13/08/2024,09:19:16,24485,24486.4,350,24488.85,150,75,1371000
NIFTY-II.NFO,13/08/2024,09:19:18,24485,24485.05,350,24487.7,175,0,1371000
NIFTY-II.NFO,13/08/2024,09:19:19,24485,24485.05,350,24487.7,100,0,1371000
NIFTY-II.NFO,13/08/2024,09:19:21,24485,24485.05,350,24487.25,175,0,1371000
NIFTY-II.NFO,13/08/2024,09:19:22,24486.15,24482.25,350,24486.3,225,275,1371000
NIFTY-II.NFO,13/08/2024,09:19:24,24486.15,24482.25,350,24485.85,100,0,1371000
NIFTY-II.NFO,13/08/2024,09:19:26,24486.15,24483.8,350,24486.25,75,0,1371000
NIFTY-II.NFO,13/08/2024,09:19:27,24486.15,24483.8,350,24486.15,50,0,1371000
NIFTY-II.NFO,13/08/2024,09:19:29,24487,24483.8,350,24486.15,75,1025,1371000
NIFTY-II.NFO,13/08/2024,09:19:31,24486.15,24483.8,350,24486.15,25,50,1371000
NIFTY-II.NFO,13/08/2024,09:19:32,24486.15,24483.8,350,24486.1,25,0,1371000
NIFTY-II.NFO,13/08/2024,09:19:34,24486.15,24483.8,350,24486,50,0,1371000
NIFTY-II.NFO,13/08/2024,09:19:36,24485.8,24480.3,175,24485.3,100,75,1371000
NIFTY-II.NFO,13/08/2024,09:19:37,24485.8,24481.55,175,24485.75,25,0,1371000
NIFTY-II.NFO,13/08/2024,09:19:39,24485.8,24483.35,350,24486.15,25,0,1371000
NIFTY-II.NFO,13/08/2024,09:19:41,24485,24484.6,350,24487.5,50,25,1371000
NIFTY-II.NFO,13/08/2024,09:19:42,24485,24484.6,350,24488,50,0,1371000
NIFTY-II.NFO,13/08/2024,09:19:44,24485,24481.4,350,24485.65,175,0,1371000
NIFTY-II.NFO,13/08/2024,09:19:46,24485,24483.55,350,24486.05,100,0,1371000
NIFTY-II.NFO,13/08/2024,09:19:47,24485,24483.55,350,24485.8,50,0,1371000
NIFTY-II.NFO,13/08/2024,09:19:49,24485,24483.55,350,24484.6,25,0,1371000
NIFTY-II.NFO,13/08/2024,09:19:51,24484.6,24483.55,350,24485,25,25,1371000
NIFTY-II.NFO,13/08/2024,09:19:52,24484.6,24484.2,350,24485,25,0,1371000
NIFTY-II.NFO,13/08/2024,09:19:54,24484.6,24484.15,350,24485,25,0,1371000
NIFTY-II.NFO,13/08/2024,09:19:56,24486.8,24484.15,350,24485.85,250,125,1371000
NIFTY-II.NFO,13/08/2024,09:19:57,24486.8,24484.15,350,24486.45,250,0,1371000
NIFTY-II.NFO,13/08/2024,09:19:59,24484.15,24483,350,24485.1,150,425,1371000
NIFTY-II.NFO,13/08/2024,09:20:01,24478,24477.6,350,24480,150,300,1371000
NIFTY-II.NFO,13/08/2024,09:20:02,24478,24477.6,350,24480,75,0,1371000
NIFTY-II.NFO,13/08/2024,09:20:04,24478,24476.05,350,24480,150,0,1371000
NIFTY-II.NFO,13/08/2024,09:20:06,24478,24476.05,350,24478.7,75,0,1371000
NIFTY-II.NFO,13/08/2024,09:20:07,24478,24476.05,350,24478.65,125,0,1371000
NIFTY-II.NFO,13/08/2024,09:20:09,24478,24476.05,350,24478.7,25,0,1371000
NIFTY-II.NFO,13/08/2024,09:20:11,24479.25,24476.05,350,24478.9,25,50,1371000
NIFTY-II.NFO,13/08/2024,09:20:12,24478.75,24476.05,350,24478.7,250,75,1371000
NIFTY-II.NFO,13/08/2024,09:20:14,24472.55,24472.55,350,24474.95,125,1025,1371000
NIFTY-II.NFO,13/08/2024,09:20:14,24471,24472.55,350,24474.95,125,0,1371000
NIFTY-II.NFO,13/08/2024,09:20:15,24472.55,24472,350,24475.25,150,0,1371000
NIFTY-II.NFO,13/08/2024,09:20:17,24475,24472.6,350,24475.15,50,50,1371000
NIFTY-II.NFO,13/08/2024,09:20:19,24475,24472.55,25,24475.3,150,250,1371000
NIFTY-II.NFO,13/08/2024,09:20:20,24475,24472.75,350,24476.15,250,0,1371000
NIFTY-II.NFO,13/08/2024,09:20:22,24472.8,24472.55,25,24475.05,100,25,1371000
NIFTY-II.NFO,13/08/2024,09:20:24,24470,24470,425,24471.05,75,125,1371000
NIFTY-II.NFO,13/08/2024,09:20:24,24470,24470,425,24471.05,75,0,1371000
NIFTY-II.NFO,13/08/2024,09:20:25,24470,24470,400,24472,25,25,1371000
NIFTY-II.NFO,13/08/2024,09:20:27,24472.2,24472.2,350,24475,50,25,1371000
NIFTY-II.NFO,13/08/2024,09:20:29,24472.2,24472.1,100,24475,50,0,1371000
NIFTY-II.NFO,13/08/2024,09:20:30,24472.65,24472.65,75,24475,50,25,1371000
NIFTY-II.NFO,13/08/2024,09:20:32,24472.65,24472.65,50,24475,50,25,1371000
NIFTY-II.NFO,13/08/2024,09:20:34,24476.1,24475,350,24478.15,150,175,1371000
NIFTY-II.NFO,13/08/2024,09:20:35,24475,24470.8,350,24474.75,175,25,1371000
NIFTY-II.NFO,13/08/2024,09:20:37,24475,24470.05,350,24472.65,25,0,1371000
NIFTY-II.NFO,13/08/2024,09:20:39,24472.65,24474.55,350,24477.2,175,50,1371000
NIFTY-II.NFO,13/08/2024,09:20:40,24476.65,24473.6,350,24477.1,375,25,1371000
NIFTY-II.NFO,13/08/2024,09:20:42,24476.65,24472.9,375,24476.25,25,50,1371000
NIFTY-II.NFO,13/08/2024,09:20:44,24476.65,24476.15,350,24478.85,25,0,1371000
NIFTY-II.NFO,13/08/2024,09:20:45,24476.15,24475.4,350,24478.65,100,25,1371000
NIFTY-II.NFO,13/08/2024,09:20:47,24476.15,24474.6,350,24478.05,150,0,1371000
NIFTY-II.NFO,13/08/2024,09:20:49,24476.15,24475,25,24476.4,25,0,1371000
NIFTY-II.NFO,13/08/2024,09:20:50,24473.55,24475,25,24476.15,25,75,1371000
NIFTY-II.NFO,13/08/2024,09:20:52,24475,24473.6,350,24476.9,150,25,1371000
NIFTY-II.NFO,13/08/2024,09:20:54,24478.45,24474.8,350,24478.65,175,25,1371000
NIFTY-II.NFO,13/08/2024,09:20:55,24478.45,24476.3,350,24480.4,150,0,1371000
NIFTY-II.NFO,13/08/2024,09:20:57,24478.45,24477.2,350,24481.15,250,0,1371000
NIFTY-II.NFO,13/08/2024,09:20:59,24478.45,24477.9,350,24481.3,250,0,1371000
NIFTY-II.NFO,13/08/2024,09:21:00,24478.45,24476.15,25,24478.55,150,0,1371000
NIFTY-II.NFO,13/08/2024,09:21:02,24476.15,24474,50,24478.05,225,25,1371000
NIFTY-II.NFO,13/08/2024,09:21:04,24478.05,24476.85,125,24478.45,75,25,1371000
NIFTY-II.NFO,13/08/2024,09:21:05,24474.35,24475.4,50,24478.45,75,300,1371000
NIFTY-II.NFO,13/08/2024,09:21:07,24478.4,24475.4,50,24478.45,75,25,1371000
NIFTY-II.NFO,13/08/2024,09:21:09,24478.4,24475.6,25,24478.45,75,0,1371000
NIFTY-II.NFO,13/08/2024,09:21:10,24480,24480.7,25,24484.15,250,200,1371000
NIFTY-II.NFO,13/08/2024,09:21:12,24485.45,24481.95,50,24485.45,150,25,1371000
NIFTY-II.NFO,13/08/2024,09:21:14,24481.95,24484.4,50,24487.45,100,25,1371000
NIFTY-II.NFO,13/08/2024,09:21:15,24481.95,24485.45,25,24487.45,25,0,1371000
NIFTY-II.NFO,13/08/2024,09:21:17,24485.45,24483.75,50,24487.4,75,50,1371000
NIFTY-II.NFO,13/08/2024,09:21:19,24485.45,24483.9,50,24487.35,25,0,1371000
NIFTY-II.NFO,13/08/2024,09:21:20,24483.95,24484,50,24487.3,150,75,1371000
NIFTY-II.NFO,13/08/2024,09:21:22,24487.05,24482,50,24485.5,225,50,1371000
NIFTY-II.NFO,13/08/2024,09:21:24,24482,24482,50,24485.45,150,25,1371000
NIFTY-II.NFO,13/08/2024,09:21:25,24485.45,24481.95,25,24484.55,75,25,1371000
NIFTY-II.NFO,13/08/2024,09:21:27,24481.05,24481.05,50,24484.7,100,75,1371000
NIFTY-II.NFO,13/08/2024,09:21:29,24481.05,24481,25,24483.55,175,25,1371000
NIFTY-II.NFO,13/08/2024,09:21:30,24481.05,24481,50,24484.1,100,0,1371000
NIFTY-II.NFO,13/08/2024,09:21:32,24481,24480,25,24482.95,50,25,1371000
NIFTY-II.NFO,13/08/2024,09:21:34,24481,24480,25,24481.55,50,0,1371000
NIFTY-II.NFO,13/08/2024,09:21:35,24480,24475.05,100,24480.5,175,25,1371000
NIFTY-II.NFO,13/08/2024,09:21:37,24481.05,24478.4,25,24481.55,100,100,1371000
NIFTY-II.NFO,13/08/2024,09:21:39,24478.4,24478,25,24479.55,125,25,1371000
NIFTY-II.NFO,13/08/2024,09:21:40,24479.85,24478,25,24479.9,50,25,1371000
NIFTY-II.NFO,13/08/2024,09:21:42,24478.8,24475,150,24479.1,100,50,1371000
NIFTY-II.NFO,13/08/2024,09:21:44,24478.8,24475,150,24479.65,25,0,1371000
NIFTY-II.NFO,13/08/2024,09:21:45,24478.8,24478.4,125,24480,50,0,1371000
NIFTY-II.NFO,13/08/2024,09:21:47,24483.7,24479.7,125,24484,125,150,1371000
NIFTY-II.NFO,13/08/2024,09:21:49,24483.7,24477.35,100,24483.25,300,0,1371000
NIFTY-II.NFO,13/08/2024,09:21:50,24483.7,24479.95,125,24482.5,25,0,1371000
NIFTY-II.NFO,13/08/2024,09:21:52,24483.7,24477.35,250,24482.35,100,0,1371000
NIFTY-II.NFO,13/08/2024,09:21:54,24483.7,24475.4,125,24479.55,25,0,1371000
NIFTY-II.NFO,13/08/2024,09:21:55,24478.4,24475.05,25,24477.9,100,25,1374350
NIFTY-II.NFO,13/08/2024,09:21:57,24478.4,24475.35,25,24478.65,325,0,1374350
NIFTY-II.NFO,13/08/2024,09:21:59,24478.4,24476.8,25,24480.3,50,0,1374350
NIFTY-II.NFO,13/08/2024,09:22:00,24478.4,24480,125,24482.5,50,0,1374350
NIFTY-II.NFO,13/08/2024,09:22:02,24478.4,24480.3,50,24482.5,25,0,1374350
NIFTY-II.NFO,13/08/2024,09:22:04,24478.4,24480.35,125,24482.45,25,0,1374350
NIFTY-II.NFO,13/08/2024,09:22:05,24485,24484.8,50,24487.45,50,100,1374350
NIFTY-II.NFO,13/08/2024,09:22:07,24485,24484,50,24487.4,50,0,1374350
NIFTY-II.NFO,13/08/2024,09:22:09,24485,24484.7,50,24487.45,25,0,1374350
NIFTY-II.NFO,13/08/2024,09:22:10,24485.25,24485.25,50,24488,25,50,1374350
NIFTY-II.NFO,13/08/2024,09:22:12,24485.25,24485.2,50,24488,25,50,1374350
NIFTY-II.NFO,13/08/2024,09:22:14,24485.25,24485.2,50,24487.8,50,0,1374350
NIFTY-II.NFO,13/08/2024,09:22:15,24484.6,24486,25,24488.2,50,75,1374350
NIFTY-II.NFO,13/08/2024,09:22:17,24484.6,24484.6,50,24488,50,0,1374350
NIFTY-II.NFO,13/08/2024,09:22:19,24484.6,24484,50,24486.7,25,0,1374350
NIFTY-II.NFO,13/08/2024,09:22:20,24486.95,24484,50,24487.1,175,25,1374350
NIFTY-II.NFO,13/08/2024,09:22:22,24486.95,24484,50,24487.15,150,0,1374350
NIFTY-II.NFO,13/08/2024,09:22:24,24486.95,24482.5,50,24485,25,0,1374350
NIFTY-II.NFO,13/08/2024,09:22:24,24486.95,24482.2,50,24485,25,0,1374350
NIFTY-II.NFO,13/08/2024,09:22:29,24485,24482.4,50,24486,50,25,1374350
NIFTY-II.NFO,13/08/2024,09:22:30,24485,24484,50,24486.65,25,0,1374350
NIFTY-II.NFO,13/08/2024,09:22:32,24486.6,24484,50,24486.65,25,50,1374350
NIFTY-II.NFO,13/08/2024,09:22:34,24487.5,24486.8,50,24489.45,25,150,1374350
NIFTY-II.NFO,13/08/2024,09:22:35,24487.5,24486.8,50,24490.25,50,0,1374350
NIFTY-II.NFO,13/08/2024,09:22:37,24487.5,24486.8,50,24490.2,125,0,1374350
NIFTY-II.NFO,13/08/2024,09:22:39,24486.8,24486.8,50,24490.2,25,50,1374350
NIFTY-II.NFO,13/08/2024,09:22:40,24486.8,24486.8,50,24490.2,25,0,1374350
NIFTY-II.NFO,13/08/2024,09:22:44,24488,24487.55,50,24490.2,25,25,1374350
NIFTY-II.NFO,13/08/2024,09:22:45,24488,24489.6,50,24492.45,275,0,1374350
NIFTY-II.NFO,13/08/2024,09:22:47,24488.35,24487.75,25,24490.7,50,75,1374350
NIFTY-II.NFO,13/08/2024,09:22:49,24487.75,24487.75,25,24490.75,25,50,1374350
NIFTY-II.NFO,13/08/2024,09:22:50,24490.75,24487.75,25,24490.9,25,25,1374350
NIFTY-II.NFO,13/08/2024,09:22:52,24490.75,24491.2,25,24494.35,50,0,1374350
NIFTY-II.NFO,13/08/2024,09:22:54,24495,24495.45,125,24497.5,25,125,1374350
NIFTY-II.NFO,13/08/2024,09:22:55,24497.5,24496.55,50,24499,25,25,1374350
NIFTY-II.NFO,13/08/2024,09:22:57,24497.5,24496.15,50,24499,25,0,1374350
NIFTY-II.NFO,13/08/2024,09:22:59,24498.85,24495.6,50,24498.3,100,125,1374350
NIFTY-II.NFO,13/08/2024,09:23:00,24495.1,24494.6,25,24498,50,25,1374350
NIFTY-II.NFO,13/08/2024,09:23:02,24499.35,24496.7,25,24499.9,275,75,1374350
NIFTY-II.NFO,13/08/2024,09:23:04,24499.35,24496.7,50,24499.7,100,0,1374350
NIFTY-II.NFO,13/08/2024,09:23:05,24499.35,24494.1,50,24498.65,50,0,1374350
NIFTY-II.NFO,13/08/2024,09:23:07,24498.6,24494.1,50,24498.2,250,275,1374350
NIFTY-II.NFO,13/08/2024,09:23:09,24498.75,24495.1,50,24498.2,250,50,1374350
NIFTY-II.NFO,13/08/2024,09:23:10,24495.45,24491.3,125,24495.85,250,375,1374350
NIFTY-II.NFO,13/08/2024,09:23:12,24496.65,24493.35,50,24496.65,25,25,1374350
NIFTY-II.NFO,13/08/2024,09:23:14,24493.35,24493.35,50,24496.65,25,25,1374350
NIFTY-II.NFO,13/08/2024,09:23:15,24493.35,24495.25,50,24497.6,250,0,1374350
NIFTY-II.NFO,13/08/2024,09:23:17,24495.25,24494.65,150,24499.75,100,100,1374350
NIFTY-II.NFO,13/08/2024,09:23:19,24499.75,24496.7,350,24499.2,250,25,1374350
NIFTY-II.NFO,13/08/2024,09:23:20,24499.75,24494.2,350,24498.75,50,0,1374350
NIFTY-II.NFO,13/08/2024,09:23:22,24499.75,24496.2,350,24499.1,25,0,1374350
NIFTY-II.NFO,13/08/2024,09:23:24,24496.2,24496.2,350,24499.9,500,25,1374350
NIFTY-II.NFO,13/08/2024,09:23:25,24499.9,24498.65,25,24499.9,225,25,1374350
NIFTY-II.NFO,13/08/2024,09:23:27,24498.65,24496.65,25,24498.7,50,25,1374350
NIFTY-II.NFO,13/08/2024,09:23:29,24498.65,24496.65,25,24498.75,250,0,1374350
NIFTY-II.NFO,13/08/2024,09:23:30,24498.75,24497.8,350,24499.9,225,25,1374350
NIFTY-II.NFO,13/08/2024,09:23:32,24498.75,24497.8,350,24499.9,225,0,1374350
NIFTY-II.NFO,13/08/2024,09:23:34,24498.75,24496.7,350,24499.9,275,0,1374350
NIFTY-II.NFO,13/08/2024,09:23:35,24498.75,24498.75,25,24499.9,225,0,1374350
NIFTY-II.NFO,13/08/2024,09:23:40,24498.75,24498.75,25,24499.9,225,25,1374350
NIFTY-II.NFO,13/08/2024,09:23:42,24500,24500.05,350,24501,25,325,1374350
NIFTY-II.NFO,13/08/2024,09:23:44,24501,24500.75,400,24503,100,25,1374350
NIFTY-II.NFO,13/08/2024,09:23:46,24501,24500.9,225,24503,100,0,1374350
NIFTY-II.NFO,13/08/2024,09:23:47,24504.45,24501.95,350,24504.5,25,150,1374350
NIFTY-II.NFO,13/08/2024,09:23:49,24504.45,24501.95,350,24504.8,75,0,1374350
NIFTY-II.NFO,13/08/2024,09:23:51,24506.1,24504.3,350,24506.95,275,175,1374350
NIFTY-II.NFO,13/08/2024,09:23:51,24506.1,24504.3,350,24506.95,275,0,1374350
NIFTY-II.NFO,13/08/2024,09:23:52,24506.1,24501.3,350,24505.2,75,0,1374350
NIFTY-II.NFO,13/08/2024,09:23:54,24504.6,24501.3,350,24504.7,50,150,1374350
NIFTY-II.NFO,13/08/2024,09:23:56,24503.3,24500.05,350,24503.4,50,100,1374350
NIFTY-II.NFO,13/08/2024,09:23:57,24503.3,24500.05,350,24503,250,0,1374350
NIFTY-II.NFO,13/08/2024,09:23:59,24503.2,24500.05,350,24502.8,50,75,1374350
NIFTY-II.NFO,13/08/2024,09:24:01,24503.25,24500,50,24502.25,50,25,1374350
NIFTY-II.NFO,13/08/2024,09:24:02,24503.25,24500.45,25,24500.9,50,0,1374350
NIFTY-II.NFO,13/08/2024,09:24:04,24500.45,24500,50,24501.85,125,25,1374350
NIFTY-II.NFO,13/08/2024,09:24:06,24500.45,24500,50,24501.4,50,0,1374350
NIFTY-II.NFO,13/08/2024,09:24:07,24501.2,24498.75,25,24502.2,50,475,1374350
NIFTY-II.NFO,13/08/2024,09:24:09,24501.2,24499.1,150,24500.45,25,0,1374350
NIFTY-II.NFO,13/08/2024,09:24:11,24501.2,24500,25,24500.45,25,0,1374350
NIFTY-II.NFO,13/08/2024,09:24:12,24500.45,24500,25,24500.65,50,1025,1374350
NIFTY-II.NFO,13/08/2024,09:24:14,24500,24498.85,350,24502,375,50,1374350
NIFTY-II.NFO,13/08/2024,09:24:16,24500,24498.75,25,24500.15,25,0,1374350
NIFTY-II.NFO,13/08/2024,09:24:17,24500,24500.65,50,24501,50,0,1374350
NIFTY-II.NFO,13/08/2024,09:24:19,24500.65,24498.75,25,24500.3,50,50,1374350
NIFTY-II.NFO,13/08/2024,09:24:21,24500.65,24500,25,24500.45,50,0,1374350
NIFTY-II.NFO,13/08/2024,09:24:22,24499.9,24498.75,25,24499.85,50,50,1374350
NIFTY-II.NFO,13/08/2024,09:24:24,24498.3,24495,125,24498.2,50,75,1374350
NIFTY-II.NFO,13/08/2024,09:24:26,24498.75,24495,125,24498.1,50,25,1374350
NIFTY-II.NFO,13/08/2024,09:24:27,24497.6,24495,125,24496.95,50,75,1374350
NIFTY-II.NFO,13/08/2024,09:24:29,24497.6,24495,125,24496.85,25,0,1374350
NIFTY-II.NFO,13/08/2024,09:24:31,24495,24495,100,24496.7,50,25,1374350
NIFTY-II.NFO,13/08/2024,09:24:32,24495,24495,25,24496.85,50,75,1374350
NIFTY-II.NFO,13/08/2024,09:24:34,24494.45,24492.15,350,24494.15,25,150,1374350
NIFTY-II.NFO,13/08/2024,09:24:35,24492.15,24490.05,100,24494.5,125,350,1374350
NIFTY-II.NFO,13/08/2024,09:24:37,24494.2,24490,1300,24492.8,25,25,1374350
NIFTY-II.NFO,13/08/2024,09:24:39,24492.7,24490.05,100,24493.9,125,25,1374350
NIFTY-II.NFO,13/08/2024,09:24:40,24492.7,24490.05,100,24494.2,50,0,1374350
NIFTY-II.NFO,13/08/2024,09:24:42,24492.7,24490,1300,24493.45,250,0,1374350
NIFTY-II.NFO,13/08/2024,09:24:44,24491.3,24490,1625,24492.9,250,50,1374350
NIFTY-II.NFO,13/08/2024,09:24:45,24490,24490,175,24491.45,25,1100,1374350
NIFTY-II.NFO,13/08/2024,09:24:47,24490,24488.35,350,24490.9,25,175,1374350
NIFTY-II.NFO,13/08/2024,09:24:49,24490,24487.75,25,24489.5,25,0,1374350
NIFTY-II.NFO,13/08/2024,09:24:52,24490,24487.75,25,24488.35,25,0,1374350
NIFTY-II.NFO,13/08/2024,09:24:54,24487.75,24485.75,100,24488.05,25,25,1374350
NIFTY-II.NFO,13/08/2024,09:24:55,24485.3,24487.25,350,24489.4,25,50,1378075
NIFTY-II.NFO,13/08/2024,09:24:57,24487.2,24487.2,350,24489.4,25,125,1378075
NIFTY-II.NFO,13/08/2024,09:24:59,24487.2,24486.55,250,24489.5,50,0,1378075
NIFTY-II.NFO,13/08/2024,09:25:00,24485.3,24485,50,24487.95,250,675,1378075
NIFTY-II.NFO,13/08/2024,09:25:02,24487.2,24485.05,75,24487.75,25,25,1378075
NIFTY-II.NFO,13/08/2024,09:25:04,24487.2,24485.15,200,24487.75,25,0,1378075
NIFTY-II.NFO,13/08/2024,09:25:05,24487.75,24487.85,150,24490,150,25,1378075
NIFTY-II.NFO,13/08/2024,09:25:07,24490,24490.05,350,24492.85,25,150,1378075
NIFTY-II.NFO,13/08/2024,09:25:09,24490.05,24490,350,24492.85,50,100,1378075
NIFTY-II.NFO,13/08/2024,09:25:10,24496.85,24492.4,350,24495.9,25,25,1378075
NIFTY-II.NFO,13/08/2024,09:25:12,24496.85,24490.4,350,24493.9,125,0,1378075
NIFTY-II.NFO,13/08/2024,09:25:14,24491,24491.55,350,24494.7,50,50,1378075
NIFTY-II.NFO,13/08/2024,09:25:15,24491,24491.6,350,24495.45,50,0,1378075
NIFTY-II.NFO,13/08/2024,09:25:17,24491,24491.7,350,24494.95,50,0,1378075
NIFTY-II.NFO,13/08/2024,09:25:19,24491,24492.6,350,24495.75,50,0,1378075
NIFTY-II.NFO,13/08/2024,09:25:20,24491,24491.75,350,24495.15,25,0,1378075
NIFTY-II.NFO,13/08/2024,09:25:22,24491,24492.3,350,24495.85,25,0,1378075
NIFTY-II.NFO,13/08/2024,09:25:23,24491,24491.6,350,24495.55,50,0,1378075
NIFTY-II.NFO,13/08/2024,09:25:25,24491,24493.15,50,24497.2,50,0,1378075
NIFTY-II.NFO,13/08/2024,09:25:27,24491,24496.4,50,24500,50,0,1378075
NIFTY-II.NFO,13/08/2024,09:25:28,24500,24497.25,125,24500,25,50,1378075
NIFTY-II.NFO,13/08/2024,09:25:30,24497.25,24497,50,24499.95,50,25,1378075
NIFTY-II.NFO,13/08/2024,09:25:32,24497,24497,50,24500,25,25,1378075
NIFTY-II.NFO,13/08/2024,09:25:33,24497,24497,125,24500,25,0,1378075
NIFTY-II.NFO,13/08/2024,09:25:35,24501.2,24497.05,50,24500,25,50,1378075
NIFTY-II.NFO,13/08/2024,09:25:37,24501.9,24496.45,125,24501.45,50,250,1378075
NIFTY-II.NFO,13/08/2024,09:25:38,24497.05,24497.05,50,24500.9,50,25,1378075
NIFTY-II.NFO,13/08/2024,09:25:40,24497.05,24497.05,50,24501.8,100,25,1378075
NIFTY-II.NFO,13/08/2024,09:25:42,24497.05,24497.05,50,24500.9,100,0,1378075
NIFTY-II.NFO,13/08/2024,09:25:43,24497.05,24497,100,24500.15,50,0,1378075
NIFTY-II.NFO,13/08/2024,09:25:45,24497.05,24497,100,24499.9,25,0,1378075
NIFTY-II.NFO,13/08/2024,09:25:47,24497.05,24497,100,24499.85,25,0,1378075
NIFTY-II.NFO,13/08/2024,09:25:48,24499.85,24497,100,24498.95,25,25,1378075
NIFTY-II.NFO,13/08/2024,09:25:50,24497,24494.35,50,24498.85,25,100,1378075
NIFTY-II.NFO,13/08/2024,09:25:52,24497,24494.35,50,24497.95,100,0,1378075
NIFTY-II.NFO,13/08/2024,09:25:53,24497.05,24494.35,50,24497.8,25,25,1378075
NIFTY-II.NFO,13/08/2024,09:25:55,24494.4,24492.5,50,24496.1,25,25,1378075
NIFTY-II.NFO,13/08/2024,09:25:57,24494.4,24493.95,50,24497.8,50,0,1378075
NIFTY-II.NFO,13/08/2024,09:25:59,24494.4,24493.95,50,24497.85,25,0,1378075
NIFTY-II.NFO,13/08/2024,09:26:00,24494.4,24494.15,50,24497.8,25,0,1378075
NIFTY-II.NFO,13/08/2024,09:26:02,24494.4,24492.7,50,24496.9,100,0,1378075
NIFTY-II.NFO,13/08/2024,09:26:04,24494.4,24494.45,25,24496.6,100,0,1378075
NIFTY-II.NFO,13/08/2024,09:26:05,24494.4,24494.45,25,24495.4,100,0,1378075
NIFTY-II.NFO,13/08/2024,09:26:07,24494.45,24494.4,25,24495.3,100,25,1378075
NIFTY-II.NFO,13/08/2024,09:26:09,24494.4,24491.9,50,24495.65,100,25,1378075
NIFTY-II.NFO,13/08/2024,09:26:10,24495.65,24491,75,24495.05,100,25,1378075
NIFTY-II.NFO,13/08/2024,09:26:12,24495.65,24491,25,24494.6,100,0,1378075
NIFTY-II.NFO,13/08/2024,09:26:14,24495.65,24491,25,24493.1,100,0,1378075
NIFTY-II.NFO,13/08/2024,09:26:15,24492.5,24491,25,24492.15,100,25,1378075
NIFTY-II.NFO,13/08/2024,09:26:17,24492.75,24491,25,24493.55,100,25,1378075
NIFTY-II.NFO,13/08/2024,09:26:19,24493.35,24490,25,24493.35,100,50,1378075
NIFTY-II.NFO,13/08/2024,09:26:20,24493.35,24490,25,24490.85,175,0,1378075
NIFTY-II.NFO,13/08/2024,09:26:22,24489,24488,50,24492.45,75,75,1378075
NIFTY-II.NFO,13/08/2024,09:26:24,24489,24489,50,24492.65,75,0,1378075
NIFTY-II.NFO,13/08/2024,09:26:25,24489,24489,200,24491.9,75,0,1378075
NIFTY-II.NFO,13/08/2024,09:26:27,24492.3,24489,200,24492.1,50,25,1378075
NIFTY-II.NFO,13/08/2024,09:26:29,24492.3,24489,200,24491.45,50,0,1378075
NIFTY-II.NFO,13/08/2024,09:26:30,24492.3,24489,200,24490.45,50,0,1378075
NIFTY-II.NFO,13/08/2024,09:26:32,24492.3,24489,200,24490.5,50,0,1378075
NIFTY-II.NFO,13/08/2024,09:26:34,24492.3,24489,200,24490.25,50,0,1378075
NIFTY-II.NFO,13/08/2024,09:26:35,24489,24489,100,24489.65,50,100,1378075
NIFTY-II.NFO,13/08/2024,09:26:37,24489,24485,100,24487.95,25,100,1378075
NIFTY-II.NFO,13/08/2024,09:26:38,24487.9,24485,100,24485.75,25,25,1378075
NIFTY-II.NFO,13/08/2024,09:26:40,24487.9,24485,100,24487.65,125,0,1378075
NIFTY-II.NFO,13/08/2024,09:26:42,24487.9,24485,100,24487.6,25,0,1378075
NIFTY-II.NFO,13/08/2024,09:26:45,24487.35,24485,100,24487.25,75,25,1378075
NIFTY-II.NFO,13/08/2024,09:26:47,24487.35,24485,100,24486.95,25,0,1378075
NIFTY-II.NFO,13/08/2024,09:26:48,24487.4,24485,100,24487.1,50,50,1378075
NIFTY-II.NFO,13/08/2024,09:26:50,24486.7,24485,50,24486.95,275,100,1378075
NIFTY-II.NFO,13/08/2024,09:26:52,24486.7,24485,50,24487.1,25,0,1378075
NIFTY-II.NFO,13/08/2024,09:26:53,24486.7,24484,25,24487.85,125,0,1378075
NIFTY-II.NFO,13/08/2024,09:26:55,24486.7,24484,25,24487.9,25,0,1378075
NIFTY-II.NFO,13/08/2024,09:26:57,24486.7,24484.15,100,24488.25,25,0,1378075
NIFTY-II.NFO,13/08/2024,09:26:58,24486.7,24487.5,100,24490,25,0,1378075
NIFTY-II.NFO,13/08/2024,09:27:00,24490,24486.2,50,24490.2,75,75,1378075
NIFTY-II.NFO,13/08/2024,09:27:02,24490.7,24486.2,50,24489.95,150,200,1378075
NIFTY-II.NFO,13/08/2024,09:27:03,24490.7,24484.8,50,24488.95,150,0,1378075
NIFTY-II.NFO,13/08/2024,09:27:05,24484.8,24484.8,50,24489.4,875,50,1378075
NIFTY-II.NFO,13/08/2024,09:27:07,24484.8,24484.05,50,24487.95,25,0,1378075
NIFTY-II.NFO,13/08/2024,09:27:08,24484.8,24484,25,24486.95,150,0,1378075
NIFTY-II.NFO,13/08/2024,09:27:10,24484,24480.7,25,24484.95,150,25,1378075
NIFTY-II.NFO,13/08/2024,09:27:11,24484,24481.45,175,24485.95,75,0,1378075
NIFTY-II.NFO,13/08/2024,09:27:13,24484,24484.5,50,24488.5,300,0,1378075
NIFTY-II.NFO,13/08/2024,09:27:15,24484.55,24485.35,225,24490,50,25,1378075
NIFTY-II.NFO,13/08/2024,09:27:16,24486.15,24489.55,25,24490,50,25,1378075
NIFTY-II.NFO,13/08/2024,09:27:18,24486.15,24489.55,25,24490,50,0,1378075
NIFTY-II.NFO,13/08/2024,09:27:20,24489.55,24484.6,50,24489.05,25,25,1378075
NIFTY-II.NFO,13/08/2024,09:27:21,24489.55,24484,125,24486.25,250,0,1378075
NIFTY-II.NFO,13/08/2024,09:27:23,24483.1,24480.7,25,24483.15,250,150,1378075
NIFTY-II.NFO,13/08/2024,09:27:25,24483.1,24480.7,25,24484.25,250,0,1378075
NIFTY-II.NFO,13/08/2024,09:27:26,24483.1,24480.7,25,24483.55,250,0,1378075
NIFTY-II.NFO,13/08/2024,09:27:28,24483.1,24480.7,25,24482.75,250,0,1378075
NIFTY-II.NFO,13/08/2024,09:27:30,24483.1,24480.7,25,24483,25,0,1378075
NIFTY-II.NFO,13/08/2024,09:27:31,24483.1,24480.7,25,24481.25,500,0,1378075
NIFTY-II.NFO,13/08/2024,09:27:33,24479.95,24475.25,125,24479.8,500,650,1378075
NIFTY-II.NFO,13/08/2024,09:27:35,24479.95,24477.25,50,24480.55,250,0,1378075
NIFTY-II.NFO,13/08/2024,09:27:36,24479.95,24477.25,50,24479.55,250,0,1378075
NIFTY-II.NFO,13/08/2024,09:27:38,24476.15,24475.05,50,24478.45,500,25,1378075
NIFTY-II.NFO,13/08/2024,09:27:40,24476.15,24475,525,24478.15,125,0,1378075
NIFTY-II.NFO,13/08/2024,09:27:41,24476.15,24475.35,50,24478.45,500,0,1378075
NIFTY-II.NFO,13/08/2024,09:27:43,24476.15,24475.4,50,24477.95,500,0,1378075
NIFTY-II.NFO,13/08/2024,09:27:45,24477.55,24475,525,24477.65,250,25,1378075
NIFTY-II.NFO,13/08/2024,09:27:46,24478.65,24475,575,24478.1,250,25,1378075
NIFTY-II.NFO,13/08/2024,09:27:48,24477.9,24475,525,24477.25,250,50,1378075
NIFTY-II.NFO,13/08/2024,09:27:50,24477.9,24476,25,24477.8,250,0,1378075
NIFTY-II.NFO,13/08/2024,09:27:51,24477.9,24476,25,24477.85,25,0,1378075
NIFTY-II.NFO,13/08/2024,09:27:53,24477.9,24476,25,24477.35,250,0,1378075
NIFTY-II.NFO,13/08/2024,09:27:55,24477.65,24476,25,24477.5,250,100,1378075
NIFTY-II.NFO,13/08/2024,09:27:56,24476,24475.55,50,24478,400,25,1379875
NIFTY-II.NFO,13/08/2024,09:27:58,24476,24475,550,24476.9,250,0,1379875
NIFTY-II.NFO,13/08/2024,09:28:00,24476,24475,550,24478,400,0,1379875
NIFTY-II.NFO,13/08/2024,09:28:01,24478,24476.9,175,24478,350,100,1379875
NIFTY-II.NFO,13/08/2024,09:28:03,24477.6,24477.45,50,24481.35,250,200,1379875
NIFTY-II.NFO,13/08/2024,09:28:05,24481,24477.45,50,24480.8,100,25,1379875
NIFTY-II.NFO,13/08/2024,09:28:06,24480.55,24478.2,50,24481.75,250,25,1379875
NIFTY-II.NFO,13/08/2024,09:28:08,24482.45,24479.35,225,24482.5,125,50,1379875
NIFTY-II.NFO,13/08/2024,09:28:10,24482.45,24479.25,125,24482.65,250,0,1379875
NIFTY-II.NFO,13/08/2024,09:28:11,24482.45,24480.1,25,24482.65,750,0,1379875
NIFTY-II.NFO,13/08/2024,09:28:13,24482.45,24480.1,25,24482.6,250,0,1379875
NIFTY-II.NFO,13/08/2024,09:28:15,24482.45,24481.05,25,24483.5,250,0,1379875
NIFTY-II.NFO,13/08/2024,09:28:16,24482.45,24480,25,24481.5,250,0,1379875
NIFTY-II.NFO,13/08/2024,09:28:18,24480.55,24480,25,24480.5,250,25,1379875
NIFTY-II.NFO,13/08/2024,09:28:20,24480,24477.65,50,24480.4,250,50,1379875
NIFTY-II.NFO,13/08/2024,09:28:21,24480,24478.2,25,24480.8,500,0,1379875
NIFTY-II.NFO,13/08/2024,09:28:23,24481.05,24478.2,25,24480.95,200,500,1379875
NIFTY-II.NFO,13/08/2024,09:28:25,24481.05,24478.25,25,24480.95,200,0,1379875
NIFTY-II.NFO,13/08/2024,09:28:26,24481.05,24478.25,25,24479.65,450,0,1379875
NIFTY-II.NFO,13/08/2024,09:28:28,24481.05,24477.3,50,24479.35,100,0,1379875
NIFTY-II.NFO,13/08/2024,09:28:30,24479.35,24477.05,50,24479,250,150,1379875
NIFTY-II.NFO,13/08/2024,09:28:31,24479.35,24477.4,25,24479.55,250,0,1379875
NIFTY-II.NFO,13/08/2024,09:28:33,24479.35,24477.45,25,24479.65,250,0,1379875
NIFTY-II.NFO,13/08/2024,09:28:35,24479.35,24477.5,25,24478.15,250,0,1379875
NIFTY-II.NFO,13/08/2024,09:28:36,24477,24475.7,25,24478.15,250,100,1379875
NIFTY-II.NFO,13/08/2024,09:28:38,24478.3,24476.8,25,24479.15,200,50,1379875
NIFTY-II.NFO,13/08/2024,09:28:40,24478.35,24476.85,25,24478.4,500,50,1379875
NIFTY-II.NFO,13/08/2024,09:28:41,24478.4,24476.85,25,24478.25,250,250,1379875
NIFTY-II.NFO,13/08/2024,09:28:43,24476.9,24476.9,25,24478.2,100,25,1379875
NIFTY-II.NFO,13/08/2024,09:28:45,24476.9,24476.95,125,24478.55,250,0,1379875
NIFTY-II.NFO,13/08/2024,09:28:46,24476.9,24477.15,50,24479.5,200,0,1379875
NIFTY-II.NFO,13/08/2024,09:28:48,24476.9,24477.1,50,24478.15,250,0,1379875
NIFTY-II.NFO,13/08/2024,09:28:50,24477.15,24476.95,25,24477.15,200,25,1379875
NIFTY-II.NFO,13/08/2024,09:28:51,24476.9,24475.1,25,24477.15,200,75,1379875
NIFTY-II.NFO,13/08/2024,09:28:53,24477.1,24475.15,25,24476.9,200,75,1379875
NIFTY-II.NFO,13/08/2024,09:28:55,24477.1,24476.2,25,24477.9,700,50,1379875
NIFTY-II.NFO,13/08/2024,09:28:56,24477.1,24475.5,25,24476.55,300,0,1379875
NIFTY-II.NFO,13/08/2024,09:28:58,24477.1,24475.5,25,24476.45,300,0,1379875
NIFTY-II.NFO,13/08/2024,09:29:00,24477.4,24475.6,25,24477.75,250,25,1379875
NIFTY-II.NFO,13/08/2024,09:29:01,24477.4,24477.15,50,24478.75,250,0,1379875
NIFTY-II.NFO,13/08/2024,09:29:03,24476.45,24476.55,350,24479,225,250,1379875
NIFTY-II.NFO,13/08/2024,09:29:05,24476.45,24476.4,375,24479.75,50,0,1379875
NIFTY-II.NFO,13/08/2024,09:29:06,24476.45,24477.3,350,24480,300,0,1379875
NIFTY-II.NFO,13/08/2024,09:29:08,24476.45,24478.2,175,24480,300,0,1379875
NIFTY-II.NFO,13/08/2024,09:29:10,24476.45,24477.6,175,24480,300,0,1379875
NIFTY-II.NFO,13/08/2024,09:29:11,24480,24477.8,175,24480,200,100,1379875
NIFTY-II.NFO,13/08/2024,09:29:13,24480,24477.9,100,24480,200,0,1379875
NIFTY-II.NFO,13/08/2024,09:29:15,24480,24477.85,375,24480,175,25,1379875
NIFTY-II.NFO,13/08/2024,09:29:16,24477.85,24477.85,350,24480,175,25,1379875
NIFTY-II.NFO,13/08/2024,09:29:18,24477.85,24476.6,350,24478.95,50,0,1379875
NIFTY-II.NFO,13/08/2024,09:29:20,24476.55,24475.1,25,24476.3,200,50,1379875
NIFTY-II.NFO,13/08/2024,09:29:21,24476.55,24475.15,75,24476.4,425,0,1379875
NIFTY-II.NFO,13/08/2024,09:29:23,24476.45,24475.2,25,24476.5,250,25,1379875
NIFTY-II.NFO,13/08/2024,09:29:24,24475.15,24475.1,25,24476.3,25,100,1379875
NIFTY-II.NFO,13/08/2024,09:29:26,24475.15,24476.2,350,24478.95,50,0,1379875
NIFTY-II.NFO,13/08/2024,09:29:28,24478.5,24476.2,350,24478.85,225,75,1379875
NIFTY-II.NFO,13/08/2024,09:29:29,24478.5,24476.2,350,24478.95,250,0,1379875
NIFTY-II.NFO,13/08/2024,09:29:31,24478.5,24476.2,350,24478.85,75,0,1379875
NIFTY-II.NFO,13/08/2024,09:29:33,24478.5,24475.15,350,24477.5,475,0,1379875
NIFTY-II.NFO,13/08/2024,09:29:34,24478.5,24475.15,350,24478,250,0,1379875
NIFTY-II.NFO,13/08/2024,09:29:36,24478.5,24475.15,350,24477.2,450,0,1379875
NIFTY-II.NFO,13/08/2024,09:29:38,24475.15,24475.15,350,24477.45,25,250,1379875
NIFTY-II.NFO,13/08/2024,09:29:39,24477.45,24475.15,350,24477.65,400,25,1379875
NIFTY-II.NFO,13/08/2024,09:29:41,24477.45,24475.15,350,24477.25,250,0,1379875
NIFTY-II.NFO,13/08/2024,09:29:43,24477.45,24475.15,375,24477.75,250,0,1379875
NIFTY-II.NFO,13/08/2024,09:29:44,24477.45,24475.15,400,24478.45,250,0,1379875
NIFTY-II.NFO,13/08/2024,09:29:46,24477.5,24477.45,25,24477.55,375,25,1379875
NIFTY-II.NFO,13/08/2024,09:29:48,24477.45,24475.15,400,24477.6,250,25,1379875
NIFTY-II.NFO,13/08/2024,09:29:49,24476.9,24476.9,25,24477.6,250,50,1379875
NIFTY-II.NFO,13/08/2024,09:29:51,24476.9,24476.9,25,24477.45,250,0,1379875
NIFTY-II.NFO,13/08/2024,09:29:53,24476.9,24476.9,25,24478.7,575,0,1379875
NIFTY-II.NFO,13/08/2024,09:29:54,24476.9,24476.9,400,24479,25,0,1379875
NIFTY-II.NFO,13/08/2024,09:29:56,24476.9,24476.9,50,24479,25,0,1379875
NIFTY-II.NFO,13/08/2024,09:29:58,24476.9,24476.9,50,24477.85,250,0,1379875
NIFTY-II.NFO,13/08/2024,09:29:59,24476.9,24476.9,400,24479,25,0,1379875
NIFTY-II.NFO,13/08/2024,09:30:01,24476.9,24477.8,50,24479,25,0,1379875
NIFTY-II.NFO,13/08/2024,09:30:03,24476.9,24476.95,350,24478.6,350,0,1379875
NIFTY-II.NFO,13/08/2024,09:30:04,24476.7,24476,50,24476.45,150,75,1379875
NIFTY-II.NFO,13/08/2024,09:30:06,24476.7,24476,50,24478.05,250,0,1379875
NIFTY-II.NFO,13/08/2024,09:30:08,24476.7,24477.45,350,24480,150,0,1379875
NIFTY-II.NFO,13/08/2024,09:30:09,24477.45,24478.05,100,24480,150,25,1379875
NIFTY-II.NFO,13/08/2024,09:30:11,24480,24478.6,450,24480,125,25,1379875
NIFTY-II.NFO,13/08/2024,09:30:13,24480,24478.6,350,24480,125,0,1379875
NIFTY-II.NFO,13/08/2024,09:30:16,24480,24478.6,350,24480,100,25,1379875
NIFTY-II.NFO,13/08/2024,09:30:18,24480,24477.6,350,24480,75,25,1379875
NIFTY-II.NFO,13/08/2024,09:30:19,24476.9,24476,100,24476.75,250,50,1379875
NIFTY-II.NFO,13/08/2024,09:30:21,24476.9,24476,100,24476.85,225,0,1379875
NIFTY-II.NFO,13/08/2024,09:30:23,24475,24475,50,24475.05,250,700,1379875
NIFTY-II.NFO,13/08/2024,09:30:24,24472.85,24472.8,25,24473.65,150,75,1379875
NIFTY-II.NFO,13/08/2024,09:30:26,24472.85,24472.8,25,24474.75,400,0,1379875
NIFTY-II.NFO,13/08/2024,09:30:28,24472.85,24472.8,25,24473.95,250,0,1379875
NIFTY-II.NFO,13/08/2024,09:30:30,24472.85,24472.8,375,24475.45,550,0,1379875
NIFTY-II.NFO,13/08/2024,09:30:31,24472.85,24472.85,25,24473.65,250,0,1379875
NIFTY-II.NFO,13/08/2024,09:30:33,24472.85,24472.85,25,24474.8,500,0,1379875
NIFTY-II.NFO,13/08/2024,09:30:35,24473.1,24473.1,350,24475.4,150,75,1379875
NIFTY-II.NFO,13/08/2024,09:30:36,24473.1,24473.1,350,24474.7,150,0,1379875
NIFTY-II.NFO,13/08/2024,09:30:38,24473.95,24473.65,100,24476,25,25,1379875
NIFTY-II.NFO,13/08/2024,09:30:40,24475,24473.8,225,24476,25,50,1379875
NIFTY-II.NFO,13/08/2024,09:30:41,24475,24473.6,350,24476,25,0,1379875
NIFTY-II.NFO,13/08/2024,09:30:43,24473.6,24473.6,350,24476,25,250,1379875
NIFTY-II.NFO,13/08/2024,09:30:45,24473.6,24473.6,350,24475.55,125,0,1379875
NIFTY-II.NFO,13/08/2024,09:30:46,24473.6,24473.6,350,24476,25,0,1379875
NIFTY-II.NFO,13/08/2024,09:30:50,24473.6,24473.6,350,24475.6,250,0,1379875
NIFTY-II.NFO,13/08/2024,09:30:51,24473.6,24472.85,50,24474.6,150,0,1379875
NIFTY-II.NFO,13/08/2024,09:30:53,24473.6,24473.6,100,24475.05,250,0,1379875
NIFTY-II.NFO,13/08/2024,09:30:55,24473.6,24473.6,100,24474.95,75,0,1379875
NIFTY-II.NFO,13/08/2024,09:30:56,24473.6,24473.6,75,24475.25,250,25,1382200
NIFTY-II.NFO,13/08/2024,09:30:58,24473.6,24473.6,75,24475.95,250,0,1382200
NIFTY-II.NFO,13/08/2024,09:31:00,24473.6,24473.6,25,24475.3,225,50,1382200
NIFTY-II.NFO,13/08/2024,09:31:01,24473.6,24475,25,24476,25,0,1382200
NIFTY-II.NFO,13/08/2024,09:31:03,24476,24475,25,24476.25,75,25,1382200
NIFTY-II.NFO,13/08/2024,09:31:05,24476,24475,25,24476.8,250,0,1382200
NIFTY-II.NFO,13/08/2024,09:31:06,24476,24475,25,24476.25,250,0,1382200
NIFTY-II.NFO,13/08/2024,09:31:08,24473.65,24473.65,350,24476.15,250,50,1382200
NIFTY-II.NFO,13/08/2024,09:31:10,24473.65,24474.45,350,24477.55,75,0,1382200
NIFTY-II.NFO,13/08/2024,09:31:11,24477.6,24474.45,350,24476.55,500,50,1382200
NIFTY-II.NFO,13/08/2024,09:31:13,24477.6,24475.3,350,24478.25,525,0,1382200
NIFTY-II.NFO,13/08/2024,09:31:14,24477.6,24475.15,350,24478.35,250,0,1382200
NIFTY-II.NFO,13/08/2024,09:31:18,24477.6,24476,350,24478.65,225,0,1382200
NIFTY-II.NFO,13/08/2024,09:31:19,24477.6,24477.7,100,24480,75,0,1382200
NIFTY-II.NFO,13/08/2024,09:31:23,24480,24481,350,24483.35,125,150,1382200
NIFTY-II.NFO,13/08/2024,09:31:24,24480,24482.1,350,24483.95,350,0,1382200
NIFTY-II.NFO,13/08/2024,09:31:26,24482.1,24476.05,350,24481.25,750,350,1382200
NIFTY-II.NFO,13/08/2024,09:31:28,24481.2,24477.1,50,24482.15,300,25,1382200
NIFTY-II.NFO,13/08/2024,09:31:29,24481.2,24479.25,350,24481.6,150,0,1382200
NIFTY-II.NFO,13/08/2024,09:31:31,24481.2,24476.65,350,24480.1,275,0,1382200
NIFTY-II.NFO,13/08/2024,09:31:33,24481.2,24476.65,350,24480.1,200,0,1382200
NIFTY-II.NFO,13/08/2024,09:31:34,24481.2,24476.65,350,24479.05,300,0,1382200
NIFTY-II.NFO,13/08/2024,09:31:36,24481.2,24475.05,350,24478.05,225,0,1382200
NIFTY-II.NFO,13/08/2024,09:31:38,24481.2,24475.05,350,24477.4,275,0,1382200
NIFTY-II.NFO,13/08/2024,09:31:39,24481.2,24475.05,350,24478.1,250,0,1382200
NIFTY-II.NFO,13/08/2024,09:31:41,24481.2,24476.2,350,24479.35,250,0,1382200
NIFTY-II.NFO,13/08/2024,09:31:43,24481.2,24476.2,350,24478.55,250,0,1382200
NIFTY-II.NFO,13/08/2024,09:31:44,24481.2,24475.05,350,24477.95,225,0,1382200
NIFTY-II.NFO,13/08/2024,09:31:46,24471.9,24471,25,24475.35,400,1200,1382200
NIFTY-II.NFO,13/08/2024,09:31:48,24471.9,24471,25,24472.65,150,0,1382200
NIFTY-II.NFO,13/08/2024,09:31:49,24471.9,24471,25,24472.3,150,0,1382200
NIFTY-II.NFO,13/08/2024,09:31:51,24471.9,24471,25,24472.85,150,0,1382200
NIFTY-II.NFO,13/08/2024,09:31:53,24471.9,24471,25,24475.05,225,0,1382200
NIFTY-II.NFO,13/08/2024,09:31:54,24471.9,24472.3,25,24475.55,50,0,1382200
NIFTY-II.NFO,13/08/2024,09:31:56,24471.9,24474.75,350,24477.1,500,0,1382200
NIFTY-II.NFO,13/08/2024,09:31:58,24474.75,24473.05,350,24475.45,150,50,1382200
NIFTY-II.NFO,13/08/2024,09:31:59,24475.45,24473.05,350,24475.45,100,50,1382200
NIFTY-II.NFO,13/08/2024,09:32:01,24475.55,24473.05,375,24477.9,100,50,1382200
NIFTY-II.NFO,13/08/2024,09:32:03,24475.55,24473.05,350,24476.35,150,0,1382200
NIFTY-II.NFO,13/08/2024,09:32:04,24475.55,24473.05,350,24476.35,75,0,1382200
NIFTY-II.NFO,13/08/2024,09:32:06,24473.05,24473.05,350,24476.3,100,75,1382200
NIFTY-II.NFO,13/08/2024,09:32:08,24473.05,24472.3,25,24474.1,225,0,1382200
NIFTY-II.NFO,13/08/2024,09:32:09,24471.9,24471,25,24471.45,75,275,1382200
NIFTY-II.NFO,13/08/2024,09:32:11,24471.9,24471,25,24472,250,0,1382200
NIFTY-II.NFO,13/08/2024,09:32:13,24471.9,24471,375,24473.65,250,0,1382200
NIFTY-II.NFO,13/08/2024,09:32:14,24471.9,24472.45,350,24475.5,250,0,1382200
NIFTY-II.NFO,13/08/2024,09:32:16,24471.9,24471.05,25,24475.45,150,0,1382200
NIFTY-II.NFO,13/08/2024,09:32:18,24471.9,24471.05,25,24475.9,225,0,1382200
NIFTY-II.NFO,13/08/2024,09:32:19,24471.9,24473.05,25,24477.15,250,0,1382200
NIFTY-II.NFO,13/08/2024,09:32:21,24478.05,24475.8,350,24478.3,350,25,1382200
NIFTY-II.NFO,13/08/2024,09:32:23,24478.05,24477.95,350,24480,100,0,1382200
NIFTY-II.NFO,13/08/2024,09:32:24,24478.05,24477.1,350,24480.7,375,0,1382200
NIFTY-II.NFO,13/08/2024,09:32:28,24478.05,24477.1,350,24481.2,50,0,1382200
NIFTY-II.NFO,13/08/2024,09:32:29,24478.05,24480,50,24481.2,50,0,1382200
NIFTY-II.NFO,13/08/2024,09:32:36,24481.2,24480,50,24481.2,25,25,1382200
NIFTY-II.NFO,13/08/2024,09:32:38,24481.2,24480,50,24481.2,25,0,1382200
NIFTY-II.NFO,13/08/2024,09:32:39,24481.2,24480,25,24482.15,250,50,1382200
NIFTY-II.NFO,13/08/2024,09:32:41,24481.2,24480,25,24482.1,100,0,1382200
NIFTY-II.NFO,13/08/2024,09:32:43,24481.2,24480,25,24482.25,250,0,1382200
NIFTY-II.NFO,13/08/2024,09:32:46,24481.2,24480.2,350,24484.65,500,0,1382200
NIFTY-II.NFO,13/08/2024,09:32:49,24484.65,24482.25,350,24485,25,25,1382200
NIFTY-II.NFO,13/08/2024,09:32:51,24489.8,24486.25,350,24488.95,225,50,1382200
NIFTY-II.NFO,13/08/2024,09:32:53,24489.8,24485.1,350,24488.9,100,0,1382200
NIFTY-II.NFO,13/08/2024,09:32:56,24489.1,24486.8,350,24489.8,275,50,1382200
NIFTY-II.NFO,13/08/2024,09:32:58,24489.1,24487.45,350,24489.8,25,0,1382200
NIFTY-II.NFO,13/08/2024,09:32:59,24489.1,24486.7,50,24489,25,0,1382200
NIFTY-II.NFO,13/08/2024,09:33:01,24489.1,24486.65,350,24488.95,100,0,1382200
NIFTY-II.NFO,13/08/2024,09:33:03,24489.1,24485.05,350,24488.6,250,0,1382200
NIFTY-II.NFO,13/08/2024,09:33:04,24488.6,24485.05,350,24488.1,100,25,1382200
NIFTY-II.NFO,13/08/2024,09:33:06,24488.6,24486.65,350,24489,25,0,1382200
NIFTY-II.NFO,13/08/2024,09:33:11,24488.6,24485.05,350,24488.55,175,0,1382200
NIFTY-II.NFO,13/08/2024,09:33:13,24488.6,24485.05,350,24487.75,225,0,1382200
NIFTY-II.NFO,13/08/2024,09:33:14,24487.8,24486.65,350,24489,25,100,1382200
NIFTY-II.NFO,13/08/2024,09:33:16,24487.8,24485.65,350,24488,25,0,1382200
NIFTY-II.NFO,13/08/2024,09:33:18,24489.2,24485.65,350,24488.05,150,75,1382200
NIFTY-II.NFO,13/08/2024,09:33:19,24489.2,24485.05,350,24488,100,0,1382200
NIFTY-II.NFO,13/08/2024,09:33:21,24489.2,24485.05,350,24488.05,225,0,1382200
NIFTY-II.NFO,13/08/2024,09:33:23,24489.2,24485.05,350,24488.3,100,0,1382200
NIFTY-II.NFO,13/08/2024,09:33:24,24489.2,24486.85,350,24489.35,250,0,1382200
NIFTY-II.NFO,13/08/2024,09:33:26,24489.2,24486.85,350,24489.95,125,0,1382200
NIFTY-II.NFO,13/08/2024,09:33:29,24489.2,24486.85,350,24490.3,225,0,1382200
NIFTY-II.NFO,13/08/2024,09:33:31,24489.2,24490.3,350,24493,250,0,1382200
NIFTY-II.NFO,13/08/2024,09:33:33,24489.2,24492.55,350,24494.95,25,0,1382200
NIFTY-II.NFO,13/08/2024,09:33:34,24494.95,24492.55,350,24495,25,25,1382200
NIFTY-II.NFO,13/08/2024,09:33:36,24494.95,24492.55,350,24494.95,100,0,1382200
NIFTY-II.NFO,13/08/2024,09:33:38,24492.55,24492.55,350,24494.3,100,25,1382200
NIFTY-II.NFO,13/08/2024,09:33:39,24492.55,24491.65,350,24494.6,100,0,1382200
NIFTY-II.NFO,13/08/2024,09:33:41,24495.35,24492.6,350,24494.75,550,175,1382200
NIFTY-II.NFO,13/08/2024,09:33:43,24494.75,24490.05,350,24492.45,50,200,1382200
NIFTY-II.NFO,13/08/2024,09:33:44,24492.4,24490.05,350,24491.8,50,25,1382200
NIFTY-II.NFO,13/08/2024,09:33:46,24492.4,24490.05,350,24492.9,250,0,1382200
NIFTY-II.NFO,13/08/2024,09:33:48,24492.4,24490.05,350,24492.45,50,0,1382200
NIFTY-II.NFO,13/08/2024,09:33:49,24492.55,24490,25,24490.95,475,1000,1382200
NIFTY-II.NFO,13/08/2024,09:33:51,24492.55,24490,75,24491,250,0,1382200
NIFTY-II.NFO,13/08/2024,09:33:53,24491.4,24490,75,24491.1,200,50,1382200
NIFTY-II.NFO,13/08/2024,09:33:54,24491.4,24490,75,24491.5,425,0,1382200
NIFTY-II.NFO,13/08/2024,09:33:56,24490,24490,25,24490.4,125,50,1382200
NIFTY-II.NFO,13/08/2024,09:33:58,24490,24485.05,350,24488.95,325,50,1384400
NIFTY-II.NFO,13/08/2024,09:33:59,24490,24485.05,350,24488.9,175,0,1384400
NIFTY-II.NFO,13/08/2024,09:34:01,24490,24485.35,350,24487.7,250,0,1384400
NIFTY-II.NFO,13/08/2024,09:34:03,24485,24482.85,350,24485.3,250,25,1384400
NIFTY-II.NFO,13/08/2024,09:34:04,24485,24483.25,350,24485.9,175,0,1384400
NIFTY-II.NFO,13/08/2024,09:34:06,24485,24483.6,350,24486.35,300,0,1384400
NIFTY-II.NFO,13/08/2024,09:34:08,24485,24483.6,350,24486.7,250,0,1384400
NIFTY-II.NFO,13/08/2024,09:34:09,24485,24483.1,350,24486.7,250,0,1384400
NIFTY-II.NFO,13/08/2024,09:34:11,24484.6,24484.6,350,24487.85,250,250,1384400
NIFTY-II.NFO,13/08/2024,09:34:13,24484.6,24483.3,350,24486.8,250,0,1384400
NIFTY-II.NFO,13/08/2024,09:34:14,24484.95,24484,400,24487.6,425,25,1384400
NIFTY-II.NFO,13/08/2024,09:34:16,24487.4,24484.9,350,24487.55,250,25,1384400
NIFTY-II.NFO,13/08/2024,09:34:18,24487.4,24482.55,350,24486,250,0,1384400
NIFTY-II.NFO,13/08/2024,09:34:19,24486.8,24482.55,350,24485,25,225,1384400
NIFTY-II.NFO,13/08/2024,09:34:21,24486.8,24482.55,350,24485,25,0,1384400
NIFTY-II.NFO,13/08/2024,09:34:23,24485,24483.9,350,24485.95,250,25,1384400
NIFTY-II.NFO,13/08/2024,09:34:24,24485,24482.3,350,24484.55,425,0,1384400
NIFTY-II.NFO,13/08/2024,09:34:26,24482.3,24480.55,100,24484.9,300,250,1384400
NIFTY-II.NFO,13/08/2024,09:34:28,24482.3,24482.55,225,24485,25,0,1384400
NIFTY-II.NFO,13/08/2024,09:34:29,24482.3,24482.55,225,24485,275,0,1384400
NIFTY-II.NFO,13/08/2024,09:34:31,24482.3,24482.65,350,24485,25,0,1384400
NIFTY-II.NFO,13/08/2024,09:34:33,24483.65,24482.55,225,24483.8,250,225,1384400
NIFTY-II.NFO,13/08/2024,09:34:34,24483.65,24482.55,225,24483.8,250,0,1384400
NIFTY-II.NFO,13/08/2024,09:34:36,24480.05,24480,400,24483.25,250,250,1384400
NIFTY-II.NFO,13/08/2024,09:34:38,24480.05,24482.4,350,24484.65,250,0,1384400
NIFTY-II.NFO,13/08/2024,09:34:39,24480.05,24481.4,350,24483.85,175,0,1384400
NIFTY-II.NFO,13/08/2024,09:34:41,24482.9,24480.3,350,24482.65,525,75,1384400
NIFTY-II.NFO,13/08/2024,09:34:43,24482.9,24480,50,24480.3,250,0,1384400
NIFTY-II.NFO,13/08/2024,09:34:44,24479.5,24478.05,25,24478.85,250,175,1384400
NIFTY-II.NFO,13/08/2024,09:34:46,24479.5,24478.05,25,24478.3,250,0,1384400
NIFTY-II.NFO,13/08/2024,09:34:48,24479.5,24478.05,25,24479.85,250,0,1384400
NIFTY-II.NFO,13/08/2024,09:34:49,24479.5,24478.05,25,24480,25,0,1384400
NIFTY-II.NFO,13/08/2024,09:34:51,24478.05,24477.6,100,24480,25,25,1384400
NIFTY-II.NFO,13/08/2024,09:34:53,24478.05,24477.55,350,24480,25,0,1384400
NIFTY-II.NFO,13/08/2024,09:34:56,24477.55,24477.55,350,24480.5,175,25,1384400
NIFTY-II.NFO,13/08/2024,09:34:58,24477.55,24477.55,350,24481,250,0,1384400
NIFTY-II.NFO,13/08/2024,09:34:59,24477.55,24479.15,350,24481.95,250,0,1384400
NIFTY-II.NFO,13/08/2024,09:35:01,24480.75,24479.15,350,24482,25,25,1384400
NIFTY-II.NFO,13/08/2024,09:35:03,24480.75,24479.15,350,24481.55,175,0,1384400
NIFTY-II.NFO,13/08/2024,09:35:04,24480.75,24479.9,350,24482.7,250,0,1384400
NIFTY-II.NFO,13/08/2024,09:35:06,24480,24480.8,350,24484.3,250,25,1384400
NIFTY-II.NFO,13/08/2024,09:35:08,24480,24481.5,375,24485.15,175,0,1384400
NIFTY-II.NFO,13/08/2024,09:35:10,24480,24482.35,350,24485.65,250,0,1384400
NIFTY-II.NFO,13/08/2024,09:35:11,24482.35,24483.55,350,24486.25,250,50,1384400
NIFTY-II.NFO,13/08/2024,09:35:13,24482.35,24482.3,350,24485.45,250,0,1384400
NIFTY-II.NFO,13/08/2024,09:35:15,24482.35,24480.55,350,24484.25,250,0,1384400
NIFTY-II.NFO,13/08/2024,09:35:16,24482.35,24478.85,350,24482.6,325,0,1384400
NIFTY-II.NFO,13/08/2024,09:35:18,24482.7,24481.25,350,24484.2,250,150,1384400
NIFTY-II.NFO,13/08/2024,09:35:20,24482.7,24482.4,350,24485.9,125,0,1384400
NIFTY-II.NFO,13/08/2024,09:35:21,24482.7,24482.4,350,24484.85,250,0,1384400
NIFTY-II.NFO,13/08/2024,09:35:23,24482.7,24480.55,350,24483.25,250,0,1384400
NIFTY-II.NFO,13/08/2024,09:35:24,24482.7,24480.55,350,24483.55,250,0,1384400
NIFTY-II.NFO,13/08/2024,09:35:26,24482.7,24482.15,350,24485.3,250,0,1384400
NIFTY-II.NFO,13/08/2024,09:35:28,24482.7,24483.2,350,24485.65,250,0,1384400
NIFTY-II.NFO,13/08/2024,09:35:29,24482.7,24483.2,350,24485.7,675,0,1384400
NIFTY-II.NFO,13/08/2024,09:35:31,24482.7,24483.8,350,24487.25,125,0,1384400
NIFTY-II.NFO,13/08/2024,09:35:33,24482.7,24484.9,350,24487.45,250,0,1384400
NIFTY-II.NFO,13/08/2024,09:35:34,24484.9,24485,25,24486.75,250,100,1384400
NIFTY-II.NFO,13/08/2024,09:35:36,24484.9,24485,25,24487.2,125,0,1384400
NIFTY-II.NFO,13/08/2024,09:35:38,24484.9,24485,25,24487.4,375,0,1384400
NIFTY-II.NFO,13/08/2024,09:35:39,24484.9,24485,25,24487.2,500,0,1384400
NIFTY-II.NFO,13/08/2024,09:35:41,24487.05,24485,25,24486.45,250,150,1384400
NIFTY-II.NFO,13/08/2024,09:35:43,24485,24482.05,350,24485.25,250,25,1384400
NIFTY-II.NFO,13/08/2024,09:35:44,24485.25,24482.95,350,24486.15,150,100,1384400
NIFTY-II.NFO,13/08/2024,09:35:46,24485.25,24483.55,350,24486.55,250,0,1384400
NIFTY-II.NFO,13/08/2024,09:35:48,24485.25,24483.55,350,24486.2,250,0,1384400
NIFTY-II.NFO,13/08/2024,09:35:49,24485.25,24481.8,350,24484.55,250,0,1384400
NIFTY-II.NFO,13/08/2024,09:35:51,24485.25,24481.8,350,24484.2,150,0,1384400
NIFTY-II.NFO,13/08/2024,09:35:53,24485.25,24480.05,350,24483.25,250,0,1384400
NIFTY-II.NFO,13/08/2024,09:35:54,24485.25,24480,50,24481.4,150,0,1384400
NIFTY-II.NFO,13/08/2024,09:35:56,24480,24480,25,24481.2,250,25,1384400
NIFTY-II.NFO,13/08/2024,09:35:58,24480,24480,25,24481.1,250,0,1384400
NIFTY-II.NFO,13/08/2024,09:35:59,24480,24480,25,24481.1,175,0,1384400
NIFTY-II.NFO,13/08/2024,09:36:01,24480,24480,125,24480.45,175,0,1384400
NIFTY-II.NFO,13/08/2024,09:36:03,24480,24477.55,25,24479.7,250,125,1384400
NIFTY-II.NFO,13/08/2024,09:36:04,24479.35,24477.55,25,24478.9,250,200,1384400
NIFTY-II.NFO,13/08/2024,09:36:06,24479.35,24477.55,25,24478.7,50,0,1384400
NIFTY-II.NFO,13/08/2024,09:36:08,24477.5,24475.05,350,24477.75,150,50,1384400
NIFTY-II.NFO,13/08/2024,09:36:09,24477.5,24475.05,350,24477.95,250,0,1384400
NIFTY-II.NFO,13/08/2024,09:36:11,24477.5,24475.05,350,24478.35,250,0,1384400
NIFTY-II.NFO,13/08/2024,09:36:13,24477.5,24476.35,350,24479.25,250,0,1384400
NIFTY-II.NFO,13/08/2024,09:36:14,24481,24478.3,350,24480.35,250,25,1384400
NIFTY-II.NFO,13/08/2024,09:36:16,24481,24476.8,350,24480.05,175,0,1384400
NIFTY-II.NFO,13/08/2024,09:36:18,24481,24477.55,350,24480.5,125,0,1384400
NIFTY-II.NFO,13/08/2024,09:36:19,24481,24478.4,350,24480.65,25,0,1384400
NIFTY-II.NFO,13/08/2024,09:36:21,24481,24478.4,350,24481.05,175,0,1384400
NIFTY-II.NFO,13/08/2024,09:36:23,24481,24478.4,350,24480.75,250,0,1384400
NIFTY-II.NFO,13/08/2024,09:36:24,24481,24475.3,350,24478.5,250,0,1384400
NIFTY-II.NFO,13/08/2024,09:36:27,24481,24477.8,150,24479.05,250,0,1384400
NIFTY-II.NFO,13/08/2024,09:36:29,24480.3,24477.8,475,24480.5,500,25,1384400
NIFTY-II.NFO,13/08/2024,09:36:31,24480.3,24477.8,125,24479,250,0,1384400
NIFTY-II.NFO,13/08/2024,09:36:32,24477.8,24477.8,100,24479.3,250,25,1384400
NIFTY-II.NFO,13/08/2024,09:36:34,24477.8,24477.8,100,24479.35,250,50,1384400
NIFTY-II.NFO,13/08/2024,09:36:36,24477.8,24477.45,100,24477.65,250,0,1384400
NIFTY-II.NFO,13/08/2024,09:36:37,24477.35,24475.05,350,24477.5,250,300,1384400
NIFTY-II.NFO,13/08/2024,09:36:39,24477.35,24475.05,350,24477.9,250,0,1384400
NIFTY-II.NFO,13/08/2024,09:36:41,24476.85,24475,125,24477.25,250,250,1384400
NIFTY-II.NFO,13/08/2024,09:36:42,24476.85,24475,125,24477.25,250,0,1384400
NIFTY-II.NFO,13/08/2024,09:36:44,24476.85,24476.7,150,24477.25,500,0,1384400
NIFTY-II.NFO,13/08/2024,09:36:47,24476.55,24475,125,24476.15,250,150,1384400
NIFTY-II.NFO,13/08/2024,09:36:49,24475,24475,100,24476.7,175,25,1384400
NIFTY-II.NFO,13/08/2024,09:36:51,24476.4,24475.45,150,24476.85,300,25,1384400
NIFTY-II.NFO,13/08/2024,09:36:52,24476.3,24475,100,24475.45,250,150,1384400
NIFTY-II.NFO,13/08/2024,09:36:54,24474.95,24474.85,150,24475.25,175,125,1384400
NIFTY-II.NFO,13/08/2024,09:36:56,24474.95,24474.8,150,24475.85,100,0,1384400
NIFTY-II.NFO,13/08/2024,09:36:57,24474.95,24474.85,150,24475.05,175,0,1384400
NIFTY-II.NFO,13/08/2024,09:36:59,24474.45,24472,50,24474.1,100,175,1385750
NIFTY-II.NFO,13/08/2024,09:37:01,24474.45,24473.35,150,24473.5,250,0,1385750
NIFTY-II.NFO,13/08/2024,09:37:02,24474,24472,375,24474.6,100,475,1385750
NIFTY-II.NFO,13/08/2024,09:37:04,24474,24473,150,24473.05,250,0,1385750
NIFTY-II.NFO,13/08/2024,09:37:06,24473.35,24471,25,24473.25,250,175,1385750
NIFTY-II.NFO,13/08/2024,09:37:07,24472.85,24471.15,350,24473.8,500,25,1385750
NIFTY-II.NFO,13/08/2024,09:37:09,24472.85,24472.75,150,24474.95,25,0,1385750
NIFTY-II.NFO,13/08/2024,09:37:12,24472.85,24473.3,100,24474.95,25,0,1385750
NIFTY-II.NFO,13/08/2024,09:37:14,24472.85,24472.8,350,24474.95,25,0,1385750
NIFTY-II.NFO,13/08/2024,09:37:16,24472.75,24472.8,350,24475.35,75,25,1385750
NIFTY-II.NFO,13/08/2024,09:37:17,24472.75,24472.65,150,24474.15,250,0,1385750
NIFTY-II.NFO,13/08/2024,09:37:19,24472.75,24472.65,150,24473.4,250,0,1385750
NIFTY-II.NFO,13/08/2024,09:37:21,24471,24470,400,24470.3,50,250,1385750
NIFTY-II.NFO,13/08/2024,09:37:22,24470.9,24468,400,24470.85,250,700,1385750
NIFTY-II.NFO,13/08/2024,09:37:22,24469.1,24468,400,24470.85,250,0,1385750
NIFTY-II.NFO,13/08/2024,09:37:24,24470.9,24468.85,350,24472.15,125,0,1385750
NIFTY-II.NFO,13/08/2024,09:37:26,24472.15,24469.25,350,24472.25,250,25,1385750
NIFTY-II.NFO,13/08/2024,09:37:27,24472.15,24469.8,350,24472.85,300,0,1385750
NIFTY-II.NFO,13/08/2024,09:37:29,24472.15,24469.8,350,24472.5,500,0,1385750
NIFTY-II.NFO,13/08/2024,09:37:31,24472.15,24469,350,24471.4,250,0,1385750
NIFTY-II.NFO,13/08/2024,09:37:32,24471.35,24471,75,24471.4,250,50,1385750
NIFTY-II.NFO,13/08/2024,09:37:34,24471,24470,25,24470.8,500,75,1385750
NIFTY-II.NFO,13/08/2024,09:37:36,24468.45,24468.35,150,24469.6,50,50,1385750
NIFTY-II.NFO,13/08/2024,09:37:36,24468.45,24468.35,150,24469.6,50,0,1385750
NIFTY-II.NFO,13/08/2024,09:37:37,24468.45,24468.3,150,24469.9,250,0,1385750
NIFTY-II.NFO,13/08/2024,09:37:39,24468.45,24468.35,150,24469.35,250,0,1385750
NIFTY-II.NFO,13/08/2024,09:37:40,24468.45,24468.35,150,24469.3,250,0,1385750
NIFTY-II.NFO,13/08/2024,09:37:42,24468.3,24468.25,150,24469.65,250,25,1385750
NIFTY-II.NFO,13/08/2024,09:37:42,24468.3,24468.25,150,24469.65,250,0,1385750
NIFTY-II.NFO,13/08/2024,09:37:44,24468.3,24468.25,150,24469.65,250,0,1385750
NIFTY-II.NFO,13/08/2024,09:37:45,24468.3,24469.6,350,24472.45,250,0,1385750
NIFTY-II.NFO,13/08/2024,09:37:47,24468.3,24468.3,350,24471.9,250,0,1385750
NIFTY-II.NFO,13/08/2024,09:37:49,24469,24469,350,24472.2,250,25,1385750
NIFTY-II.NFO,13/08/2024,09:37:50,24469,24469.6,350,24472.55,250,0,1385750
NIFTY-II.NFO,13/08/2024,09:37:52,24469.6,24468.25,150,24470.55,250,50,1385750
NIFTY-II.NFO,13/08/2024,09:37:54,24470.95,24469,25,24470.8,125,25,1385750
NIFTY-II.NFO,13/08/2024,09:37:55,24470.95,24469,25,24470.25,250,0,1385750
NIFTY-II.NFO,13/08/2024,09:37:57,24468.85,24468.25,150,24468.75,200,50,1385750
NIFTY-II.NFO,13/08/2024,09:37:59,24468.85,24468.1,150,24469.4,200,0,1385750
NIFTY-II.NFO,13/08/2024,09:38:00,24468.85,24468.1,150,24469.8,200,0,1385750
NIFTY-II.NFO,13/08/2024,09:38:02,24468.85,24468.3,50,24470,25,0,1385750
NIFTY-II.NFO,13/08/2024,09:38:04,24470,24470.4,350,24473.2,25,25,1385750
NIFTY-II.NFO,13/08/2024,09:38:05,24470.3,24470.3,350,24472.65,200,50,1385750
NIFTY-II.NFO,13/08/2024,09:38:07,24470.3,24468.1,350,24471.7,250,0,1385750
NIFTY-II.NFO,13/08/2024,09:38:09,24470.3,24468.1,350,24470.5,200,0,1385750
NIFTY-II.NFO,13/08/2024,09:38:10,24470.3,24468.1,350,24470.9,200,0,1385750
NIFTY-II.NFO,13/08/2024,09:38:12,24470.3,24468.1,350,24470.35,250,0,1385750
NIFTY-II.NFO,13/08/2024,09:38:14,24470.35,24468,50,24469.6,200,100,1385750
NIFTY-II.NFO,13/08/2024,09:38:15,24470.35,24468,50,24469.4,225,0,1385750
NIFTY-II.NFO,13/08/2024,09:38:17,24468,24466,75,24467.6,300,50,1385750
NIFTY-II.NFO,13/08/2024,09:38:17,24468,24466,75,24467.6,300,0,1385750
NIFTY-II.NFO,13/08/2024,09:38:19,24463.2,24460.3,75,24463.15,25,1250,1385750
NIFTY-II.NFO,13/08/2024,09:38:19,24460,24460.3,75,24463.15,25,0,1385750
NIFTY-II.NFO,13/08/2024,09:38:20,24465.1,24460.05,75,24464.25,250,350,1385750
NIFTY-II.NFO,13/08/2024,09:38:22,24465.1,24462.2,150,24464.15,250,0,1385750
NIFTY-II.NFO,13/08/2024,09:38:24,24460.45,24462.1,150,24464.25,50,50,1385750
NIFTY-II.NFO,13/08/2024,09:38:25,24460.3,24461.9,150,24464,50,25,1385750
NIFTY-II.NFO,13/08/2024,09:38:27,24462.05,24462,150,24464.6,25,50,1385750
NIFTY-II.NFO,13/08/2024,09:38:29,24462.05,24462,500,24464.45,100,0,1385750
NIFTY-II.NFO,13/08/2024,09:38:30,24462.05,24462,500,24464.7,25,0,1385750
NIFTY-II.NFO,13/08/2024,09:38:32,24462.05,24462,500,24465.1,25,0,1385750
NIFTY-II.NFO,13/08/2024,09:38:34,24462.05,24462.65,350,24465.25,25,0,1385750
NIFTY-II.NFO,13/08/2024,09:38:35,24462.05,24463.85,350,24467.15,225,0,1385750
NIFTY-II.NFO,13/08/2024,09:38:37,24462.05,24464.3,350,24466.8,250,0,1385750
NIFTY-II.NFO,13/08/2024,09:38:39,24462.05,24464.3,350,24467.55,75,0,1385750
NIFTY-II.NFO,13/08/2024,09:38:40,24462.05,24465.9,350,24469,125,0,1385750
NIFTY-II.NFO,13/08/2024,09:38:42,24470,24467.25,350,24470.3,25,25,1385750
NIFTY-II.NFO,13/08/2024,09:38:44,24467.25,24468.4,350,24470.55,250,50,1385750
NIFTY-II.NFO,13/08/2024,09:38:45,24467.55,24465.8,350,24468.5,25,25,1385750
NIFTY-II.NFO,13/08/2024,09:38:47,24464.05,24462.95,25,24467.2,250,75,1385750
NIFTY-II.NFO,13/08/2024,09:38:49,24464.05,24464.3,25,24468.6,250,0,1385750
NIFTY-II.NFO,13/08/2024,09:38:50,24464.05,24465.35,25,24469.4,25,0,1385750
NIFTY-II.NFO,13/08/2024,09:38:52,24464.05,24463.85,50,24468.2,100,0,1385750
NIFTY-II.NFO,13/08/2024,09:38:54,24467.8,24464.05,75,24468.7,350,50,1385750
NIFTY-II.NFO,13/08/2024,09:38:55,24465.8,24463.2,325,24467.8,100,50,1385750
NIFTY-II.NFO,13/08/2024,09:38:57,24465.75,24462.1,100,24466.25,225,225,1385750
NIFTY-II.NFO,13/08/2024,09:38:59,24465.75,24462.1,100,24466.9,50,0,1385750
NIFTY-II.NFO,13/08/2024,09:39:00,24465.75,24464.55,350,24467.7,125,0,1385750
NIFTY-II.NFO,13/08/2024,09:39:02,24467.3,24465.8,25,24467.45,250,25,1385750
NIFTY-II.NFO,13/08/2024,09:39:04,24467.3,24466.3,50,24469,50,0,1385750
NIFTY-II.NFO,13/08/2024,09:39:05,24467.3,24465.8,25,24468.5,50,0,1385750
NIFTY-II.NFO,13/08/2024,09:39:09,24467.3,24465.8,25,24468.3,500,0,1385750
NIFTY-II.NFO,13/08/2024,09:39:10,24467.3,24465.8,25,24468.35,250,0,1385750
NIFTY-II.NFO,13/08/2024,09:39:12,24468.1,24465.9,350,24468.5,25,600,1385750
NIFTY-II.NFO,13/08/2024,09:39:14,24468.1,24465.75,25,24468.5,50,0,1385750
NIFTY-II.NFO,13/08/2024,09:39:15,24467.95,24465.8,350,24468.5,25,150,1385750
NIFTY-II.NFO,13/08/2024,09:39:17,24469.95,24467.15,350,24470,50,200,1385750
NIFTY-II.NFO,13/08/2024,09:39:19,24467.8,24466.45,50,24468.5,25,150,1385750
NIFTY-II.NFO,13/08/2024,09:39:20,24467.8,24465.85,350,24468.5,25,0,1385750
NIFTY-II.NFO,13/08/2024,09:39:22,24470,24467.1,350,24470,300,175,1385750
NIFTY-II.NFO,13/08/2024,09:39:24,24467.5,24466.2,100,24470,300,1100,1385750
NIFTY-II.NFO,13/08/2024,09:39:25,24467.5,24466.25,50,24470.05,25,0,1385750
NIFTY-II.NFO,13/08/2024,09:39:27,24467.5,24467.45,50,24471.95,250,0,1385750
NIFTY-II.NFO,13/08/2024,09:39:28,24467.5,24467.5,50,24472.3,150,0,1385750
NIFTY-II.NFO,13/08/2024,09:39:30,24472.3,24467.35,75,24471.85,100,25,1385750
NIFTY-II.NFO,13/08/2024,09:39:32,24469.95,24469.95,350,24472.9,125,50,1385750
NIFTY-II.NFO,13/08/2024,09:39:34,24476.5,24474.5,50,24477.5,25,175,1385750
NIFTY-II.NFO,13/08/2024,09:39:35,24476.5,24472.7,75,24477.3,100,0,1385750
NIFTY-II.NFO,13/08/2024,09:39:37,24477.75,24474.4,50,24477.65,250,25,1385750
NIFTY-II.NFO,13/08/2024,09:39:39,24477.8,24474.8,350,24478.55,100,25,1385750
NIFTY-II.NFO,13/08/2024,09:39:40,24477.8,24475.35,350,24478.6,100,0,1385750
NIFTY-II.NFO,13/08/2024,09:39:42,24475.35,24475.35,350,24478.55,225,25,1385750
NIFTY-II.NFO,13/08/2024,09:39:44,24475.35,24475.75,350,24478.5,225,0,1385750
NIFTY-II.NFO,13/08/2024,09:39:45,24477.4,24474.05,350,24477.45,350,25,1385750
NIFTY-II.NFO,13/08/2024,09:39:47,24477.4,24472.7,75,24477.25,100,0,1385750
NIFTY-II.NFO,13/08/2024,09:39:49,24477.4,24475,25,24475.65,125,0,1385750
NIFTY-II.NFO,13/08/2024,09:39:50,24475,24470.05,350,24473.9,175,25,1385750
NIFTY-II.NFO,13/08/2024,09:39:52,24475.05,24471.8,350,24474.95,25,25,1385750
NIFTY-II.NFO,13/08/2024,09:39:54,24474.95,24471.8,350,24475.2,250,50,1385750
NIFTY-II.NFO,13/08/2024,09:39:55,24474.9,24473.6,100,24474.85,25,200,1385750
NIFTY-II.NFO,13/08/2024,09:39:57,24474.9,24470.8,150,24472.95,25,0,1385750
NIFTY-II.NFO,13/08/2024,09:39:59,24473.4,24473.35,150,24473.55,250,50,1387525
NIFTY-II.NFO,13/08/2024,09:40:00,24473.6,24473.25,150,24474.45,250,175,1387525
NIFTY-II.NFO,13/08/2024,09:40:02,24473.1,24470.85,50,24474.55,500,75,1387525
NIFTY-II.NFO,13/08/2024,09:40:04,24473.1,24473,150,24474.4,250,0,1387525
NIFTY-II.NFO,13/08/2024,09:40:05,24473.1,24473,150,24473.15,250,0,1387525
NIFTY-II.NFO,13/08/2024,09:40:07,24473,24470.05,50,24473.85,100,150,1387525
NIFTY-II.NFO,13/08/2024,09:40:09,24473,24472.85,150,24474.85,250,0,1387525
NIFTY-II.NFO,13/08/2024,09:40:10,24473,24472.85,150,24475,25,0,1387525
NIFTY-II.NFO,13/08/2024,09:40:17,24473,24473,100,24475,25,0,1387525
NIFTY-II.NFO,13/08/2024,09:40:19,24475,24474.85,100,24477,50,50,1387525
NIFTY-II.NFO,13/08/2024,09:40:20,24477,24474.8,300,24477.4,250,50,1387525
NIFTY-II.NFO,13/08/2024,09:40:22,24477,24474.75,50,24477.4,250,0,1387525
NIFTY-II.NFO,13/08/2024,09:40:25,24477.4,24477,25,24477.4,225,25,1387525
NIFTY-II.NFO,13/08/2024,09:40:27,24477.4,24477,25,24477.4,225,0,1387525
NIFTY-II.NFO,13/08/2024,09:40:28,24477,24474.45,100,24477.4,225,50,1387525
NIFTY-II.NFO,13/08/2024,09:40:30,24477,24475.45,100,24477.4,225,0,1387525
NIFTY-II.NFO,13/08/2024,09:40:32,24477,24475.2,100,24477.4,225,0,1387525
NIFTY-II.NFO,13/08/2024,09:40:33,24477.4,24474.65,100,24477.4,200,25,1387525
NIFTY-II.NFO,13/08/2024,09:40:35,24477.4,24474.65,100,24477.4,200,0,1387525
NIFTY-II.NFO,13/08/2024,09:40:38,24477.4,24475.15,100,24477.4,175,25,1387525
NIFTY-II.NFO,13/08/2024,09:40:40,24477.4,24474.6,100,24477.4,150,25,1387525
NIFTY-II.NFO,13/08/2024,09:40:42,24477.4,24474.65,100,24477.4,125,25,1387525
NIFTY-II.NFO,13/08/2024,09:40:43,24477.4,24474.75,100,24477.4,125,0,1387525
NIFTY-II.NFO,13/08/2024,09:40:45,24477.4,24474.85,100,24477.4,125,0,1387525
NIFTY-II.NFO,13/08/2024,09:40:47,24477.4,24475,50,24477.4,100,25,1387525
NIFTY-II.NFO,13/08/2024,09:40:48,24477.4,24475,50,24477.4,100,0,1387525
NIFTY-II.NFO,13/08/2024,09:40:52,24477.4,24475,50,24477.4,50,50,1387525
NIFTY-II.NFO,13/08/2024,09:40:53,24477.4,24475,50,24477.4,50,0,1387525
NIFTY-II.NFO,13/08/2024,09:40:58,24475,24475,25,24477.4,50,25,1387525
NIFTY-II.NFO,13/08/2024,09:41:00,24475,24475.3,100,24477.4,50,0,1387525
NIFTY-II.NFO,13/08/2024,09:41:02,24478,24477.3,100,24480,25,75,1387525
NIFTY-II.NFO,13/08/2024,09:41:03,24480,24478,50,24481,150,25,1387525
NIFTY-II.NFO,13/08/2024,09:41:05,24480,24478.25,100,24481,150,0,1387525
NIFTY-II.NFO,13/08/2024,09:41:07,24480,24479.3,100,24481,150,0,1387525
NIFTY-II.NFO,13/08/2024,09:41:08,24485,24486.3,50,24489.95,25,200,1387525
NIFTY-II.NFO,13/08/2024,09:41:10,24489.95,24485.4,50,24488.55,125,25,1387525
NIFTY-II.NFO,13/08/2024,09:41:12,24489.95,24486.85,50,24490,50,0,1387525
NIFTY-II.NFO,13/08/2024,09:41:13,24489.95,24487.15,50,24490,50,0,1387525
NIFTY-II.NFO,13/08/2024,09:41:15,24489.9,24489.85,150,24491.1,250,100,1387525
NIFTY-II.NFO,13/08/2024,09:41:17,24486.1,24486.05,50,24489.45,125,200,1387525
NIFTY-II.NFO,13/08/2024,09:41:18,24486.1,24487,50,24490.7,50,0,1387525
NIFTY-II.NFO,13/08/2024,09:41:20,24488.6,24486.1,25,24488.45,250,650,1387525
NIFTY-II.NFO,13/08/2024,09:41:22,24488.6,24486.1,25,24487.85,250,0,1387525
NIFTY-II.NFO,13/08/2024,09:41:23,24486.95,24486.1,25,24487.3,50,175,1387525
NIFTY-II.NFO,13/08/2024,09:41:25,24486.95,24486.1,25,24488.9,50,0,1387525
NIFTY-II.NFO,13/08/2024,09:41:27,24486.95,24488.6,25,24489.85,50,0,1387525
NIFTY-II.NFO,13/08/2024,09:41:28,24486.9,24486.85,200,24489.85,50,75,1387525
NIFTY-II.NFO,13/08/2024,09:41:30,24486.9,24486.85,200,24489.85,50,0,1387525
NIFTY-II.NFO,13/08/2024,09:41:32,24486.9,24486.85,150,24489.85,50,0,1387525
NIFTY-II.NFO,13/08/2024,09:41:33,24486.9,24486.9,25,24489.85,50,0,1387525
NIFTY-II.NFO,13/08/2024,09:41:37,24486.9,24486.9,25,24489.75,250,0,1387525
NIFTY-II.NFO,13/08/2024,09:41:38,24489.85,24487.1,50,24490,175,50,1387525
NIFTY-II.NFO,13/08/2024,09:41:40,24489.85,24487.1,50,24490,175,0,1387525
NIFTY-II.NFO,13/08/2024,09:41:45,24489.85,24487.15,50,24490,175,0,1387525
NIFTY-II.NFO,13/08/2024,09:41:47,24490,24490.45,100,24492.05,500,175,1387525
NIFTY-II.NFO,13/08/2024,09:41:48,24494.2,24495,25,24497.05,50,550,1387525
NIFTY-II.NFO,13/08/2024,09:41:50,24494.2,24495,25,24497.05,50,0,1387525
NIFTY-II.NFO,13/08/2024,09:41:53,24497.05,24495,25,24497.65,125,50,1387525
NIFTY-II.NFO,13/08/2024,09:41:55,24497.05,24495,25,24498,25,0,1387525
NIFTY-II.NFO,13/08/2024,09:41:57,24497.05,24495.55,50,24498,25,0,1387525
NIFTY-II.NFO,13/08/2024,09:41:58,24497.05,24495.15,100,24498,50,0,1387525
NIFTY-II.NFO,13/08/2024,09:42:00,24501.1,24500.25,50,24504.6,50,400,1387525
NIFTY-II.NFO,13/08/2024,09:42:02,24501.1,24501.1,50,24505,50,0,1387525
NIFTY-II.NFO,13/08/2024,09:42:03,24503.95,24501.1,50,24504.3,250,50,1387525
NIFTY-II.NFO,13/08/2024,09:42:05,24503.95,24500.75,50,24503.7,25,0,1387525
NIFTY-II.NFO,13/08/2024,09:42:07,24502,24500.75,50,24504.95,125,25,1387525
NIFTY-II.NFO,13/08/2024,09:42:08,24503.15,24499.6,50,24502.85,125,25,1387525
NIFTY-II.NFO,13/08/2024,09:42:10,24503.15,24497.1,50,24501.75,125,0,1387525
NIFTY-II.NFO,13/08/2024,09:42:12,24503.15,24499.4,50,24503.4,50,0,1387525
NIFTY-II.NFO,13/08/2024,09:42:13,24503.4,24499.4,50,24503.05,25,75,1387525
NIFTY-II.NFO,13/08/2024,09:42:15,24503.4,24499.4,50,24503.05,50,0,1387525
NIFTY-II.NFO,13/08/2024,09:42:17,24503,24499.8,50,24503.15,25,25,1387525
NIFTY-II.NFO,13/08/2024,09:42:18,24503,24499.95,50,24503.15,50,0,1387525
NIFTY-II.NFO,13/08/2024,09:42:20,24507,24506.35,100,24508,75,100,1387525
NIFTY-II.NFO,13/08/2024,09:42:20,24507,24506.35,100,24508,75,0,1387525
NIFTY-II.NFO,13/08/2024,09:42:22,24515,24515.55,250,24518.2,50,275,1387525
NIFTY-II.NFO,13/08/2024,09:42:22,24515,24515.55,250,24518.2,50,0,1387525
NIFTY-II.NFO,13/08/2024,09:42:23,24517.5,24517.35,250,24519.95,50,500,1387525
NIFTY-II.NFO,13/08/2024,09:42:23,24520,24517.35,250,24519.95,50,0,1387525
NIFTY-II.NFO,13/08/2024,09:42:25,24515.45,24515.15,50,24519,50,25,1387525
NIFTY-II.NFO,13/08/2024,09:42:27,24514.7,24515.65,50,24519.5,50,25,1387525
NIFTY-II.NFO,13/08/2024,09:42:28,24514.65,24514.65,50,24517.65,250,25,1387525
NIFTY-II.NFO,13/08/2024,09:42:30,24518.05,24514.65,50,24518.5,325,100,1387525
NIFTY-II.NFO,13/08/2024,09:42:32,24518.05,24516.8,50,24520,200,0,1387525
NIFTY-II.NFO,13/08/2024,09:42:33,24518.05,24515.65,50,24519.5,250,0,1387525
NIFTY-II.NFO,13/08/2024,09:42:35,24518.05,24515.2,50,24518,50,0,1387525
NIFTY-II.NFO,13/08/2024,09:42:37,24519.45,24518.05,50,24519.6,200,100,1387525
NIFTY-II.NFO,13/08/2024,09:42:38,24514.75,24514.75,50,24518.6,200,75,1387525
NIFTY-II.NFO,13/08/2024,09:42:40,24516,24516,50,24519.9,125,25,1387525
NIFTY-II.NFO,13/08/2024,09:42:42,24516,24516.85,50,24520,150,0,1387525
NIFTY-II.NFO,13/08/2024,09:42:43,24516,24518.25,150,24520,150,0,1387525
NIFTY-II.NFO,13/08/2024,09:42:45,24516,24517.35,150,24520,150,0,1387525
NIFTY-II.NFO,13/08/2024,09:42:47,24518.2,24518.4,125,24519,100,25,1387525
NIFTY-II.NFO,13/08/2024,09:42:48,24521.2,24521.25,100,24522,25,275,1387525
NIFTY-II.NFO,13/08/2024,09:42:48,24521.2,24521.25,100,24522,25,0,1387525
NIFTY-II.NFO,13/08/2024,09:42:50,24522,24519.25,50,24522.8,200,50,1387525
NIFTY-II.NFO,13/08/2024,09:42:50,24522,24519.25,50,24522.8,200,0,1387525
NIFTY-II.NFO,13/08/2024,09:42:52,24519.25,24516.4,50,24519,25,25,1387525
NIFTY-II.NFO,13/08/2024,09:42:53,24516.4,24516.4,50,24519,100,25,1387525
NIFTY-II.NFO,13/08/2024,09:42:55,24518.55,24514.75,50,24518.05,375,25,1387525
NIFTY-II.NFO,13/08/2024,09:42:57,24518.55,24514.7,25,24517.6,125,0,1387525
NIFTY-II.NFO,13/08/2024,09:42:58,24518.55,24514.7,25,24517.6,175,0,1387525
NIFTY-II.NFO,13/08/2024,09:43:00,24515.85,24511.85,50,24515.95,150,50,1388425
NIFTY-II.NFO,13/08/2024,09:43:02,24515.85,24512.1,50,24516.3,175,0,1388425
NIFTY-II.NFO,13/08/2024,09:43:03,24515.85,24512.1,50,24514.6,225,0,1388425
NIFTY-II.NFO,13/08/2024,09:43:05,24515.85,24512.05,50,24515,25,0,1388425
NIFTY-II.NFO,13/08/2024,09:43:07,24515.85,24510.15,50,24513.2,350,0,1388425
NIFTY-II.NFO,13/08/2024,09:43:08,24515.85,24510.15,50,24513.45,75,0,1388425
NIFTY-II.NFO,13/08/2024,09:43:10,24515.85,24510.15,50,24513.6,100,0,1388425
NIFTY-II.NFO,13/08/2024,09:43:12,24512.75,24510.1,100,24510.95,25,50,1388425
NIFTY-II.NFO,13/08/2024,09:43:13,24512.75,24510.1,100,24510.95,25,0,1388425
NIFTY-II.NFO,13/08/2024,09:43:17,24510.95,24510.1,100,24511.85,100,25,1388425
NIFTY-II.NFO,13/08/2024,09:43:18,24510.95,24510.1,100,24511.65,250,0,1388425
NIFTY-II.NFO,13/08/2024,09:43:20,24510.1,24510.1,75,24510.25,175,25,1388425
NIFTY-II.NFO,13/08/2024,09:43:22,24510.1,24506.1,50,24510.15,100,75,1388425
NIFTY-II.NFO,13/08/2024,09:43:23,24510.1,24504.4,50,24507.85,100,0,1388425
NIFTY-II.NFO,13/08/2024,09:43:25,24510.1,24504.4,50,24506.95,100,0,1388425
NIFTY-II.NFO,13/08/2024,09:43:27,24505.1,24502.1,50,24506.4,75,25,1388425
NIFTY-II.NFO,13/08/2024,09:43:28,24505.1,24505.25,50,24509.65,175,0,1388425
NIFTY-II.NFO,13/08/2024,09:43:30,24505.1,24505.25,50,24508.7,125,0,1388425
NIFTY-II.NFO,13/08/2024,09:43:32,24505.1,24506.4,50,24509.8,300,0,1388425
NIFTY-II.NFO,13/08/2024,09:43:33,24505.1,24506.4,50,24510.5,75,0,1388425
NIFTY-II.NFO,13/08/2024,09:43:35,24505.1,24506.7,100,24509,25,0,1388425
NIFTY-II.NFO,13/08/2024,09:43:37,24506.9,24506.65,100,24509,25,25,1388425
NIFTY-II.NFO,13/08/2024,09:43:38,24506.9,24506.45,50,24509,25,0,1388425
NIFTY-II.NFO,13/08/2024,09:43:40,24506.9,24504.1,50,24508.2,25,0,1388425
NIFTY-II.NFO,13/08/2024,09:43:42,24506.25,24506.45,100,24509,25,25,1388425
NIFTY-II.NFO,13/08/2024,09:43:43,24509,24508.1,50,24510.95,25,25,1388425
NIFTY-II.NFO,13/08/2024,09:43:45,24509,24508.1,50,24510.95,25,0,1388425
NIFTY-II.NFO,13/08/2024,09:43:47,24509,24506.95,350,24510.9,25,0,1388425
NIFTY-II.NFO,13/08/2024,09:43:48,24510.45,24506.95,350,24509.35,50,25,1388425
NIFTY-II.NFO,13/08/2024,09:43:50,24508.65,24506.9,25,24508.85,300,150,1388425
NIFTY-II.NFO,13/08/2024,09:43:52,24506.9,24505,25,24507.15,100,25,1388425
NIFTY-II.NFO,13/08/2024,09:43:53,24506.9,24505,25,24507.3,300,0,1388425
NIFTY-II.NFO,13/08/2024,09:43:55,24506.9,24506,100,24508.7,250,0,1388425
NIFTY-II.NFO,13/08/2024,09:43:57,24506,24506,75,24509,25,25,1388425
NIFTY-II.NFO,13/08/2024,09:43:58,24506,24506,425,24509,25,0,1388425
NIFTY-II.NFO,13/08/2024,09:44:00,24506,24506,425,24509.3,150,0,1388425
NIFTY-II.NFO,13/08/2024,09:44:02,24506,24506,25,24507.85,175,50,1388425
NIFTY-II.NFO,13/08/2024,09:44:03,24506,24505,25,24506,25,25,1388425
NIFTY-II.NFO,13/08/2024,09:44:05,24506,24505,25,24506,25,0,1388425
NIFTY-II.NFO,13/08/2024,09:44:10,24506,24505.25,350,24508.75,375,25,1388425
NIFTY-II.NFO,13/08/2024,09:44:12,24506,24506,50,24509.55,450,0,1388425
NIFTY-II.NFO,13/08/2024,09:44:13,24509.8,24506.05,350,24510.05,375,125,1388425
NIFTY-II.NFO,13/08/2024,09:44:15,24509.8,24507.4,350,24510.75,300,0,1388425
NIFTY-II.NFO,13/08/2024,09:44:17,24509.8,24507.4,350,24510.95,25,0,1388425
NIFTY-II.NFO,13/08/2024,09:44:18,24509.8,24507.9,50,24510.95,25,0,1388425
NIFTY-II.NFO,13/08/2024,09:44:20,24510.6,24507.4,50,24510.5,250,50,1388425
NIFTY-II.NFO,13/08/2024,09:44:22,24510.95,24508.75,50,24512,25,25,1388425
NIFTY-II.NFO,13/08/2024,09:44:23,24510.75,24510.75,50,24512,25,25,1388425
NIFTY-II.NFO,13/08/2024,09:44:25,24510.75,24510.75,50,24512,25,0,1388425
NIFTY-II.NFO,13/08/2024,09:44:27,24510.75,24510.75,25,24512,25,25,1388425
NIFTY-II.NFO,13/08/2024,09:44:28,24510.6,24509.4,50,24512.25,375,300,1388425
NIFTY-II.NFO,13/08/2024,09:44:30,24510.6,24510.75,25,24513.25,125,0,1388425
NIFTY-II.NFO,13/08/2024,09:44:32,24510.6,24510.8,50,24513.5,125,0,1388425
NIFTY-II.NFO,13/08/2024,09:44:33,24510.6,24511.25,50,24514,25,0,1388425
NIFTY-II.NFO,13/08/2024,09:44:35,24514.5,24512.2,50,24515,25,50,1388425
NIFTY-II.NFO,13/08/2024,09:44:37,24512.2,24512.2,50,24514.85,875,50,1388425
NIFTY-II.NFO,13/08/2024,09:44:38,24510.8,24510.75,25,24512,75,25,1388425
NIFTY-II.NFO,13/08/2024,09:44:40,24510.75,24507.35,50,24510.7,150,25,1388425
NIFTY-II.NFO,13/08/2024,09:44:42,24510.75,24507.35,50,24511.55,325,0,1388425
NIFTY-II.NFO,13/08/2024,09:44:43,24510.75,24508.95,50,24512.7,250,0,1388425
NIFTY-II.NFO,13/08/2024,09:44:45,24510.75,24509.1,50,24511.95,25,0,1388425
NIFTY-II.NFO,13/08/2024,09:44:47,24510.75,24510,50,24513.65,375,0,1388425
NIFTY-II.NFO,13/08/2024,09:44:48,24510.75,24510,50,24512.65,250,0,1388425
NIFTY-II.NFO,13/08/2024,09:44:50,24510.75,24510,50,24512.65,325,0,1388425
NIFTY-II.NFO,13/08/2024,09:44:52,24510.75,24506.5,50,24510.9,525,0,1388425
NIFTY-II.NFO,13/08/2024,09:44:53,24510.75,24506.1,50,24510.25,325,0,1388425
NIFTY-II.NFO,13/08/2024,09:44:55,24510.75,24506.1,50,24509.9,250,0,1388425
NIFTY-II.NFO,13/08/2024,09:44:57,24510.75,24505.05,50,24509.25,200,0,1388425
NIFTY-II.NFO,13/08/2024,09:44:58,24510.75,24506.7,50,24509.1,375,0,1388425
NIFTY-II.NFO,13/08/2024,09:45:00,24510.75,24505.05,50,24509.35,125,0,1388425
NIFTY-II.NFO,13/08/2024,09:45:02,24510.75,24507.3,50,24510.4,250,0,1388425
NIFTY-II.NFO,13/08/2024,09:45:03,24508.4,24509.8,50,24513.45,125,50,1388425
NIFTY-II.NFO,13/08/2024,09:45:05,24508.4,24509.8,50,24512.7,250,0,1388425
NIFTY-II.NFO,13/08/2024,09:45:07,24508.4,24508.05,50,24511.65,250,0,1388425
NIFTY-II.NFO,13/08/2024,09:45:08,24508.4,24508.05,50,24510.5,125,0,1388425
NIFTY-II.NFO,13/08/2024,09:45:10,24509.95,24508,25,24508.6,125,25,1388425
NIFTY-II.NFO,13/08/2024,09:45:12,24508,24505.1,50,24508.75,150,25,1388425
NIFTY-II.NFO,13/08/2024,09:45:13,24508,24505.1,50,24507.4,150,0,1388425
NIFTY-II.NFO,13/08/2024,09:45:15,24506.25,24503.8,50,24507.2,150,25,1388425
NIFTY-II.NFO,13/08/2024,09:45:17,24505.15,24505.15,50,24508.85,75,25,1388425
NIFTY-II.NFO,13/08/2024,09:45:18,24505.15,24505.15,350,24509.2,125,0,1388425
NIFTY-II.NFO,13/08/2024,09:45:20,24505.15,24505.15,350,24508.85,250,0,1388425
NIFTY-II.NFO,13/08/2024,09:45:22,24505.15,24505.15,350,24508.1,175,0,1388425
NIFTY-II.NFO,13/08/2024,09:45:23,24505,24504.3,350,24507.4,575,25,1388425
NIFTY-II.NFO,13/08/2024,09:45:25,24505,24501.7,350,24506.05,125,0,1388425
NIFTY-II.NFO,13/08/2024,09:45:27,24506.35,24503.2,350,24506.35,350,25,1388425
NIFTY-II.NFO,13/08/2024,09:45:28,24506.35,24504.45,350,24508.7,100,0,1388425
NIFTY-II.NFO,13/08/2024,09:45:30,24506.35,24504.45,350,24508,25,0,1388425
NIFTY-II.NFO,13/08/2024,09:45:32,24506.35,24505.15,350,24508,25,0,1388425
NIFTY-II.NFO,13/08/2024,09:45:33,24506.35,24505.2,350,24508,25,0,1388425
NIFTY-II.NFO,13/08/2024,09:45:35,24506.35,24504.6,350,24507.6,75,0,1388425
NIFTY-II.NFO,13/08/2024,09:45:37,24506.35,24502.2,350,24505.6,250,0,1388425
NIFTY-II.NFO,13/08/2024,09:45:38,24505.15,24502.2,350,24505.2,50,25,1388425
NIFTY-II.NFO,13/08/2024,09:45:40,24505.15,24502.2,350,24504.9,625,0,1388425
NIFTY-II.NFO,13/08/2024,09:45:42,24505.15,24503.65,350,24506.85,125,0,1388425
NIFTY-II.NFO,13/08/2024,09:45:43,24505.15,24504.8,350,24508,25,0,1388425
NIFTY-II.NFO,13/08/2024,09:45:45,24505.15,24504.8,350,24508,50,0,1388425
NIFTY-II.NFO,13/08/2024,09:45:47,24505.15,24505.75,50,24508,25,0,1388425
NIFTY-II.NFO,13/08/2024,09:45:50,24505.75,24506.55,50,24508,25,25,1388425
NIFTY-II.NFO,13/08/2024,09:45:52,24505.75,24506.05,100,24508,25,0,1388425
NIFTY-II.NFO,13/08/2024,09:45:53,24509.65,24509.65,350,24513.25,300,50,1388425
NIFTY-II.NFO,13/08/2024,09:45:55,24509.65,24510.6,350,24513.5,25,0,1388425
NIFTY-II.NFO,13/08/2024,09:45:57,24509.65,24507.6,50,24512.7,375,0,1388425
NIFTY-II.NFO,13/08/2024,09:45:58,24509.65,24510,350,24513,250,0,1388425
NIFTY-II.NFO,13/08/2024,09:46:00,24509.65,24512.85,50,24514.4,25,0,1388425
NIFTY-II.NFO,13/08/2024,09:46:02,24509.65,24512.15,100,24514.4,25,0,1388425
NIFTY-II.NFO,13/08/2024,09:46:03,24518.8,24515.8,350,24518.75,125,125,1389450
NIFTY-II.NFO,13/08/2024,09:46:05,24518.8,24515.75,350,24518.75,125,0,1389450
NIFTY-II.NFO,13/08/2024,09:46:07,24518.8,24515.4,350,24518.25,125,0,1389450
NIFTY-II.NFO,13/08/2024,09:46:09,24519.1,24516.9,50,24519.6,100,50,1389450
NIFTY-II.NFO,13/08/2024,09:46:10,24519.1,24518.95,50,24520,150,0,1389450
NIFTY-II.NFO,13/08/2024,09:46:12,24518,24514,350,24516.45,100,75,1389450
NIFTY-II.NFO,13/08/2024,09:46:14,24517,24515.2,350,24517.75,50,50,1389450
NIFTY-II.NFO,13/08/2024,09:46:15,24515.2,24517,25,24517.9,500,200,1389450
NIFTY-II.NFO,13/08/2024,09:46:17,24517,24514.6,350,24517,175,25,1389450
NIFTY-II.NFO,13/08/2024,09:46:19,24517,24516.2,50,24517,175,0,1389450
NIFTY-II.NFO,13/08/2024,09:46:20,24517,24516.5,100,24517,50,125,1389450
NIFTY-II.NFO,13/08/2024,09:46:22,24517,24515.55,100,24517,50,0,1389450
NIFTY-II.NFO,13/08/2024,09:46:24,24518,24516.8,350,24519.95,25,75,1389450
NIFTY-II.NFO,13/08/2024,09:46:25,24520,24516.9,350,24520,175,50,1389450
NIFTY-II.NFO,13/08/2024,09:46:27,24520,24516.85,25,24518,25,0,1389450
NIFTY-II.NFO,13/08/2024,09:46:29,24517.2,24516.85,25,24518,275,50,1389450
NIFTY-II.NFO,13/08/2024,09:46:30,24516.9,24513,25,24514.65,125,75,1389450
NIFTY-II.NFO,13/08/2024,09:46:32,24513.05,24513,25,24514.95,250,75,1389450
NIFTY-II.NFO,13/08/2024,09:46:34,24513.05,24513.2,350,24516.8,375,0,1389450
NIFTY-II.NFO,13/08/2024,09:46:35,24513.05,24513.4,350,24516.25,125,0,1389450
NIFTY-II.NFO,13/08/2024,09:46:37,24513.05,24513.8,350,24516.6,125,0,1389450
NIFTY-II.NFO,13/08/2024,09:46:39,24513.05,24514.45,400,24517,50,0,1389450
NIFTY-II.NFO,13/08/2024,09:46:40,24513.05,24514.6,350,24517,50,0,1389450
NIFTY-II.NFO,13/08/2024,09:46:45,24517,24514,350,24517,25,25,1389450
NIFTY-II.NFO,13/08/2024,09:46:47,24517,24514,350,24516.65,675,0,1389450
NIFTY-II.NFO,13/08/2024,09:46:49,24517,24511.6,350,24514.5,175,0,1389450
NIFTY-II.NFO,13/08/2024,09:46:50,24517,24513.3,25,24514.55,300,0,1389450
NIFTY-II.NFO,13/08/2024,09:46:52,24517,24513.3,25,24514.7,50,0,1389450
NIFTY-II.NFO,13/08/2024,09:46:54,24513.3,24512,375,24514.9,250,25,1389450
NIFTY-II.NFO,13/08/2024,09:46:55,24513.3,24512,25,24514.45,125,0,1389450
NIFTY-II.NFO,13/08/2024,09:46:57,24513.3,24512,25,24513.5,250,0,1389450
NIFTY-II.NFO,13/08/2024,09:47:00,24513.3,24512,25,24514.5,125,0,1389450
NIFTY-II.NFO,13/08/2024,09:47:02,24513.3,24512,25,24513.45,150,0,1389450
NIFTY-II.NFO,13/08/2024,09:47:04,24513.3,24512,25,24513.15,50,0,1389450
NIFTY-II.NFO,13/08/2024,09:47:05,24512,24510,25,24511.95,125,25,1389450
NIFTY-II.NFO,13/08/2024,09:47:07,24512,24510,25,24510.3,125,0,1389450
NIFTY-II.NFO,13/08/2024,09:47:09,24510.3,24510,375,24513.35,250,50,1389450
NIFTY-II.NFO,13/08/2024,09:47:10,24510.3,24509.25,350,24512,25,0,1389450
NIFTY-II.NFO,13/08/2024,09:47:12,24510.3,24509.6,50,24512,25,0,1389450
NIFTY-II.NFO,13/08/2024,09:47:14,24510.3,24509.95,50,24512,25,0,1389450
NIFTY-II.NFO,13/08/2024,09:47:15,24510.3,24511.1,50,24512,25,0,1389450
NIFTY-II.NFO,13/08/2024,09:47:17,24512,24513.35,25,24515.7,125,25,1389450
NIFTY-II.NFO,13/08/2024,09:47:19,24512,24514.4,25,24517,25,0,1389450
NIFTY-II.NFO,13/08/2024,09:47:20,24512,24516.5,25,24517,25,0,1389450
NIFTY-II.NFO,13/08/2024,09:47:22,24517,24515.2,350,24518,25,25,1389450
NIFTY-II.NFO,13/08/2024,09:47:24,24515.35,24515.35,350,24518,25,25,1389450
NIFTY-II.NFO,13/08/2024,09:47:25,24515.35,24515.4,50,24518,25,0,1389450
NIFTY-II.NFO,13/08/2024,09:47:27,24518,24517.35,50,24520,175,25,1389450
NIFTY-II.NFO,13/08/2024,09:47:29,24516.95,24517.15,50,24520,175,25,1389450
NIFTY-II.NFO,13/08/2024,09:47:30,24516.95,24517.25,350,24520,175,0,1389450
NIFTY-II.NFO,13/08/2024,09:47:32,24516.95,24517.85,100,24520,175,0,1389450
NIFTY-II.NFO,13/08/2024,09:47:34,24516.95,24517.35,350,24520,175,0,1389450
NIFTY-II.NFO,13/08/2024,09:47:35,24520,24516.75,350,24519.45,375,25,1389450
NIFTY-II.NFO,13/08/2024,09:47:37,24520,24517.1,350,24520,125,0,1389450
NIFTY-II.NFO,13/08/2024,09:47:39,24520,24517.55,350,24520,125,0,1389450
NIFTY-II.NFO,13/08/2024,09:47:42,24520,24517.75,50,24520,125,0,1389450
NIFTY-II.NFO,13/08/2024,09:47:44,24520,24518,100,24520,125,0,1389450
NIFTY-II.NFO,13/08/2024,09:47:45,24520,24518.35,50,24520,125,0,1389450
NIFTY-II.NFO,13/08/2024,09:47:47,24520,24517.55,350,24520,125,0,1389450
NIFTY-II.NFO,13/08/2024,09:47:49,24520,24517.55,350,24520,150,0,1389450
NIFTY-II.NFO,13/08/2024,09:47:50,24520,24515.05,350,24518.8,125,0,1389450
NIFTY-II.NFO,13/08/2024,09:47:52,24519.15,24516.4,350,24519.7,125,50,1389450
NIFTY-II.NFO,13/08/2024,09:47:54,24519.7,24516.75,350,24520,125,25,1389450
NIFTY-II.NFO,13/08/2024,09:47:55,24519.7,24517.15,350,24520,125,0,1389450
NIFTY-II.NFO,13/08/2024,09:48:00,24515,24517.3,50,24520,125,500,1389450
NIFTY-II.NFO,13/08/2024,09:48:02,24515,24517.55,50,24520,125,0,1389450
NIFTY-II.NFO,13/08/2024,09:48:04,24515,24516.65,100,24520,125,0,1389450
NIFTY-II.NFO,13/08/2024,09:48:05,24515,24515.1,100,24519.95,175,0,1389450
NIFTY-II.NFO,13/08/2024,09:48:07,24515,24515,275,24519.6,225,0,1389450
NIFTY-II.NFO,13/08/2024,09:48:09,24515,24515,275,24519.85,100,0,1389450
NIFTY-II.NFO,13/08/2024,09:48:10,24515,24515,275,24519.15,100,0,1389450
NIFTY-II.NFO,13/08/2024,09:48:12,24515,24515,375,24518.4,125,0,1389450
NIFTY-II.NFO,13/08/2024,09:48:14,24515,24515.05,50,24519.55,100,0,1389450
NIFTY-II.NFO,13/08/2024,09:48:15,24515,24515,375,24515.4,25,0,1389450
NIFTY-II.NFO,13/08/2024,09:48:20,24515.4,24515,375,24517.7,175,25,1389450
NIFTY-II.NFO,13/08/2024,09:48:22,24515.4,24515,725,24518.1,125,0,1389450
NIFTY-II.NFO,13/08/2024,09:48:24,24518.45,24515,725,24518.45,125,50,1389450
NIFTY-II.NFO,13/08/2024,09:48:25,24518.45,24516.75,350,24519.8,50,0,1389450
NIFTY-II.NFO,13/08/2024,09:48:27,24520,24520.15,350,24523,25,125,1389450
NIFTY-II.NFO,13/08/2024,09:48:29,24523,24518.1,350,24522.1,50,25,1389450
NIFTY-II.NFO,13/08/2024,09:48:29,24523,24518.1,350,24522.1,50,0,1389450
NIFTY-II.NFO,13/08/2024,09:48:30,24523,24518,350,24520.75,50,0,1389450
NIFTY-II.NFO,13/08/2024,09:48:32,24523,24518.3,350,24521.9,125,0,1389450
NIFTY-II.NFO,13/08/2024,09:48:34,24522.7,24522.8,100,24524,25,150,1389450
NIFTY-II.NFO,13/08/2024,09:48:34,24523.35,24522.8,100,24524,25,0,1389450
NIFTY-II.NFO,13/08/2024,09:48:35,24527.7,24521.95,100,24524,25,275,1389450
NIFTY-II.NFO,13/08/2024,09:48:35,24527.7,24521.95,100,24524,25,0,1389450
NIFTY-II.NFO,13/08/2024,09:48:37,24524,24524.15,350,24527.35,75,25,1389450
NIFTY-II.NFO,13/08/2024,09:48:39,24524,24522.05,100,24525,25,0,1389450
NIFTY-II.NFO,13/08/2024,09:48:40,24520.15,24520.15,350,24523.2,125,75,1389450
NIFTY-II.NFO,13/08/2024,09:48:42,24520.15,24519.3,350,24522.45,125,0,1389450
NIFTY-II.NFO,13/08/2024,09:48:44,24520.15,24518.85,350,24521.95,150,0,1389450
NIFTY-II.NFO,13/08/2024,09:48:45,24522.5,24519.9,350,24523.3,125,25,1389450
NIFTY-II.NFO,13/08/2024,09:48:47,24522.5,24519.9,350,24522.75,75,0,1389450
NIFTY-II.NFO,13/08/2024,09:48:49,24522.5,24519.9,350,24523.35,50,0,1389450
NIFTY-II.NFO,13/08/2024,09:48:50,24522.5,24519.35,100,24521,1000,0,1389450
NIFTY-II.NFO,13/08/2024,09:48:52,24521,24519.55,100,24521,975,25,1389450
NIFTY-II.NFO,13/08/2024,09:48:54,24521,24520.4,100,24521,975,0,1389450
NIFTY-II.NFO,13/08/2024,09:48:55,24520,24518.25,100,24521,975,25,1389450
NIFTY-II.NFO,13/08/2024,09:48:57,24520,24520.15,250,24521,975,0,1389450
NIFTY-II.NFO,13/08/2024,09:48:59,24520.15,24519.5,250,24521,975,25,1389450
NIFTY-II.NFO,13/08/2024,09:49:00,24521,24518.9,100,24521,950,25,1390575
NIFTY-II.NFO,13/08/2024,09:49:02,24521,24518.15,350,24521,950,0,1390575
NIFTY-II.NFO,13/08/2024,09:49:04,24521,24518.15,350,24521,975,0,1390575
NIFTY-II.NFO,13/08/2024,09:49:07,24518.15,24518.15,350,24521,975,50,1390575
NIFTY-II.NFO,13/08/2024,09:49:09,24520.4,24516.15,350,24520.4,150,25,1390575
NIFTY-II.NFO,13/08/2024,09:49:10,24520.4,24516.15,350,24519.95,250,0,1390575
NIFTY-II.NFO,13/08/2024,09:49:12,24520.4,24517.2,350,24520.5,225,0,1390575
NIFTY-II.NFO,13/08/2024,09:49:14,24520.5,24519,50,24520.95,250,200,1390575
NIFTY-II.NFO,13/08/2024,09:49:15,24520.5,24519,50,24519.95,175,0,1390575
NIFTY-II.NFO,13/08/2024,09:49:17,24519.45,24519,50,24519.5,150,75,1390575
NIFTY-II.NFO,13/08/2024,09:49:19,24519.45,24519,50,24519.45,125,0,1390575
NIFTY-II.NFO,13/08/2024,09:49:20,24519.45,24519,50,24519.2,50,0,1390575
NIFTY-II.NFO,13/08/2024,09:49:22,24519,24515.05,25,24517.5,50,50,1390575
NIFTY-II.NFO,13/08/2024,09:49:25,24519,24515.05,25,24515.55,50,0,1390575
NIFTY-II.NFO,13/08/2024,09:49:28,24515,24510.1,350,24514.25,125,175,1390575
NIFTY-II.NFO,13/08/2024,09:49:30,24515,24511.15,350,24514.85,175,0,1390575
NIFTY-II.NFO,13/08/2024,09:49:32,24515.55,24512.7,350,24517.15,175,25,1390575
NIFTY-II.NFO,13/08/2024,09:49:33,24515.55,24515,25,24517.8,125,0,1390575
NIFTY-II.NFO,13/08/2024,09:49:35,24515,24511.1,350,24514.85,125,25,1390575
NIFTY-II.NFO,13/08/2024,09:49:37,24515,24511.1,350,24515.6,250,0,1390575
NIFTY-II.NFO,13/08/2024,09:49:38,24515,24512.3,350,24515.5,225,0,1390575
NIFTY-II.NFO,13/08/2024,09:49:40,24515,24512.3,350,24515.55,250,0,1390575
NIFTY-II.NFO,13/08/2024,09:49:42,24515,24510.15,350,24514.5,50,0,1390575
NIFTY-II.NFO,13/08/2024,09:49:43,24515,24513,350,24517.35,250,0,1390575
NIFTY-II.NFO,13/08/2024,09:49:45,24516.2,24510.3,350,24513,50,25,1390575
NIFTY-II.NFO,13/08/2024,09:49:47,24516.2,24510.3,350,24513,50,0,1390575
NIFTY-II.NFO,13/08/2024,09:49:48,24510.3,24510.3,350,24514.75,100,75,1390575
NIFTY-II.NFO,13/08/2024,09:49:50,24515,24511.6,350,24515.5,125,100,1390575
NIFTY-II.NFO,13/08/2024,09:49:52,24515,24511.6,350,24515.4,125,0,1390575
NIFTY-II.NFO,13/08/2024,09:49:53,24515,24511.6,350,24515.65,125,0,1390575
NIFTY-II.NFO,13/08/2024,09:49:55,24515,24511.6,350,24514.4,250,0,1390575
NIFTY-II.NFO,13/08/2024,09:49:57,24511.6,24511.6,350,24514.4,250,25,1390575
NIFTY-II.NFO,13/08/2024,09:49:58,24511.6,24510.05,350,24513.65,275,0,1390575
NIFTY-II.NFO,13/08/2024,09:50:00,24511.6,24510.05,350,24512.7,200,0,1390575
NIFTY-II.NFO,13/08/2024,09:50:02,24510.05,24510,50,24510.05,50,25,1390575
NIFTY-II.NFO,13/08/2024,09:50:03,24510.05,24510,50,24510.05,50,0,1390575
NIFTY-II.NFO,13/08/2024,09:50:05,24510,24510,25,24510.05,50,25,1390575
NIFTY-II.NFO,13/08/2024,09:50:07,24510,24510,25,24510.05,50,0,1390575
NIFTY-II.NFO,13/08/2024,09:50:10,24510,24510,25,24512.55,175,0,1390575
NIFTY-II.NFO,13/08/2024,09:50:12,24510,24510,25,24511.6,325,0,1390575
NIFTY-II.NFO,13/08/2024,09:50:13,24510,24510,50,24511,125,0,1390575
NIFTY-II.NFO,13/08/2024,09:50:15,24510,24506.4,350,24509.9,375,50,1390575
NIFTY-II.NFO,13/08/2024,09:50:17,24506.4,24506.65,100,24510,50,50,1390575
NIFTY-II.NFO,13/08/2024,09:50:18,24506.4,24507.6,100,24510,50,0,1390575
NIFTY-II.NFO,13/08/2024,09:50:22,24510,24508.7,100,24510,25,25,1390575
NIFTY-II.NFO,13/08/2024,09:50:23,24508.6,24508.6,100,24510,50,25,1390575
NIFTY-II.NFO,13/08/2024,09:50:25,24508.6,24507.8,100,24510,50,0,1390575
NIFTY-II.NFO,13/08/2024,09:50:27,24508.6,24507.15,350,24510,50,0,1390575
NIFTY-II.NFO,13/08/2024,09:50:28,24507.15,24507.15,350,24510,50,25,1390575
NIFTY-II.NFO,13/08/2024,09:50:30,24507.15,24507.15,350,24510,50,0,1390575
NIFTY-II.NFO,13/08/2024,09:50:32,24507.15,24507.15,350,24510,75,0,1390575
NIFTY-II.NFO,13/08/2024,09:50:33,24507.15,24507.15,350,24509.95,100,0,1390575
NIFTY-II.NFO,13/08/2024,09:50:35,24507.15,24507.15,350,24510,75,0,1390575
NIFTY-II.NFO,13/08/2024,09:50:37,24507.15,24507.15,350,24509.95,25,0,1390575
NIFTY-II.NFO,13/08/2024,09:50:38,24507.15,24507.15,350,24510,50,0,1390575
NIFTY-II.NFO,13/08/2024,09:50:40,24507.15,24507.15,350,24509.95,25,0,1390575
NIFTY-II.NFO,13/08/2024,09:50:42,24507.15,24507.15,350,24509.75,25,0,1390575
NIFTY-II.NFO,13/08/2024,09:50:43,24507.15,24507.15,350,24510,50,0,1390575
NIFTY-II.NFO,13/08/2024,09:50:45,24507.15,24507.15,350,24509.95,75,50,1390575
NIFTY-II.NFO,13/08/2024,09:50:47,24507.15,24507.15,350,24509.95,25,0,1390575
NIFTY-II.NFO,13/08/2024,09:50:48,24507.15,24506.35,25,24507.45,25,0,1390575
NIFTY-II.NFO,13/08/2024,09:50:50,24507.15,24506.35,25,24507.4,25,0,1390575
NIFTY-II.NFO,13/08/2024,09:50:52,24506.35,24505,25,24507.75,25,25,1390575
NIFTY-II.NFO,13/08/2024,09:50:53,24506.35,24505,375,24508.05,250,0,1390575
NIFTY-II.NFO,13/08/2024,09:50:57,24506.35,24505,350,24508.05,250,0,1390575
NIFTY-II.NFO,13/08/2024,09:51:00,24506.35,24505,350,24508,100,0,1390575
NIFTY-II.NFO,13/08/2024,09:51:02,24506.35,24506,350,24509,125,0,1390575
NIFTY-II.NFO,13/08/2024,09:51:03,24506.35,24506,350,24509.55,200,0,1390575
NIFTY-II.NFO,13/08/2024,09:51:05,24507.1,24507.1,350,24509.95,25,50,1390575
NIFTY-II.NFO,13/08/2024,09:51:07,24507.1,24507.75,50,24510,75,0,1390575
NIFTY-II.NFO,13/08/2024,09:51:08,24510,24510.4,400,24514.45,250,75,1390575
NIFTY-II.NFO,13/08/2024,09:51:10,24510,24512.85,350,24515.6,25,0,1390575
NIFTY-II.NFO,13/08/2024,09:51:12,24510,24512,350,24514.95,25,0,1390575
NIFTY-II.NFO,13/08/2024,09:51:13,24510,24509.2,350,24512,25,0,1390575
NIFTY-II.NFO,13/08/2024,09:51:15,24510,24510.45,350,24514.25,275,0,1390575
NIFTY-II.NFO,13/08/2024,09:51:17,24511.2,24512,350,24515.65,25,25,1390575
NIFTY-II.NFO,13/08/2024,09:51:18,24511.2,24512,350,24515.75,250,0,1390575
NIFTY-II.NFO,13/08/2024,09:51:20,24512.7,24512.7,350,24515.95,175,50,1390575
NIFTY-II.NFO,13/08/2024,09:51:22,24512.7,24511.9,350,24514.95,250,0,1390575
NIFTY-II.NFO,13/08/2024,09:51:23,24512.7,24511,350,24514.1,250,0,1390575
NIFTY-II.NFO,13/08/2024,09:51:25,24512.7,24510,50,24511.9,25,0,1390575
NIFTY-II.NFO,13/08/2024,09:51:27,24512.7,24510,50,24511.85,25,0,1390575
NIFTY-II.NFO,13/08/2024,09:51:28,24512.7,24510,50,24511,50,0,1390575
NIFTY-II.NFO,13/08/2024,09:51:30,24512.7,24510,50,24511.85,250,0,1390575
NIFTY-II.NFO,13/08/2024,09:51:32,24510,24508.55,350,24511.15,500,50,1390575
NIFTY-II.NFO,13/08/2024,09:51:33,24506.9,24506.9,350,24509.15,250,25,1390575
NIFTY-II.NFO,13/08/2024,09:51:35,24506.9,24506.6,350,24509.15,250,0,1390575
NIFTY-II.NFO,13/08/2024,09:51:37,24506.9,24506.6,350,24508.8,250,0,1390575
NIFTY-II.NFO,13/08/2024,09:51:38,24506.9,24506.6,350,24508.9,50,0,1390575
NIFTY-II.NFO,13/08/2024,09:51:40,24506.9,24504.35,350,24508,250,0,1390575
NIFTY-II.NFO,13/08/2024,09:51:43,24506.9,24504.35,350,24506.6,25,0,1390575
NIFTY-II.NFO,13/08/2024,09:51:45,24504.35,24504.35,350,24506.6,25,50,1390575
NIFTY-II.NFO,13/08/2024,09:51:47,24504.35,24504.35,350,24506.6,25,25,1390575
NIFTY-II.NFO,13/08/2024,09:51:48,24504.35,24504.35,350,24506.6,25,0,1390575
NIFTY-II.NFO,13/08/2024,09:51:50,24504.35,24501.85,350,24505.75,150,0,1390575
NIFTY-II.NFO,13/08/2024,09:51:52,24504.35,24501,25,24502.8,250,0,1390575
NIFTY-II.NFO,13/08/2024,09:51:53,24501,24500.1,25,24500.85,25,25,1390575
NIFTY-II.NFO,13/08/2024,09:51:55,24501,24500.1,25,24500.85,250,0,1390575
NIFTY-II.NFO,13/08/2024,09:51:57,24496.1,24497.25,350,24500.8,50,300,1390575
NIFTY-II.NFO,13/08/2024,09:51:58,24496.1,24497.25,350,24499.15,50,0,1390575
NIFTY-II.NFO,13/08/2024,09:52:00,24496.1,24495.95,350,24499.25,50,0,1390575
NIFTY-II.NFO,13/08/2024,09:52:02,24495.95,24495.95,350,24499.75,375,50,1391850
NIFTY-II.NFO,13/08/2024,09:52:03,24495.25,24495.25,100,24497,50,50,1391850
NIFTY-II.NFO,13/08/2024,09:52:05,24495.25,24495.2,25,24497,50,0,1391850
NIFTY-II.NFO,13/08/2024,09:52:07,24495.25,24495.4,100,24497,50,0,1391850
NIFTY-II.NFO,13/08/2024,09:52:08,24495.25,24495.2,25,24497,50,0,1391850
NIFTY-II.NFO,13/08/2024,09:52:10,24495.25,24495.25,100,24497,50,0,1391850
NIFTY-II.NFO,13/08/2024,09:52:12,24494.8,24494.8,350,24498.45,50,125,1391850
NIFTY-II.NFO,13/08/2024,09:52:13,24494.8,24494.3,350,24496.75,175,0,1391850
NIFTY-II.NFO,13/08/2024,09:52:15,24494.3,24494.15,25,24496.45,50,175,1391850
NIFTY-II.NFO,13/08/2024,09:52:17,24494.3,24494.15,25,24497.15,50,0,1391850
NIFTY-II.NFO,13/08/2024,09:52:18,24494.3,24495.2,350,24498.8,250,0,1391850
NIFTY-II.NFO,13/08/2024,09:52:20,24494.3,24495.1,350,24497.75,50,0,1391850
NIFTY-II.NFO,13/08/2024,09:52:22,24494.3,24497.2,350,24500.35,50,0,1391850
NIFTY-II.NFO,13/08/2024,09:52:23,24494.3,24499.05,25,24501.25,50,0,1391850
NIFTY-II.NFO,13/08/2024,09:52:25,24494.3,24497.85,350,24500.85,250,0,1391850
NIFTY-II.NFO,13/08/2024,09:52:26,24494.3,24493.5,350,24495.85,50,0,1391850
NIFTY-II.NFO,13/08/2024,09:52:28,24494.3,24492.65,350,24495.85,125,0,1391850
NIFTY-II.NFO,13/08/2024,09:52:30,24494.3,24493.5,350,24496,25,0,1391850
NIFTY-II.NFO,13/08/2024,09:52:31,24495,24494.2,100,24496,25,50,1391850
NIFTY-II.NFO,13/08/2024,09:52:33,24495,24491.9,100,24494.3,25,0,1391850
NIFTY-II.NFO,13/08/2024,09:52:35,24494.3,24493.55,350,24496,25,25,1391850
NIFTY-II.NFO,13/08/2024,09:52:36,24493.55,24493.55,350,24496,25,25,1391850
NIFTY-II.NFO,13/08/2024,09:52:38,24495.9,24493.55,350,24496,25,25,1391850
NIFTY-II.NFO,13/08/2024,09:52:40,24495.9,24493.55,350,24496,25,0,1391850
NIFTY-II.NFO,13/08/2024,09:52:41,24496,24493.55,350,24496.65,25,25,1391850
NIFTY-II.NFO,13/08/2024,09:52:43,24496,24493.55,350,24495.7,50,0,1391850
NIFTY-II.NFO,13/08/2024,09:52:45,24495.7,24493.55,350,24495.4,50,25,1391850
NIFTY-II.NFO,13/08/2024,09:52:46,24495.7,24492.15,350,24495.5,200,0,1391850
