Ticker,Date,Time,LTP,BuyPrice,BuyQty,SellPrice,SellQty,LTQ,OpenInterest
NIFTY-III.NFO,13/08/2024,09:15:06,24619.4,24602.8,100,24619.85,25,1650,309500
NIFTY-III.NFO,13/08/2024,09:15:06,24602.7,24602.8,100,24619.85,25,0,309500
NIFTY-III.NFO,13/08/2024,09:15:06,24619.6,24602.8,100,24619.85,25,0,309500
NIFTY-III.NFO,13/08/2024,09:15:06,24602.7,24602.8,100,24619.85,25,0,309500
NIFTY-III.NFO,13/08/2024,09:15:07,24602.7,24603.95,100,24619.85,25,0,309500
NIFTY-III.NFO,13/08/2024,09:15:09,24602.7,24605.35,100,24619.85,25,0,309500
NIFTY-III.NFO,13/08/2024,09:15:10,24602.7,24604.4,100,24619.75,25,0,309500
NIFTY-III.NFO,13/08/2024,09:15:12,24602.7,24603.3,100,24619.55,25,0,309500
NIFTY-III.NFO,13/08/2024,09:15:13,24603.3,24600.3,100,24617.8,50,25,309500
NIFTY-III.NFO,13/08/2024,09:15:15,24603.3,24600.05,100,24616.5,50,0,309500
NIFTY-III.NFO,13/08/2024,09:15:16,24603.3,24600.05,100,24612.65,50,0,309500
NIFTY-III.NFO,13/08/2024,09:15:18,24603.3,24600.05,100,24612.3,50,0,309500
NIFTY-III.NFO,13/08/2024,09:15:19,24600.05,24600.05,100,24614.2,75,25,309500
NIFTY-III.NFO,13/08/2024,09:15:19,24600.05,24600.05,100,24614.2,75,0,309500
NIFTY-III.NFO,13/08/2024,09:15:21,24600.05,24600.25,100,24614,75,0,309500
NIFTY-III.NFO,13/08/2024,09:15:22,24602.8,24603.6,100,24610,25,25,309500
NIFTY-III.NFO,13/08/2024,09:15:24,24610,24606.35,125,24619.95,100,25,309500
NIFTY-III.NFO,13/08/2024,09:15:25,24610,24610.35,100,24619.95,100,0,309500
NIFTY-III.NFO,13/08/2024,09:15:27,24610,24612.4,100,24620,100,0,309500
NIFTY-III.NFO,13/08/2024,09:15:29,24625,24610.95,100,24624.95,250,525,309500
NIFTY-III.NFO,13/08/2024,09:15:29,24625,24610.95,100,24624.95,250,0,309500
NIFTY-III.NFO,13/08/2024,09:15:30,24625,24611.6,100,24625.95,375,0,309500
NIFTY-III.NFO,13/08/2024,09:15:32,24625,24614.2,100,24625.95,325,0,309500
NIFTY-III.NFO,13/08/2024,09:15:33,24625.95,24625,150,24625.95,75,200,309500
NIFTY-III.NFO,13/08/2024,09:15:33,24625.95,24625,150,24625.95,75,0,309500
NIFTY-III.NFO,13/08/2024,09:15:35,24625,24625,125,24625.95,75,25,309500
NIFTY-III.NFO,13/08/2024,09:15:37,24625,24625,50,24625.95,75,75,309500
NIFTY-III.NFO,13/08/2024,09:15:38,24625,24625.05,175,24626,25,0,309500
NIFTY-III.NFO,13/08/2024,09:15:40,24631.05,24625.05,175,24632.65,25,75,309500
NIFTY-III.NFO,13/08/2024,09:15:40,24631.05,24625.05,175,24632.65,25,0,309500
NIFTY-III.NFO,13/08/2024,09:15:41,24631.05,24625.05,175,24633.5,100,0,309500
NIFTY-III.NFO,13/08/2024,09:15:43,24631.05,24625.05,175,24632.85,100,0,309500
NIFTY-III.NFO,13/08/2024,09:15:44,24631.05,24625.05,175,24630,25,0,309500
NIFTY-III.NFO,13/08/2024,09:15:48,24630,24625.05,175,24633.05,25,25,309500
NIFTY-III.NFO,13/08/2024,09:15:49,24630,24625.05,175,24633.15,25,0,309500
NIFTY-III.NFO,13/08/2024,09:15:51,24633.15,24625.1,100,24633.15,325,50,309500
NIFTY-III.NFO,13/08/2024,09:15:51,24633.15,24625.1,100,24633.15,325,0,309500
NIFTY-III.NFO,13/08/2024,09:15:52,24625.1,24625.85,100,24633.15,25,25,309500
NIFTY-III.NFO,13/08/2024,09:15:54,24625.1,24627.35,100,24633.15,25,0,309500
NIFTY-III.NFO,13/08/2024,09:15:55,24625.1,24628.55,100,24633.2,25,0,309500
NIFTY-III.NFO,13/08/2024,09:15:57,24625.1,24625.85,100,24633.15,100,0,309500
NIFTY-III.NFO,13/08/2024,09:15:59,24625.1,24625.1,100,24633.15,100,0,309500
NIFTY-III.NFO,13/08/2024,09:16:00,24625.1,24626,100,24633.05,100,0,309500
NIFTY-III.NFO,13/08/2024,09:16:02,24625.1,24625.05,100,24633.05,100,0,309500
NIFTY-III.NFO,13/08/2024,09:16:03,24625.1,24625,75,24631.25,25,0,309500
NIFTY-III.NFO,13/08/2024,09:16:05,24625.1,24625,75,24629.1,25,0,309500
NIFTY-III.NFO,13/08/2024,09:16:06,24625,24625,50,24629.1,25,25,310175
NIFTY-III.NFO,13/08/2024,09:16:08,24625,24625,50,24628.6,350,0,310175
NIFTY-III.NFO,13/08/2024,09:16:10,24625.1,24621,25,24625.05,25,150,310175
NIFTY-III.NFO,13/08/2024,09:16:11,24624.25,24621,25,24624.3,150,25,310175
NIFTY-III.NFO,13/08/2024,09:16:13,24624.25,24621,25,24624.3,150,0,310175
NIFTY-III.NFO,13/08/2024,09:16:14,24624.3,24621,25,24624.15,150,75,310175
NIFTY-III.NFO,13/08/2024,09:16:16,24624.3,24621.45,25,24624.15,75,0,310175
NIFTY-III.NFO,13/08/2024,09:16:17,24621,24612.4,100,24623.05,250,50,310175
NIFTY-III.NFO,13/08/2024,09:16:19,24621,24612.4,100,24623.15,75,0,310175
NIFTY-III.NFO,13/08/2024,09:16:21,24621,24610.05,175,24620.05,375,0,310175
NIFTY-III.NFO,13/08/2024,09:16:22,24621,24610.05,175,24617.75,75,0,310175
NIFTY-III.NFO,13/08/2024,09:16:24,24610.05,24610,25,24616.05,50,50,310175
NIFTY-III.NFO,13/08/2024,09:16:25,24610.05,24610,25,24614.4,50,0,310175
NIFTY-III.NFO,13/08/2024,09:16:27,24610,24605.75,100,24613.75,50,25,310175
NIFTY-III.NFO,13/08/2024,09:16:29,24610,24604.85,100,24610,100,0,310175
NIFTY-III.NFO,13/08/2024,09:16:30,24610,24605.55,100,24610,25,0,310175
NIFTY-III.NFO,13/08/2024,09:16:32,24610,24605.45,350,24610,25,0,310175
NIFTY-III.NFO,13/08/2024,09:16:33,24610,24605.15,175,24610,25,0,310175
NIFTY-III.NFO,13/08/2024,09:16:35,24603,24602.55,175,24609.95,75,25,310175
NIFTY-III.NFO,13/08/2024,09:16:36,24603,24604.4,100,24610,25,0,310175
NIFTY-III.NFO,13/08/2024,09:16:38,24603,24604.85,175,24610,25,0,310175
NIFTY-III.NFO,13/08/2024,09:16:40,24610,24603.3,100,24609.95,150,50,310175
NIFTY-III.NFO,13/08/2024,09:16:41,24610,24602.6,100,24609.75,75,0,310175
NIFTY-III.NFO,13/08/2024,09:16:43,24610,24601.05,100,24603,25,0,310175
NIFTY-III.NFO,13/08/2024,09:16:46,24610,24601,100,24603,25,0,310175
NIFTY-III.NFO,13/08/2024,09:16:49,24601.05,24601,100,24603,25,25,310175
NIFTY-III.NFO,13/08/2024,09:16:51,24601.05,24601,100,24604.95,75,0,310175
NIFTY-III.NFO,13/08/2024,09:16:52,24601.05,24601,100,24604.95,150,0,310175
NIFTY-III.NFO,13/08/2024,09:16:54,24601.05,24601.05,175,24605,25,0,310175
NIFTY-III.NFO,13/08/2024,09:16:57,24601.05,24601,100,24605,25,0,310175
NIFTY-III.NFO,13/08/2024,09:16:59,24601.05,24601,100,24604.95,75,0,310175
NIFTY-III.NFO,13/08/2024,09:17:00,24601.05,24601,100,24604.95,150,0,310175
NIFTY-III.NFO,13/08/2024,09:17:02,24605,24601,100,24605.35,325,250,310175
NIFTY-III.NFO,13/08/2024,09:17:03,24603,24601,175,24605.4,250,25,310175
NIFTY-III.NFO,13/08/2024,09:17:05,24603,24601.05,175,24606.85,25,0,310175
NIFTY-III.NFO,13/08/2024,09:17:07,24603,24601.05,175,24605,25,0,310175
NIFTY-III.NFO,13/08/2024,09:17:10,24603,24601.05,100,24605,25,0,310175
NIFTY-III.NFO,13/08/2024,09:17:11,24603,24601.05,200,24605,25,0,310175
NIFTY-III.NFO,13/08/2024,09:17:13,24603,24601.1,175,24605,25,0,310175
NIFTY-III.NFO,13/08/2024,09:17:16,24603,24603.05,175,24605,25,0,310175
NIFTY-III.NFO,13/08/2024,09:17:18,24605,24603.1,100,24609.55,25,50,310175
NIFTY-III.NFO,13/08/2024,09:17:19,24605,24603.1,100,24609.35,25,0,310175
NIFTY-III.NFO,13/08/2024,09:17:21,24605,24603.1,100,24609.15,25,0,310175
NIFTY-III.NFO,13/08/2024,09:17:22,24605,24603.05,175,24609.05,25,0,310175
NIFTY-III.NFO,13/08/2024,09:17:24,24605,24603.05,175,24608.85,25,0,310175
NIFTY-III.NFO,13/08/2024,09:17:25,24605,24603.05,175,24608.9,250,0,310175
NIFTY-III.NFO,13/08/2024,09:17:27,24605,24603.05,175,24608.75,25,0,310175
NIFTY-III.NFO,13/08/2024,09:17:29,24605,24605,25,24608.55,100,0,310175
NIFTY-III.NFO,13/08/2024,09:17:30,24605,24605,25,24609.1,25,0,310175
NIFTY-III.NFO,13/08/2024,09:17:32,24605,24605,25,24608.8,25,0,310175
NIFTY-III.NFO,13/08/2024,09:17:33,24605,24605,100,24608.65,250,0,310175
NIFTY-III.NFO,13/08/2024,09:17:35,24603.05,24603.05,175,24605,25,100,310175
NIFTY-III.NFO,13/08/2024,09:17:37,24603.05,24603.05,175,24605,25,0,310175
NIFTY-III.NFO,13/08/2024,09:17:38,24609.7,24604.4,100,24612.5,50,75,310175
NIFTY-III.NFO,13/08/2024,09:17:40,24609.7,24606.3,100,24614.25,50,0,310175
NIFTY-III.NFO,13/08/2024,09:17:41,24609.7,24606.85,100,24614.95,125,0,310175
NIFTY-III.NFO,13/08/2024,09:17:43,24606.8,24607,50,24614.95,175,200,310175
NIFTY-III.NFO,13/08/2024,09:17:44,24606.8,24607.8,50,24614.95,100,0,310175
NIFTY-III.NFO,13/08/2024,09:17:46,24606.8,24607.8,50,24614.95,175,0,310175
NIFTY-III.NFO,13/08/2024,09:17:52,24606.8,24607,50,24614.85,100,0,310175
NIFTY-III.NFO,13/08/2024,09:17:54,24606.8,24607,50,24614.55,100,0,310175
NIFTY-III.NFO,13/08/2024,09:17:55,24606.8,24605.35,50,24612.5,100,0,310175
NIFTY-III.NFO,13/08/2024,09:17:57,24606.8,24605.05,50,24612.4,175,0,310175
NIFTY-III.NFO,13/08/2024,09:17:59,24611.05,24605,25,24610.8,100,25,310175
NIFTY-III.NFO,13/08/2024,09:18:00,24611.05,24606,100,24612.15,175,0,310175
NIFTY-III.NFO,13/08/2024,09:18:02,24611.05,24606,25,24611.9,175,0,310175
NIFTY-III.NFO,13/08/2024,09:18:03,24611.05,24606.05,150,24613.6,175,0,310175
NIFTY-III.NFO,13/08/2024,09:18:05,24611.05,24606.05,150,24613.85,100,0,310175
NIFTY-III.NFO,13/08/2024,09:18:08,24611.05,24606.05,150,24613.05,100,0,310175
NIFTY-III.NFO,13/08/2024,09:18:11,24613.05,24606.1,100,24613.05,100,25,310175
NIFTY-III.NFO,13/08/2024,09:18:13,24613.05,24606.1,100,24613.05,100,0,310175
NIFTY-III.NFO,13/08/2024,09:18:15,24613.05,24606.1,100,24613.5,175,0,310175
NIFTY-III.NFO,13/08/2024,09:18:16,24614.25,24606.1,100,24614.25,75,25,310175
NIFTY-III.NFO,13/08/2024,09:18:18,24614.25,24611.05,25,24614.95,150,0,310175
NIFTY-III.NFO,13/08/2024,09:18:19,24614.25,24611.05,25,24614.95,75,0,310175
NIFTY-III.NFO,13/08/2024,09:18:21,24614.95,24611.05,25,24614.95,50,25,310175
NIFTY-III.NFO,13/08/2024,09:18:23,24614.95,24611.05,25,24613.65,50,0,310175
NIFTY-III.NFO,13/08/2024,09:18:24,24613.65,24611.05,25,24615.45,75,50,310175
NIFTY-III.NFO,13/08/2024,09:18:26,24613.65,24611.05,25,24615.95,325,0,310175
NIFTY-III.NFO,13/08/2024,09:18:27,24611.05,24609.45,100,24615.9,75,25,310175
NIFTY-III.NFO,13/08/2024,09:18:29,24611.05,24614,25,24616,125,0,310175
NIFTY-III.NFO,13/08/2024,09:18:32,24611.05,24614.05,75,24616,125,0,310175
NIFTY-III.NFO,13/08/2024,09:18:34,24611.05,24614.05,175,24616,125,0,310175
NIFTY-III.NFO,13/08/2024,09:18:35,24611.05,24614,25,24616,125,0,310175
NIFTY-III.NFO,13/08/2024,09:18:37,24616,24614.05,100,24616,100,25,310175
NIFTY-III.NFO,13/08/2024,09:18:38,24616,24614.95,250,24616,100,0,310175
NIFTY-III.NFO,13/08/2024,09:18:40,24616,24614.95,250,24616,75,25,310175
NIFTY-III.NFO,13/08/2024,09:18:42,24616,24614.95,250,24616,50,25,310175
NIFTY-III.NFO,13/08/2024,09:18:43,24616,24615,100,24616,25,25,310175
NIFTY-III.NFO,13/08/2024,09:18:45,24616,24615,175,24616,25,0,310175
NIFTY-III.NFO,13/08/2024,09:18:46,24616,24615,175,24621.15,250,25,310175
NIFTY-III.NFO,13/08/2024,09:18:48,24616,24615.35,100,24624.55,150,0,310175
NIFTY-III.NFO,13/08/2024,09:18:50,24616,24617.05,100,24624.95,325,0,310175
NIFTY-III.NFO,13/08/2024,09:18:51,24616,24617.05,100,24624.95,75,0,310175
NIFTY-III.NFO,13/08/2024,09:18:53,24624.95,24616.5,100,24624.6,325,25,310175
NIFTY-III.NFO,13/08/2024,09:18:54,24624.95,24616.5,100,24623.45,400,0,310175
NIFTY-III.NFO,13/08/2024,09:18:56,24624.95,24616.95,175,24623.85,75,0,310175
NIFTY-III.NFO,13/08/2024,09:18:57,24624.95,24616.95,175,24623.8,250,0,310175
NIFTY-III.NFO,13/08/2024,09:19:01,24624.95,24616,25,24621.95,325,0,310175
NIFTY-III.NFO,13/08/2024,09:19:02,24624.95,24616,25,24620.7,400,0,310175
NIFTY-III.NFO,13/08/2024,09:19:04,24624.95,24616,25,24620.65,200,0,310175
NIFTY-III.NFO,13/08/2024,09:19:05,24618.8,24616,25,24618.4,175,25,310625
NIFTY-III.NFO,13/08/2024,09:19:07,24616,24614.95,250,24617.25,175,25,310625
NIFTY-III.NFO,13/08/2024,09:19:09,24616,24614.95,250,24616.6,175,0,310625
NIFTY-III.NFO,13/08/2024,09:19:10,24616.55,24614.95,250,24615.8,150,25,310625
NIFTY-III.NFO,13/08/2024,09:19:12,24614.75,24614,25,24614.75,50,275,310625
NIFTY-III.NFO,13/08/2024,09:19:14,24614.75,24614,25,24614.7,250,0,310625
NIFTY-III.NFO,13/08/2024,09:19:15,24614.75,24614,25,24617.1,150,0,310625
NIFTY-III.NFO,13/08/2024,09:19:17,24614,24610.05,100,24616.2,75,25,310625
NIFTY-III.NFO,13/08/2024,09:19:18,24614,24610,50,24614.95,150,0,310625
NIFTY-III.NFO,13/08/2024,09:19:22,24614,24610,50,24614.45,250,0,310625
NIFTY-III.NFO,13/08/2024,09:19:23,24606.05,24606.05,175,24613,25,125,310625
NIFTY-III.NFO,13/08/2024,09:19:25,24606.05,24606.05,175,24613,25,0,310625
NIFTY-III.NFO,13/08/2024,09:19:28,24614.55,24606.85,100,24614.05,75,100,310625
NIFTY-III.NFO,13/08/2024,09:19:30,24614.55,24606.8,100,24613.7,250,0,310625
NIFTY-III.NFO,13/08/2024,09:19:31,24613.7,24607.1,100,24613.7,250,25,310625
NIFTY-III.NFO,13/08/2024,09:19:33,24613.7,24607.35,175,24613.7,250,0,310625
NIFTY-III.NFO,13/08/2024,09:19:35,24613.7,24606.1,175,24613.7,250,0,310625
NIFTY-III.NFO,13/08/2024,09:19:38,24613.7,24606.75,100,24613.7,250,0,310625
NIFTY-III.NFO,13/08/2024,09:19:40,24613.7,24607.9,100,24614.9,325,0,310625
NIFTY-III.NFO,13/08/2024,09:19:41,24613.7,24608.85,100,24614.9,75,0,310625
NIFTY-III.NFO,13/08/2024,09:19:45,24613.7,24606.1,175,24613.5,75,0,310625
NIFTY-III.NFO,13/08/2024,09:19:50,24613.7,24608.85,100,24615.8,75,0,310625
NIFTY-III.NFO,13/08/2024,09:19:53,24613.7,24609.5,75,24616.2,325,0,310625
NIFTY-III.NFO,13/08/2024,09:19:55,24613.7,24608.2,100,24615.25,325,0,310625
NIFTY-III.NFO,13/08/2024,09:19:56,24613.7,24606.7,175,24614.2,75,0,310625
NIFTY-III.NFO,13/08/2024,09:19:58,24613.7,24607.1,100,24614.2,75,0,310625
NIFTY-III.NFO,13/08/2024,09:20:00,24613.7,24606.05,25,24613.5,75,0,310625
NIFTY-III.NFO,13/08/2024,09:20:01,24606,24605,25,24608.2,75,125,310625
NIFTY-III.NFO,13/08/2024,09:20:03,24605,24603,150,24609.55,125,25,310625
NIFTY-III.NFO,13/08/2024,09:20:05,24605,24603,75,24607.8,325,0,310625
NIFTY-III.NFO,13/08/2024,09:20:06,24605,24603,75,24607.75,500,0,310625
NIFTY-III.NFO,13/08/2024,09:20:08,24603,24603,50,24606.75,150,25,310625
NIFTY-III.NFO,13/08/2024,09:20:10,24606.75,24603,50,24607.3,75,25,310625
NIFTY-III.NFO,13/08/2024,09:20:11,24606.75,24603,50,24606.45,250,0,310625
NIFTY-III.NFO,13/08/2024,09:20:13,24606.75,24603,50,24606.15,325,0,310625
NIFTY-III.NFO,13/08/2024,09:20:15,24601,24601,150,24604.25,75,175,310625
NIFTY-III.NFO,13/08/2024,09:20:16,24601,24601,150,24603.95,125,0,310625
NIFTY-III.NFO,13/08/2024,09:20:18,24604.95,24601,150,24604.8,125,150,310625
NIFTY-III.NFO,13/08/2024,09:20:20,24604.95,24601,150,24604.75,600,0,310625
NIFTY-III.NFO,13/08/2024,09:20:21,24604.95,24601,150,24603.75,125,0,310625
NIFTY-III.NFO,13/08/2024,09:20:23,24601,24600.1,50,24600.8,75,175,310625
NIFTY-III.NFO,13/08/2024,09:20:25,24600.2,24600,3325,24601.75,200,400,310625
NIFTY-III.NFO,13/08/2024,09:20:25,24600,24600,3325,24601.75,200,0,310625
NIFTY-III.NFO,13/08/2024,09:20:27,24600.2,24600,3325,24604.65,275,0,310625
NIFTY-III.NFO,13/08/2024,09:20:28,24600.2,24600.05,175,24605.95,75,0,310625
NIFTY-III.NFO,13/08/2024,09:20:30,24605.9,24600.05,175,24605.9,150,25,310625
NIFTY-III.NFO,13/08/2024,09:20:32,24605.9,24600.05,175,24606.5,150,0,310625
NIFTY-III.NFO,13/08/2024,09:20:33,24605.9,24600.05,175,24607.4,150,0,310625
NIFTY-III.NFO,13/08/2024,09:20:35,24605.9,24600,3325,24604.2,150,0,310625
NIFTY-III.NFO,13/08/2024,09:20:37,24605.9,24600,3350,24602.85,150,0,310625
NIFTY-III.NFO,13/08/2024,09:20:38,24605.9,24600.05,175,24605.2,75,0,310625
NIFTY-III.NFO,13/08/2024,09:20:40,24605.9,24600.05,175,24605.9,150,0,310625
NIFTY-III.NFO,13/08/2024,09:20:43,24605.9,24600.05,175,24607.8,75,0,310625
NIFTY-III.NFO,13/08/2024,09:20:45,24605.9,24600.05,175,24606.7,75,0,310625
NIFTY-III.NFO,13/08/2024,09:20:47,24605.9,24600.05,175,24606.2,75,0,310625
NIFTY-III.NFO,13/08/2024,09:20:48,24605.9,24600.05,100,24605.5,75,0,310625
NIFTY-III.NFO,13/08/2024,09:20:50,24605.9,24600.05,100,24604.6,125,0,310625
NIFTY-III.NFO,13/08/2024,09:20:52,24605.9,24600.05,175,24604.9,125,0,310625
NIFTY-III.NFO,13/08/2024,09:20:53,24605.9,24600.05,175,24605.9,25,0,310625
NIFTY-III.NFO,13/08/2024,09:20:55,24605.9,24605,25,24605.9,25,0,310625
NIFTY-III.NFO,13/08/2024,09:20:58,24605.9,24605.05,100,24605.9,25,0,310625
NIFTY-III.NFO,13/08/2024,09:21:00,24605.9,24605,25,24605.9,25,0,310625
NIFTY-III.NFO,13/08/2024,09:21:02,24605.9,24605,25,24605.65,125,0,310625
NIFTY-III.NFO,13/08/2024,09:21:03,24605,24601.85,100,24611.25,200,25,310625
NIFTY-III.NFO,13/08/2024,09:21:05,24605,24601.85,100,24607.55,125,0,310625
NIFTY-III.NFO,13/08/2024,09:21:07,24605,24601.35,100,24606.55,125,0,310625
NIFTY-III.NFO,13/08/2024,09:21:08,24605,24605.9,25,24608.35,125,0,310625
NIFTY-III.NFO,13/08/2024,09:21:10,24605,24605.95,100,24610.1,125,0,310625
NIFTY-III.NFO,13/08/2024,09:21:12,24605,24606.85,100,24611,50,0,310625
NIFTY-III.NFO,13/08/2024,09:21:13,24605,24607.7,175,24611,50,0,310625
NIFTY-III.NFO,13/08/2024,09:21:15,24607.7,24610.05,100,24611,50,25,310625
NIFTY-III.NFO,13/08/2024,09:21:17,24607.7,24610.05,100,24611,50,0,310625
NIFTY-III.NFO,13/08/2024,09:21:18,24610.05,24610.05,75,24611,50,100,310625
NIFTY-III.NFO,13/08/2024,09:21:20,24611,24610.05,75,24611,25,25,310625
NIFTY-III.NFO,13/08/2024,09:21:22,24611,24610.05,25,24611,25,0,310625
NIFTY-III.NFO,13/08/2024,09:21:23,24611,24610.05,25,24613.15,100,25,310625
NIFTY-III.NFO,13/08/2024,09:21:25,24611,24611,25,24612.45,100,0,310625
NIFTY-III.NFO,13/08/2024,09:21:27,24612.4,24610.05,25,24612.35,100,50,310625
NIFTY-III.NFO,13/08/2024,09:21:28,24610.05,24604.75,75,24611.4,100,25,310625
NIFTY-III.NFO,13/08/2024,09:21:30,24611.4,24604.75,100,24611.4,200,25,310625
NIFTY-III.NFO,13/08/2024,09:21:32,24611.75,24604.75,100,24611.7,175,25,310625
NIFTY-III.NFO,13/08/2024,09:21:33,24611.75,24602.65,100,24609.45,75,0,310625
NIFTY-III.NFO,13/08/2024,09:21:35,24611.75,24602.05,100,24609.35,150,0,310625
NIFTY-III.NFO,13/08/2024,09:21:37,24607.7,24601.05,175,24609.3,50,25,310625
NIFTY-III.NFO,13/08/2024,09:21:39,24607.7,24601.15,100,24608.1,50,0,310625
NIFTY-III.NFO,13/08/2024,09:21:40,24607.7,24601.05,175,24606.95,50,0,310625
NIFTY-III.NFO,13/08/2024,09:21:42,24607.7,24601.1,100,24608.1,50,0,310625
NIFTY-III.NFO,13/08/2024,09:21:44,24607.7,24601.05,175,24607.75,125,0,310625
NIFTY-III.NFO,13/08/2024,09:21:45,24607.7,24601.75,100,24608.95,325,0,310625
NIFTY-III.NFO,13/08/2024,09:21:47,24607.7,24603.45,175,24611.45,50,0,310625
NIFTY-III.NFO,13/08/2024,09:21:49,24607.7,24603.45,175,24610.6,150,0,310625
NIFTY-III.NFO,13/08/2024,09:21:50,24607.7,24603.45,225,24610.95,50,0,310625
NIFTY-III.NFO,13/08/2024,09:21:52,24607.7,24604,100,24609.95,125,0,310625
NIFTY-III.NFO,13/08/2024,09:21:54,24607.7,24601.9,100,24608,125,0,310625
NIFTY-III.NFO,13/08/2024,09:21:55,24607.7,24601,150,24605.7,125,0,310625
NIFTY-III.NFO,13/08/2024,09:21:57,24607.7,24603.15,25,24606,50,0,310625
NIFTY-III.NFO,13/08/2024,09:21:59,24607.7,24603.15,25,24607.7,50,0,310625
NIFTY-III.NFO,13/08/2024,09:22:00,24607.7,24603.2,175,24611.05,125,0,310625
NIFTY-III.NFO,13/08/2024,09:22:02,24607.7,24603.65,100,24610.85,125,0,310625
NIFTY-III.NFO,13/08/2024,09:22:05,24607.7,24608.3,100,24616,125,0,310625
NIFTY-III.NFO,13/08/2024,09:22:07,24607.7,24608.3,100,24615.75,50,0,310625
NIFTY-III.NFO,13/08/2024,09:22:09,24607.7,24607.5,100,24610,25,0,310625
NIFTY-III.NFO,13/08/2024,09:22:10,24610,24609.05,100,24616.85,125,25,311750
NIFTY-III.NFO,13/08/2024,09:22:12,24610,24609.05,100,24616.4,50,0,311750
NIFTY-III.NFO,13/08/2024,09:22:14,24616.25,24609.05,100,24616.05,25,25,311750
NIFTY-III.NFO,13/08/2024,09:22:15,24616.25,24609.05,100,24615.95,100,0,311750
NIFTY-III.NFO,13/08/2024,09:22:17,24616.25,24609.05,100,24615.65,25,0,311750
NIFTY-III.NFO,13/08/2024,09:22:18,24616.25,24607.85,100,24614.65,25,0,311750
NIFTY-III.NFO,13/08/2024,09:22:20,24616.25,24607.85,100,24614.5,25,0,311750
NIFTY-III.NFO,13/08/2024,09:22:23,24616.25,24607.3,100,24613.8,25,0,311750
NIFTY-III.NFO,13/08/2024,09:22:25,24616.25,24605.75,100,24612.75,25,0,311750
NIFTY-III.NFO,13/08/2024,09:22:28,24616.25,24606.3,175,24614.05,25,0,311750
NIFTY-III.NFO,13/08/2024,09:22:30,24616.25,24606.75,100,24613.9,25,0,311750
NIFTY-III.NFO,13/08/2024,09:22:31,24616.25,24608.05,100,24615.05,100,0,311750
NIFTY-III.NFO,13/08/2024,09:22:33,24616.25,24609.2,100,24616,25,0,311750
NIFTY-III.NFO,13/08/2024,09:22:35,24616.25,24610,100,24617.75,25,0,311750
NIFTY-III.NFO,13/08/2024,09:22:38,24616.25,24610,100,24617.5,100,0,311750
NIFTY-III.NFO,13/08/2024,09:22:41,24616.25,24610.15,100,24617.8,100,0,311750
NIFTY-III.NFO,13/08/2024,09:22:43,24616.25,24610.25,175,24617.8,100,0,311750
NIFTY-III.NFO,13/08/2024,09:22:44,24616.25,24611.05,100,24617.8,225,0,311750
NIFTY-III.NFO,13/08/2024,09:22:46,24616.25,24611.3,100,24616.25,25,0,311750
NIFTY-III.NFO,13/08/2024,09:22:48,24616.25,24611.05,100,24616.2,25,0,311750
NIFTY-III.NFO,13/08/2024,09:22:49,24616.25,24611.05,175,24616.25,25,0,311750
NIFTY-III.NFO,13/08/2024,09:22:51,24616.25,24611.95,100,24616.25,25,0,311750
NIFTY-III.NFO,13/08/2024,09:22:53,24616.25,24614.25,175,24618.25,25,25,311750
NIFTY-III.NFO,13/08/2024,09:22:54,24620,24619.7,100,24624.95,25,100,311750
NIFTY-III.NFO,13/08/2024,09:22:56,24620,24619.55,100,24624.9,25,0,311750
NIFTY-III.NFO,13/08/2024,09:22:58,24620,24619.55,100,24624.9,100,0,311750
NIFTY-III.NFO,13/08/2024,09:22:59,24620,24618.2,100,24624.9,100,0,311750
NIFTY-III.NFO,13/08/2024,09:23:01,24620,24619.85,100,24624.95,25,0,311750
NIFTY-III.NFO,13/08/2024,09:23:03,24620,24620.4,175,24624.95,25,0,311750
NIFTY-III.NFO,13/08/2024,09:23:04,24620,24619.5,175,24624.9,25,0,311750
NIFTY-III.NFO,13/08/2024,09:23:06,24620,24620.05,75,24624.9,100,0,311750
NIFTY-III.NFO,13/08/2024,09:23:08,24620,24620,150,24624.9,25,0,311750
NIFTY-III.NFO,13/08/2024,09:23:09,24620,24618.95,175,24624.75,100,0,311750
NIFTY-III.NFO,13/08/2024,09:23:11,24623.2,24615.55,100,24623.2,75,100,311750
NIFTY-III.NFO,13/08/2024,09:23:13,24623.2,24616.85,100,24624.6,75,0,311750
NIFTY-III.NFO,13/08/2024,09:23:14,24623.2,24616.95,175,24624.6,75,0,311750
NIFTY-III.NFO,13/08/2024,09:23:16,24623.2,24618,100,24624.95,100,0,311750
NIFTY-III.NFO,13/08/2024,09:23:18,24623.2,24620.05,175,24624.95,25,0,311750
NIFTY-III.NFO,13/08/2024,09:23:19,24623.2,24620.05,175,24623,25,0,311750
NIFTY-III.NFO,13/08/2024,09:23:21,24623.2,24620,100,24623,25,0,311750
NIFTY-III.NFO,13/08/2024,09:23:23,24623.2,24620.7,175,24623,25,0,311750
NIFTY-III.NFO,13/08/2024,09:23:25,24623.2,24621.75,75,24623,25,0,311750
NIFTY-III.NFO,13/08/2024,09:23:27,24623.2,24620,25,24623,25,0,311750
NIFTY-III.NFO,13/08/2024,09:23:28,24623.2,24620.3,75,24623,25,0,311750
NIFTY-III.NFO,13/08/2024,09:23:30,24623.2,24621.75,100,24623,25,0,311750
NIFTY-III.NFO,13/08/2024,09:23:32,24623,24620.55,175,24624.95,25,25,311750
NIFTY-III.NFO,13/08/2024,09:23:33,24623,24620.6,225,24624.95,25,0,311750
NIFTY-III.NFO,13/08/2024,09:23:35,24623,24620.95,100,24624.95,25,0,311750
NIFTY-III.NFO,13/08/2024,09:23:37,24623,24623,25,24624.95,25,0,311750
NIFTY-III.NFO,13/08/2024,09:23:38,24623,24623.2,175,24624.95,25,0,311750
NIFTY-III.NFO,13/08/2024,09:23:40,24623,24623.8,175,24624.95,25,0,311750
NIFTY-III.NFO,13/08/2024,09:23:42,24624.7,24624.4,175,24625,100,50,311750
NIFTY-III.NFO,13/08/2024,09:23:44,24625,24625.8,75,24629.95,25,100,311750
NIFTY-III.NFO,13/08/2024,09:23:45,24625,24626.25,100,24630,3650,0,311750
NIFTY-III.NFO,13/08/2024,09:23:47,24625,24626,100,24629.9,75,0,311750
NIFTY-III.NFO,13/08/2024,09:23:49,24625,24626.1,175,24630,3650,0,311750
NIFTY-III.NFO,13/08/2024,09:23:50,24630,24627.3,50,24630,3625,25,311750
NIFTY-III.NFO,13/08/2024,09:23:52,24630,24627.25,125,24630,3625,0,311750
NIFTY-III.NFO,13/08/2024,09:23:54,24630,24625.35,75,24629.95,25,0,311750
NIFTY-III.NFO,13/08/2024,09:23:55,24630,24623.95,125,24629.95,100,0,311750
NIFTY-III.NFO,13/08/2024,09:23:59,24630,24624,100,24629.95,100,0,311750
NIFTY-III.NFO,13/08/2024,09:24:00,24630,24623.45,125,24629.95,100,0,311750
NIFTY-III.NFO,13/08/2024,09:24:02,24630,24623,100,24629.75,25,0,311750
NIFTY-III.NFO,13/08/2024,09:24:04,24630,24623,100,24628.85,25,0,311750
NIFTY-III.NFO,13/08/2024,09:24:05,24630,24623.65,75,24629.95,100,0,311750
NIFTY-III.NFO,13/08/2024,09:24:07,24629.1,24621.55,175,24628.35,75,25,311750
NIFTY-III.NFO,13/08/2024,09:24:09,24629.1,24623.15,175,24629.95,75,0,311750
NIFTY-III.NFO,13/08/2024,09:24:10,24629.1,24623.15,75,24630,3700,0,311750
NIFTY-III.NFO,13/08/2024,09:24:12,24629.1,24622.7,75,24629.45,100,0,311750
NIFTY-III.NFO,13/08/2024,09:24:14,24629.1,24621.6,100,24628.55,75,0,311750
NIFTY-III.NFO,13/08/2024,09:24:15,24622,24621.6,150,24628.8,25,25,311750
NIFTY-III.NFO,13/08/2024,09:24:17,24622,24622.05,100,24628.8,25,0,311750
NIFTY-III.NFO,13/08/2024,09:24:19,24622,24622.2,100,24628.8,25,0,311750
NIFTY-III.NFO,13/08/2024,09:24:20,24622,24622.15,75,24628.8,25,0,311750
NIFTY-III.NFO,13/08/2024,09:24:22,24622,24621.8,175,24628.6,25,0,311750
NIFTY-III.NFO,13/08/2024,09:24:24,24622,24620.3,25,24626.25,25,0,311750
NIFTY-III.NFO,13/08/2024,09:24:25,24622,24620.35,75,24625.6,100,0,311750
NIFTY-III.NFO,13/08/2024,09:24:27,24622,24620.3,25,24624.85,100,0,311750
NIFTY-III.NFO,13/08/2024,09:24:29,24622,24620.3,25,24625.05,100,0,311750
NIFTY-III.NFO,13/08/2024,09:24:30,24622,24620.3,25,24622,25,0,311750
NIFTY-III.NFO,13/08/2024,09:24:34,24621.95,24620.3,25,24621.95,75,25,311750
NIFTY-III.NFO,13/08/2024,09:24:35,24621.95,24620.3,25,24622,100,0,311750
NIFTY-III.NFO,13/08/2024,09:24:37,24621.95,24620.3,25,24621.95,150,0,311750
NIFTY-III.NFO,13/08/2024,09:24:39,24621.95,24620.3,25,24621.5,75,0,311750
NIFTY-III.NFO,13/08/2024,09:24:40,24621.95,24620.3,25,24622,100,0,311750
NIFTY-III.NFO,13/08/2024,09:24:42,24621.95,24620.3,25,24620.85,75,0,311750
NIFTY-III.NFO,13/08/2024,09:24:44,24620,24620,1475,24620.45,150,100,311750
NIFTY-III.NFO,13/08/2024,09:24:45,24620,24620,1275,24620.65,150,200,311750
NIFTY-III.NFO,13/08/2024,09:24:47,24620,24615,25,24618.95,150,1275,311750
NIFTY-III.NFO,13/08/2024,09:24:49,24620,24615,25,24619.25,200,0,311750
NIFTY-III.NFO,13/08/2024,09:24:50,24620,24615,25,24618.65,150,0,311750
NIFTY-III.NFO,13/08/2024,09:24:52,24620,24615,25,24618.25,75,0,311750
NIFTY-III.NFO,13/08/2024,09:24:53,24620,24615,25,24618.2,150,0,311750
NIFTY-III.NFO,13/08/2024,09:24:55,24620,24615,25,24617.9,150,0,311750
NIFTY-III.NFO,13/08/2024,09:24:57,24620,24615,25,24618,75,0,311750
NIFTY-III.NFO,13/08/2024,09:25:00,24620,24615,25,24616.55,150,0,311750
NIFTY-III.NFO,13/08/2024,09:25:02,24620,24615,25,24618.35,75,0,311750
NIFTY-III.NFO,13/08/2024,09:25:03,24620,24615,25,24618.3,200,0,311750
NIFTY-III.NFO,13/08/2024,09:25:05,24620,24615.85,175,24621,125,0,311750
NIFTY-III.NFO,13/08/2024,09:25:07,24620,24617.25,100,24622,25,0,311750
NIFTY-III.NFO,13/08/2024,09:25:08,24620,24617.25,175,24622.4,125,0,311750
NIFTY-III.NFO,13/08/2024,09:25:10,24620,24618.75,100,24624.75,150,0,311750
NIFTY-III.NFO,13/08/2024,09:25:12,24620,24620,1800,24624.8,275,0,311750
NIFTY-III.NFO,13/08/2024,09:25:13,24620,24620,1800,24623.6,125,0,311750
NIFTY-III.NFO,13/08/2024,09:25:15,24620,24620,1825,24624.15,150,0,311750
NIFTY-III.NFO,13/08/2024,09:25:17,24620,24620,1825,24623.35,75,0,311750
NIFTY-III.NFO,13/08/2024,09:25:18,24620,24620,1825,24624.5,150,0,311750
NIFTY-III.NFO,13/08/2024,09:25:20,24620,24620,1825,24625.25,250,0,311750
NIFTY-III.NFO,13/08/2024,09:25:22,24620,24620.05,100,24624.3,75,0,311750
NIFTY-III.NFO,13/08/2024,09:25:23,24620,24620,1800,24624.3,150,0,311750
NIFTY-III.NFO,13/08/2024,09:25:24,24620,24620,1800,24624.2,75,0,311750
NIFTY-III.NFO,13/08/2024,09:25:26,24620,24620.65,175,24627.1,200,0,311750
NIFTY-III.NFO,13/08/2024,09:25:28,24620,24626.25,75,24630,3650,0,311750
NIFTY-III.NFO,13/08/2024,09:25:29,24620,24625.1,100,24630,3650,0,311750
NIFTY-III.NFO,13/08/2024,09:25:31,24620,24623.2,175,24629.55,150,0,311750
NIFTY-III.NFO,13/08/2024,09:25:33,24620,24625.15,100,24630,3650,0,311750
NIFTY-III.NFO,13/08/2024,09:25:34,24620,24626.15,100,24630,3650,0,311750
NIFTY-III.NFO,13/08/2024,09:25:36,24626.15,24624.15,100,24629.95,100,25,312325
NIFTY-III.NFO,13/08/2024,09:25:38,24626.15,24624.15,100,24629.95,100,0,312325
NIFTY-III.NFO,13/08/2024,09:25:39,24626.15,24624,175,24630,3650,0,312325
NIFTY-III.NFO,13/08/2024,09:25:41,24629.95,24624.5,175,24630,3650,25,312325
NIFTY-III.NFO,13/08/2024,09:25:43,24629.95,24622.5,100,24629.5,250,0,312325
NIFTY-III.NFO,13/08/2024,09:25:44,24629.95,24622.65,100,24628.95,75,0,312325
NIFTY-III.NFO,13/08/2024,09:25:46,24629.95,24622.95,100,24628.9,275,0,312325
NIFTY-III.NFO,13/08/2024,09:25:49,24629.95,24621.45,100,24627.85,200,0,312325
NIFTY-III.NFO,13/08/2024,09:25:51,24629.95,24621.55,175,24627.4,200,0,312325
NIFTY-III.NFO,13/08/2024,09:25:53,24629.95,24621.05,175,24627.2,125,0,312325
NIFTY-III.NFO,13/08/2024,09:25:54,24629.95,24621.05,100,24626.05,200,0,312325
NIFTY-III.NFO,13/08/2024,09:25:58,24629.95,24621.05,175,24626.55,200,0,312325
NIFTY-III.NFO,13/08/2024,09:26:00,24629.95,24621.05,175,24626.15,125,0,312325
NIFTY-III.NFO,13/08/2024,09:26:01,24629.95,24621.05,175,24626.95,200,0,312325
NIFTY-III.NFO,13/08/2024,09:26:03,24629.95,24621,25,24624.35,125,0,312325
NIFTY-III.NFO,13/08/2024,09:26:05,24629.95,24621,25,24624.3,200,0,312325
NIFTY-III.NFO,13/08/2024,09:26:06,24629.95,24621,25,24622.3,125,0,312325
NIFTY-III.NFO,13/08/2024,09:26:08,24629.95,24621,25,24622.85,125,0,312325
NIFTY-III.NFO,13/08/2024,09:26:10,24629.95,24621,25,24622.45,200,0,312325
NIFTY-III.NFO,13/08/2024,09:26:11,24629.95,24621,25,24623.5,125,0,312325
NIFTY-III.NFO,13/08/2024,09:26:13,24629.95,24621,25,24621.3,125,0,312325
NIFTY-III.NFO,13/08/2024,09:26:15,24621,24620,1850,24620.15,125,25,312325
NIFTY-III.NFO,13/08/2024,09:26:16,24621,24620,1850,24621.15,125,0,312325
NIFTY-III.NFO,13/08/2024,09:26:20,24621,24620,1850,24620.25,125,0,312325
NIFTY-III.NFO,13/08/2024,09:26:21,24620,24620,1350,24620.7,325,500,312325
NIFTY-III.NFO,13/08/2024,09:26:23,24620,24620,1350,24622.1,200,0,312325
NIFTY-III.NFO,13/08/2024,09:26:25,24620,24620,1300,24621.5,250,50,312325
NIFTY-III.NFO,13/08/2024,09:26:27,24620,24620,1300,24621,250,0,312325
NIFTY-III.NFO,13/08/2024,09:26:29,24620,24620,1300,24620.4,250,0,312325
NIFTY-III.NFO,13/08/2024,09:26:30,24620,24615,25,24619.85,450,1300,312325
NIFTY-III.NFO,13/08/2024,09:26:32,24620,24615,100,24619.85,450,0,312325
NIFTY-III.NFO,13/08/2024,09:26:34,24620,24615,25,24619.85,450,0,312325
NIFTY-III.NFO,13/08/2024,09:26:35,24620,24615,25,24619.2,500,0,312325
NIFTY-III.NFO,13/08/2024,09:26:37,24620,24615,25,24617.25,250,0,312325
NIFTY-III.NFO,13/08/2024,09:26:39,24620,24615,25,24616.6,325,0,312325
NIFTY-III.NFO,13/08/2024,09:26:40,24616.5,24615,25,24617,250,25,312325
NIFTY-III.NFO,13/08/2024,09:26:42,24616.5,24615,25,24617,250,0,312325
NIFTY-III.NFO,13/08/2024,09:26:44,24616.5,24615,25,24616.7,250,0,312325
NIFTY-III.NFO,13/08/2024,09:26:47,24616.5,24615,25,24616.65,250,0,312325
NIFTY-III.NFO,13/08/2024,09:26:49,24616.5,24615,25,24616.4,250,0,312325
NIFTY-III.NFO,13/08/2024,09:26:50,24615,24612.35,75,24616.05,325,25,312325
NIFTY-III.NFO,13/08/2024,09:26:52,24615,24612.5,75,24616.5,250,0,312325
NIFTY-III.NFO,13/08/2024,09:26:54,24615,24612.7,75,24617.2,325,0,312325
NIFTY-III.NFO,13/08/2024,09:26:55,24615,24612.75,175,24617.3,250,0,312325
NIFTY-III.NFO,13/08/2024,09:26:57,24615,24612.95,100,24619.1,125,0,312325
NIFTY-III.NFO,13/08/2024,09:26:59,24613.95,24614.55,175,24621,200,25,312325
NIFTY-III.NFO,13/08/2024,09:27:00,24613.95,24613.6,100,24620.15,25,0,312325
NIFTY-III.NFO,13/08/2024,09:27:02,24613.95,24613.2,175,24618.95,25,0,312325
NIFTY-III.NFO,13/08/2024,09:27:04,24613.95,24613.2,100,24618.6,25,0,312325
NIFTY-III.NFO,13/08/2024,09:27:05,24613.95,24613.2,100,24618.2,100,0,312325
NIFTY-III.NFO,13/08/2024,09:27:07,24613.95,24613.15,25,24617.3,100,0,312325
NIFTY-III.NFO,13/08/2024,09:27:09,24613.95,24613.15,25,24615,150,0,312325
NIFTY-III.NFO,13/08/2024,09:27:10,24613.15,24611.05,175,24616.6,100,25,312325
NIFTY-III.NFO,13/08/2024,09:27:12,24613.15,24611.05,175,24617.7,75,0,312325
NIFTY-III.NFO,13/08/2024,09:27:14,24613.15,24611.4,175,24617.9,100,0,312325
NIFTY-III.NFO,13/08/2024,09:27:15,24613.15,24614.1,100,24621,100,0,312325
NIFTY-III.NFO,13/08/2024,09:27:17,24614.2,24614.25,100,24620.4,125,25,312325
NIFTY-III.NFO,13/08/2024,09:27:19,24614.2,24613.05,100,24619.6,125,0,312325
NIFTY-III.NFO,13/08/2024,09:27:20,24614.2,24611.05,100,24615.95,125,0,312325
NIFTY-III.NFO,13/08/2024,09:27:22,24614.2,24611,200,24613.9,50,0,312325
NIFTY-III.NFO,13/08/2024,09:27:24,24614.2,24611,200,24613.15,50,0,312325
NIFTY-III.NFO,13/08/2024,09:27:26,24614.2,24611,200,24613.05,50,0,312325
NIFTY-III.NFO,13/08/2024,09:27:28,24614.2,24611,200,24611.55,50,0,312325
NIFTY-III.NFO,13/08/2024,09:27:29,24611,24611,75,24612.4,50,125,312325
NIFTY-III.NFO,13/08/2024,09:27:31,24610,24605.05,100,24610.05,200,125,312325
NIFTY-III.NFO,13/08/2024,09:27:33,24609.65,24605,25,24609.25,125,50,312325
NIFTY-III.NFO,13/08/2024,09:27:34,24609.65,24605,100,24610.15,200,0,312325
NIFTY-III.NFO,13/08/2024,09:27:36,24605,24605,25,24609.65,375,25,312325
NIFTY-III.NFO,13/08/2024,09:27:38,24605,24605,25,24607.9,125,0,312325
NIFTY-III.NFO,13/08/2024,09:27:39,24605,24605,25,24607.55,125,0,312325
NIFTY-III.NFO,13/08/2024,09:27:41,24605,24605,25,24607.35,250,0,312325
NIFTY-III.NFO,13/08/2024,09:27:43,24607.35,24605,25,24607.5,125,25,312325
NIFTY-III.NFO,13/08/2024,09:27:44,24607.35,24605,25,24607.4,125,0,312325
NIFTY-III.NFO,13/08/2024,09:27:46,24607.35,24605,25,24607.6,250,0,312325
NIFTY-III.NFO,13/08/2024,09:27:48,24607.35,24605,25,24606.7,125,0,312325
NIFTY-III.NFO,13/08/2024,09:27:49,24607.35,24605,25,24606.5,250,0,312325
NIFTY-III.NFO,13/08/2024,09:27:51,24607.35,24605,25,24607.4,125,0,312325
NIFTY-III.NFO,13/08/2024,09:27:53,24607.35,24605,25,24606.5,250,0,312325
NIFTY-III.NFO,13/08/2024,09:27:54,24607.35,24605,25,24606.95,125,0,312325
NIFTY-III.NFO,13/08/2024,09:27:56,24607.35,24605,25,24607.5,250,0,312325
NIFTY-III.NFO,13/08/2024,09:27:58,24607.35,24605,25,24606.8,250,0,312325
NIFTY-III.NFO,13/08/2024,09:27:59,24607.35,24605,25,24606.15,125,0,312325
NIFTY-III.NFO,13/08/2024,09:28:01,24605.05,24605.1,100,24611.1,25,25,312325
NIFTY-III.NFO,13/08/2024,09:28:03,24605.05,24605.1,100,24610.95,100,0,314350
NIFTY-III.NFO,13/08/2024,09:28:04,24605.05,24605.1,100,24610.45,25,0,314350
NIFTY-III.NFO,13/08/2024,09:28:06,24605.05,24605.05,175,24611.3,25,0,314350
NIFTY-III.NFO,13/08/2024,09:28:08,24605.05,24605.9,100,24611.25,100,0,314350
NIFTY-III.NFO,13/08/2024,09:28:09,24605.05,24606.45,100,24611.95,25,0,314350
NIFTY-III.NFO,13/08/2024,09:28:11,24605.05,24607.05,175,24611.95,25,0,314350
NIFTY-III.NFO,13/08/2024,09:28:13,24605.05,24606.85,175,24611.9,25,0,314350
NIFTY-III.NFO,13/08/2024,09:28:15,24605.05,24607.2,100,24612.85,100,0,314350
NIFTY-III.NFO,13/08/2024,09:28:16,24605.05,24606.05,100,24610.7,100,0,314350
NIFTY-III.NFO,13/08/2024,09:28:18,24605.05,24606,25,24609.85,25,0,314350
NIFTY-III.NFO,13/08/2024,09:28:20,24605.05,24606,25,24609.75,100,0,314350
NIFTY-III.NFO,13/08/2024,09:28:21,24605.05,24606,25,24610,100,0,314350
NIFTY-III.NFO,13/08/2024,09:28:23,24605.05,24606,25,24610.35,100,0,314350
NIFTY-III.NFO,13/08/2024,09:28:24,24605.05,24606,25,24610.35,25,0,314350
NIFTY-III.NFO,13/08/2024,09:28:26,24605.05,24606,25,24609.7,25,0,314350
NIFTY-III.NFO,13/08/2024,09:28:28,24605.05,24606,25,24608.8,25,0,314350
NIFTY-III.NFO,13/08/2024,09:28:29,24605.05,24606,25,24609.2,25,0,314350
NIFTY-III.NFO,13/08/2024,09:28:31,24605.05,24606,25,24608.65,25,0,314350
NIFTY-III.NFO,13/08/2024,09:28:33,24605.05,24606,25,24609.7,25,0,314350
NIFTY-III.NFO,13/08/2024,09:28:34,24605.05,24606,25,24607.55,125,0,314350
NIFTY-III.NFO,13/08/2024,09:28:36,24605.05,24606,25,24607.5,25,0,314350
NIFTY-III.NFO,13/08/2024,09:28:38,24605.05,24606,25,24608.6,25,0,314350
NIFTY-III.NFO,13/08/2024,09:28:39,24605.05,24606,25,24608.05,25,0,314350
NIFTY-III.NFO,13/08/2024,09:28:41,24605.05,24606,25,24607.5,125,0,314350
NIFTY-III.NFO,13/08/2024,09:28:43,24605.05,24606,25,24608.4,25,0,314350
NIFTY-III.NFO,13/08/2024,09:28:44,24605.05,24606,25,24608.35,25,0,314350
NIFTY-III.NFO,13/08/2024,09:28:46,24605.05,24606,25,24610,100,0,314350
NIFTY-III.NFO,13/08/2024,09:28:48,24605.05,24606,25,24607.45,25,0,314350
NIFTY-III.NFO,13/08/2024,09:28:49,24605.05,24606,25,24606.45,250,0,314350
NIFTY-III.NFO,13/08/2024,09:28:51,24605.05,24606,25,24606.4,150,0,314350
NIFTY-III.NFO,13/08/2024,09:28:52,24605.6,24605.05,50,24606.95,25,50,314350
NIFTY-III.NFO,13/08/2024,09:28:54,24605.6,24605.05,50,24607.1,250,0,314350
NIFTY-III.NFO,13/08/2024,09:28:56,24605.6,24605.05,50,24605.95,100,0,314350
NIFTY-III.NFO,13/08/2024,09:28:57,24605.6,24605.05,50,24605.85,100,0,314350
NIFTY-III.NFO,13/08/2024,09:28:59,24605.6,24605.05,50,24606.7,25,0,314350
NIFTY-III.NFO,13/08/2024,09:29:01,24605.6,24605.05,50,24608.4,525,0,314350
NIFTY-III.NFO,13/08/2024,09:29:02,24605.6,24605.05,50,24607.95,250,0,314350
NIFTY-III.NFO,13/08/2024,09:29:04,24605.6,24605.05,50,24609.3,25,0,314350
NIFTY-III.NFO,13/08/2024,09:29:06,24605.6,24605.1,175,24609.95,25,0,314350
NIFTY-III.NFO,13/08/2024,09:29:07,24605.6,24607.6,150,24611.95,25,0,314350
NIFTY-III.NFO,13/08/2024,09:29:09,24605.6,24605.75,100,24611.5,100,0,314350
NIFTY-III.NFO,13/08/2024,09:29:11,24605.6,24605.75,100,24611.65,100,0,314350
NIFTY-III.NFO,13/08/2024,09:29:12,24605.6,24605.75,100,24611.65,350,0,314350
NIFTY-III.NFO,13/08/2024,09:29:14,24605.6,24605.1,175,24610.75,175,0,314350
NIFTY-III.NFO,13/08/2024,09:29:16,24605.6,24605.1,100,24609.85,175,0,314350
NIFTY-III.NFO,13/08/2024,09:29:17,24605.6,24605.05,50,24608.55,25,0,314350
NIFTY-III.NFO,13/08/2024,09:29:19,24605.6,24605.05,25,24605.45,50,50,314350
NIFTY-III.NFO,13/08/2024,09:29:21,24605.05,24601.05,100,24605.3,100,25,314350
NIFTY-III.NFO,13/08/2024,09:29:22,24605.05,24601.05,100,24605.8,100,0,314350
NIFTY-III.NFO,13/08/2024,09:29:24,24605.85,24601.05,100,24606.05,350,25,314350
NIFTY-III.NFO,13/08/2024,09:29:25,24605.85,24602,175,24607.1,250,0,314350
NIFTY-III.NFO,13/08/2024,09:29:27,24605.85,24602.8,175,24608.7,350,0,314350
NIFTY-III.NFO,13/08/2024,09:29:29,24605.85,24602.9,100,24608.5,100,0,314350
NIFTY-III.NFO,13/08/2024,09:29:30,24605.85,24601.7,175,24608,25,0,314350
NIFTY-III.NFO,13/08/2024,09:29:32,24605.85,24602.35,100,24608,100,0,314350
NIFTY-III.NFO,13/08/2024,09:29:34,24605.85,24601.25,100,24607.55,25,0,314350
NIFTY-III.NFO,13/08/2024,09:29:35,24605.85,24601.4,175,24606.8,100,0,314350
NIFTY-III.NFO,13/08/2024,09:29:37,24605.85,24601.05,175,24605.85,25,0,314350
NIFTY-III.NFO,13/08/2024,09:29:39,24605.85,24601.3,100,24605.85,25,0,314350
NIFTY-III.NFO,13/08/2024,09:29:42,24605.85,24601.4,100,24605.85,25,0,314350
NIFTY-III.NFO,13/08/2024,09:29:47,24605.85,24601.05,175,24605.85,25,0,314350
NIFTY-III.NFO,13/08/2024,09:29:49,24605.85,24601.15,100,24605.85,25,0,314350
NIFTY-III.NFO,13/08/2024,09:29:50,24605.85,24602.4,175,24605.85,25,0,314350
NIFTY-III.NFO,13/08/2024,09:29:52,24605.85,24601.8,175,24605.85,25,0,314350
NIFTY-III.NFO,13/08/2024,09:29:54,24605.85,24603.1,100,24605.85,25,0,314350
NIFTY-III.NFO,13/08/2024,09:29:55,24605.85,24603.25,175,24605.85,25,0,314350
NIFTY-III.NFO,13/08/2024,09:29:57,24605.85,24601.3,175,24605.85,25,0,314350
NIFTY-III.NFO,13/08/2024,09:29:59,24605.85,24602.65,175,24605.85,25,0,314350
NIFTY-III.NFO,13/08/2024,09:30:00,24605.85,24603.95,100,24605.85,25,0,314350
NIFTY-III.NFO,13/08/2024,09:30:02,24605.85,24603.5,175,24605.85,25,0,314350
NIFTY-III.NFO,13/08/2024,09:30:04,24605.85,24601,50,24605.8,100,0,314350
NIFTY-III.NFO,13/08/2024,09:30:05,24605.85,24601.55,50,24605.8,25,0,314350
NIFTY-III.NFO,13/08/2024,09:30:07,24602.25,24604.25,50,24605.85,25,25,314350
NIFTY-III.NFO,13/08/2024,09:30:09,24602.25,24605.15,50,24605.85,25,0,314350
NIFTY-III.NFO,13/08/2024,09:30:10,24605.85,24605.9,75,24610.6,75,25,314350
NIFTY-III.NFO,13/08/2024,09:30:12,24605.85,24605.95,175,24611.2,150,0,314350
NIFTY-III.NFO,13/08/2024,09:30:14,24605.85,24604.6,175,24609.5,75,0,314350
NIFTY-III.NFO,13/08/2024,09:30:15,24605.85,24605.85,125,24610.95,150,0,314350
NIFTY-III.NFO,13/08/2024,09:30:17,24605.85,24605.15,175,24610.25,150,0,314350
NIFTY-III.NFO,13/08/2024,09:30:19,24605.85,24601.9,100,24607.4,150,0,314350
NIFTY-III.NFO,13/08/2024,09:30:20,24605.85,24601.1,175,24606.55,150,0,314350
NIFTY-III.NFO,13/08/2024,09:30:22,24605.85,24601,50,24605.2,75,0,314350
NIFTY-III.NFO,13/08/2024,09:30:24,24605.85,24601,50,24604,150,0,314350
NIFTY-III.NFO,13/08/2024,09:30:26,24601,24601,25,24603.9,150,25,314350
NIFTY-III.NFO,13/08/2024,09:30:27,24601,24602,25,24603.7,75,0,314350
NIFTY-III.NFO,13/08/2024,09:30:29,24601,24602,25,24604.6,150,0,314350
NIFTY-III.NFO,13/08/2024,09:30:31,24601,24602,25,24602.85,250,0,314350
NIFTY-III.NFO,13/08/2024,09:30:33,24602.85,24602,25,24602.8,325,50,314350
NIFTY-III.NFO,13/08/2024,09:30:34,24602.85,24602,25,24604.6,75,0,314350
NIFTY-III.NFO,13/08/2024,09:30:36,24602.85,24602,25,24605.35,150,0,314350
NIFTY-III.NFO,13/08/2024,09:30:38,24602.85,24602,25,24606.8,150,0,314350
NIFTY-III.NFO,13/08/2024,09:30:39,24602.85,24602,25,24606.05,75,0,314350
NIFTY-III.NFO,13/08/2024,09:30:41,24602.85,24602,25,24607,150,0,314350
NIFTY-III.NFO,13/08/2024,09:30:43,24602.85,24602,25,24605.7,75,0,314350
NIFTY-III.NFO,13/08/2024,09:30:44,24602.85,24602,25,24606.4,150,0,314350
NIFTY-III.NFO,13/08/2024,09:30:46,24602.85,24602,25,24602.85,25,0,314350
NIFTY-III.NFO,13/08/2024,09:31:01,24602.85,24602.05,100,24602.85,25,0,314350
NIFTY-III.NFO,13/08/2024,09:31:03,24602.85,24602,25,24602.85,25,0,314350
NIFTY-III.NFO,13/08/2024,09:31:09,24602.85,24602.05,100,24602.85,25,0,314350
NIFTY-III.NFO,13/08/2024,09:31:11,24602.85,24601.05,100,24602.85,25,0,314350
NIFTY-III.NFO,13/08/2024,09:31:13,24602.85,24601.1,175,24602.85,25,0,314350
NIFTY-III.NFO,13/08/2024,09:31:14,24602.85,24601.3,175,24602.85,25,0,314350
NIFTY-III.NFO,13/08/2024,09:31:16,24602.85,24601.95,175,24602.85,25,0,314350
NIFTY-III.NFO,13/08/2024,09:31:18,24602.85,24602.25,100,24602.85,25,0,314350
NIFTY-III.NFO,13/08/2024,09:31:19,24602.85,24603.5,100,24608.5,25,25,314300
NIFTY-III.NFO,13/08/2024,09:31:21,24602.85,24604.2,175,24608.5,25,0,314300
NIFTY-III.NFO,13/08/2024,09:31:23,24602.85,24606.75,100,24608.5,25,0,314300
NIFTY-III.NFO,13/08/2024,09:31:24,24608.5,24608.05,175,24613.25,150,25,314300
NIFTY-III.NFO,13/08/2024,09:31:26,24608.5,24604.5,175,24610.6,75,0,314300
NIFTY-III.NFO,13/08/2024,09:31:27,24608.5,24603.9,175,24609.75,325,0,314300
NIFTY-III.NFO,13/08/2024,09:31:29,24608.5,24605.75,175,24611.5,150,0,314300
NIFTY-III.NFO,13/08/2024,09:31:31,24608.5,24603.3,175,24609.45,75,0,314300
NIFTY-III.NFO,13/08/2024,09:31:32,24608.5,24602.75,100,24608.35,325,0,314300
NIFTY-III.NFO,13/08/2024,09:31:34,24608.5,24602.25,175,24608.3,150,0,314300
NIFTY-III.NFO,13/08/2024,09:31:36,24608.5,24601.05,100,24606.1,150,0,314300
NIFTY-III.NFO,13/08/2024,09:31:37,24608.5,24602,25,24606.1,325,0,314300
NIFTY-III.NFO,13/08/2024,09:31:39,24608.5,24605,25,24606.9,75,0,314300
NIFTY-III.NFO,13/08/2024,09:31:41,24608.5,24605,25,24607.8,75,0,314300
NIFTY-III.NFO,13/08/2024,09:31:42,24608.5,24605,25,24607.2,75,0,314300
NIFTY-III.NFO,13/08/2024,09:31:44,24608.5,24605,25,24606.65,75,0,314300
NIFTY-III.NFO,13/08/2024,09:31:46,24608.5,24605,25,24606.05,75,0,314300
NIFTY-III.NFO,13/08/2024,09:31:47,24602.5,24602,25,24602.3,50,50,314300
NIFTY-III.NFO,13/08/2024,09:31:49,24601,24600.15,25,24600.65,200,75,314300
NIFTY-III.NFO,13/08/2024,09:31:51,24601,24600.15,25,24601.4,200,0,314300
NIFTY-III.NFO,13/08/2024,09:31:52,24601,24600.15,25,24603.25,200,0,314300
NIFTY-III.NFO,13/08/2024,09:31:54,24601,24600.15,25,24604.15,200,0,314300
NIFTY-III.NFO,13/08/2024,09:31:56,24601,24600.65,100,24605.5,200,0,314300
NIFTY-III.NFO,13/08/2024,09:31:57,24601,24600.25,100,24605.45,125,0,314300
NIFTY-III.NFO,13/08/2024,09:31:59,24601,24600.15,25,24603.9,50,0,314300
NIFTY-III.NFO,13/08/2024,09:32:01,24601,24600.2,175,24605.35,50,0,314300
NIFTY-III.NFO,13/08/2024,09:32:02,24601,24600.2,175,24605.75,125,0,314300
NIFTY-III.NFO,13/08/2024,09:32:04,24601,24600.2,175,24605.2,50,0,314300
NIFTY-III.NFO,13/08/2024,09:32:06,24601,24600.2,175,24606.05,125,0,314300
NIFTY-III.NFO,13/08/2024,09:32:07,24601,24600.15,25,24603.35,50,0,314300
NIFTY-III.NFO,13/08/2024,09:32:09,24601,24600.15,25,24600.55,175,25,314300
NIFTY-III.NFO,13/08/2024,09:32:11,24600,24600,2000,24600.55,250,175,314300
NIFTY-III.NFO,13/08/2024,09:32:12,24600,24600,2000,24602.2,125,0,314300
NIFTY-III.NFO,13/08/2024,09:32:14,24600,24600.05,75,24605.25,125,0,314300
NIFTY-III.NFO,13/08/2024,09:32:16,24600,24600.05,175,24605.25,125,0,314300
NIFTY-III.NFO,13/08/2024,09:32:19,24600,24600.15,100,24605.9,250,0,314300
NIFTY-III.NFO,13/08/2024,09:32:21,24600,24602.05,175,24608.05,50,0,314300
NIFTY-III.NFO,13/08/2024,09:32:22,24600,24603.5,100,24609.85,50,0,314300
NIFTY-III.NFO,13/08/2024,09:32:24,24600,24603.9,175,24609.9,50,0,314300
NIFTY-III.NFO,13/08/2024,09:32:27,24600,24605.25,100,24610,75,0,314300
NIFTY-III.NFO,13/08/2024,09:32:29,24600,24605.75,100,24610,75,0,314300
NIFTY-III.NFO,13/08/2024,09:32:30,24600,24605.25,100,24610,75,0,314300
NIFTY-III.NFO,13/08/2024,09:32:32,24600,24606.2,175,24610,75,0,314300
NIFTY-III.NFO,13/08/2024,09:32:34,24600,24605.9,100,24610,25,0,314300
NIFTY-III.NFO,13/08/2024,09:32:35,24600,24605.55,175,24610,25,0,314300
NIFTY-III.NFO,13/08/2024,09:32:37,24600,24605.3,175,24610,25,0,314300
NIFTY-III.NFO,13/08/2024,09:32:39,24600,24605.25,175,24610,25,0,314300
NIFTY-III.NFO,13/08/2024,09:32:40,24600,24605.9,175,24610,25,0,314300
NIFTY-III.NFO,13/08/2024,09:32:42,24600,24606.1,175,24610,25,0,314300
NIFTY-III.NFO,13/08/2024,09:32:46,24600,24605.2,100,24610,25,0,314300
NIFTY-III.NFO,13/08/2024,09:32:47,24600,24608.45,175,24610,25,0,314300
NIFTY-III.NFO,13/08/2024,09:32:49,24610,24608.5,175,24612.5,75,25,314300
NIFTY-III.NFO,13/08/2024,09:32:51,24613,24612.45,175,24615.85,25,25,314300
NIFTY-III.NFO,13/08/2024,09:32:52,24613,24612.1,100,24615.85,25,0,314300
NIFTY-III.NFO,13/08/2024,09:32:54,24613,24612.2,175,24615.85,25,0,314300
NIFTY-III.NFO,13/08/2024,09:32:56,24613,24612.4,100,24615.85,25,0,314300
NIFTY-III.NFO,13/08/2024,09:32:57,24613,24614.3,175,24615.85,25,0,314300
NIFTY-III.NFO,13/08/2024,09:32:59,24613,24614.6,100,24615.85,25,0,314300
NIFTY-III.NFO,13/08/2024,09:33:01,24613,24613.05,100,24615.85,25,0,314300
NIFTY-III.NFO,13/08/2024,09:33:02,24613,24613,25,24615.85,25,0,314300
NIFTY-III.NFO,13/08/2024,09:33:06,24613,24613.05,175,24615.85,25,0,314300
NIFTY-III.NFO,13/08/2024,09:33:07,24613,24613.05,100,24615.85,25,0,314300
NIFTY-III.NFO,13/08/2024,09:33:11,24613,24613,25,24615.85,25,0,314300
NIFTY-III.NFO,13/08/2024,09:33:12,24613,24613,50,24615.8,50,0,314300
NIFTY-III.NFO,13/08/2024,09:33:14,24613,24613,125,24615.85,25,0,314300
NIFTY-III.NFO,13/08/2024,09:33:16,24613,24613.05,175,24615.85,25,0,314300
NIFTY-III.NFO,13/08/2024,09:33:17,24613,24613,50,24615.85,25,0,314300
NIFTY-III.NFO,13/08/2024,09:33:24,24613,24613.05,175,24615.85,25,0,314300
NIFTY-III.NFO,13/08/2024,09:33:27,24613,24613.5,175,24615.85,25,0,314300
NIFTY-III.NFO,13/08/2024,09:33:29,24613,24613.05,175,24615.85,25,0,314300
NIFTY-III.NFO,13/08/2024,09:33:31,24613,24614.15,100,24615.85,25,0,314300
NIFTY-III.NFO,13/08/2024,09:33:32,24615.85,24617.15,175,24623.25,125,25,314300
NIFTY-III.NFO,13/08/2024,09:33:34,24615.85,24620,100,24624.85,50,0,314300
NIFTY-III.NFO,13/08/2024,09:33:36,24615.85,24618.65,175,24624.25,125,0,314300
NIFTY-III.NFO,13/08/2024,09:33:37,24618.55,24618.55,50,24623.25,375,25,314300
NIFTY-III.NFO,13/08/2024,09:33:39,24618.55,24616.55,175,24622.1,125,0,314300
NIFTY-III.NFO,13/08/2024,09:33:41,24618.55,24618.3,175,24623.15,125,0,314300
NIFTY-III.NFO,13/08/2024,09:33:42,24618.55,24616.4,175,24622.3,125,0,314300
NIFTY-III.NFO,13/08/2024,09:33:44,24618.55,24615,175,24620.45,125,0,314300
NIFTY-III.NFO,13/08/2024,09:33:46,24618.55,24614.6,175,24620.15,125,0,314300
NIFTY-III.NFO,13/08/2024,09:33:47,24618.55,24615.5,100,24621.05,125,0,314300
NIFTY-III.NFO,13/08/2024,09:33:49,24618.55,24613.85,175,24619.75,50,0,314300
NIFTY-III.NFO,13/08/2024,09:33:51,24618.55,24613.05,175,24619,50,0,314300
NIFTY-III.NFO,13/08/2024,09:33:52,24618.55,24614.05,175,24619.8,125,0,314300
NIFTY-III.NFO,13/08/2024,09:33:54,24618.55,24613.4,150,24619.95,125,0,314300
NIFTY-III.NFO,13/08/2024,09:33:56,24618.55,24618,25,24619.95,125,0,314300
NIFTY-III.NFO,13/08/2024,09:33:57,24618,24613,50,24617.45,275,25,314400
NIFTY-III.NFO,13/08/2024,09:33:59,24618,24613,50,24616.1,125,0,314400
NIFTY-III.NFO,13/08/2024,09:34:01,24618,24613,50,24616.8,50,0,314400
NIFTY-III.NFO,13/08/2024,09:34:02,24615.95,24613,25,24614.35,100,25,314400
NIFTY-III.NFO,13/08/2024,09:34:04,24615.95,24613,25,24615.85,100,0,314400
NIFTY-III.NFO,13/08/2024,09:34:06,24615.95,24613,25,24614.35,25,0,314400
NIFTY-III.NFO,13/08/2024,09:34:07,24615.95,24613,25,24615.25,25,0,314400
NIFTY-III.NFO,13/08/2024,09:34:09,24615.95,24613,25,24613.85,125,0,314400
NIFTY-III.NFO,13/08/2024,09:34:11,24615.95,24613,25,24616.75,25,0,314400
NIFTY-III.NFO,13/08/2024,09:34:12,24615.95,24613,25,24615.8,100,0,314400
NIFTY-III.NFO,13/08/2024,09:34:14,24615.95,24613,25,24616.05,100,0,314400
NIFTY-III.NFO,13/08/2024,09:34:16,24615.95,24613,25,24615.75,325,0,314400
NIFTY-III.NFO,13/08/2024,09:34:17,24615.95,24610,25,24614.35,100,0,314400
NIFTY-III.NFO,13/08/2024,09:34:19,24615.95,24610.05,175,24615.2,325,0,314400
NIFTY-III.NFO,13/08/2024,09:34:21,24615.95,24610,25,24614.65,325,0,314400
NIFTY-III.NFO,13/08/2024,09:34:22,24615.95,24610,25,24614.5,25,0,314400
NIFTY-III.NFO,13/08/2024,09:34:24,24615.95,24610,25,24613.95,325,0,314400
NIFTY-III.NFO,13/08/2024,09:34:26,24615.95,24610,25,24612.05,75,0,314400
NIFTY-III.NFO,13/08/2024,09:34:27,24615.95,24610,25,24613.9,25,0,314400
NIFTY-III.NFO,13/08/2024,09:34:29,24615.95,24610,25,24613.5,25,0,314400
NIFTY-III.NFO,13/08/2024,09:34:31,24615.95,24610,25,24614.5,100,0,314400
NIFTY-III.NFO,13/08/2024,09:34:32,24615.95,24610,25,24612.15,25,0,314400
NIFTY-III.NFO,13/08/2024,09:34:34,24615.95,24610,25,24611.95,100,0,314400
NIFTY-III.NFO,13/08/2024,09:34:36,24615.95,24610,25,24611.9,25,0,314400
NIFTY-III.NFO,13/08/2024,09:34:37,24615.95,24610,25,24611.8,100,0,314400
NIFTY-III.NFO,13/08/2024,09:34:39,24615.95,24610,25,24611.95,100,0,314400
NIFTY-III.NFO,13/08/2024,09:34:41,24615.95,24610,25,24610.85,25,0,314400
NIFTY-III.NFO,13/08/2024,09:34:42,24610,24605.7,75,24610.75,100,25,314400
NIFTY-III.NFO,13/08/2024,09:34:44,24610,24604.1,75,24607.45,100,0,314400
NIFTY-III.NFO,13/08/2024,09:34:46,24610,24603.7,75,24607.5,25,0,314400
NIFTY-III.NFO,13/08/2024,09:34:47,24610,24603.15,175,24608.3,25,0,314400
NIFTY-III.NFO,13/08/2024,09:34:49,24610,24603.7,175,24608.95,75,0,314400
NIFTY-III.NFO,13/08/2024,09:34:51,24610,24604.4,175,24609.35,150,0,314400
NIFTY-III.NFO,13/08/2024,09:34:52,24610,24603.25,175,24608.55,100,0,314400
NIFTY-III.NFO,13/08/2024,09:34:54,24610,24603.1,175,24608.4,100,0,314400
NIFTY-III.NFO,13/08/2024,09:34:56,24610,24604.35,175,24609.25,25,0,314400
NIFTY-III.NFO,13/08/2024,09:34:57,24610,24604.1,175,24608.9,25,0,314400
NIFTY-III.NFO,13/08/2024,09:34:59,24610,24604.9,175,24610,25,0,314400
NIFTY-III.NFO,13/08/2024,09:35:01,24610,24607.15,100,24610,25,0,314400
NIFTY-III.NFO,13/08/2024,09:35:02,24610,24604.6,175,24609.95,100,0,314400
NIFTY-III.NFO,13/08/2024,09:35:04,24610,24606.05,175,24610,25,0,314400
NIFTY-III.NFO,13/08/2024,09:35:06,24610,24607.65,100,24610,25,0,314400
NIFTY-III.NFO,13/08/2024,09:35:08,24610,24607.7,175,24610,25,0,314400
NIFTY-III.NFO,13/08/2024,09:35:09,24610,24609.4,50,24610,25,0,314400
NIFTY-III.NFO,13/08/2024,09:35:11,24610,24609.6,175,24614.15,25,25,314400
NIFTY-III.NFO,13/08/2024,09:35:13,24610,24609.65,175,24614.3,75,0,314400
NIFTY-III.NFO,13/08/2024,09:35:14,24610,24607.9,175,24612.5,25,0,314400
NIFTY-III.NFO,13/08/2024,09:35:16,24610,24606.4,175,24612.2,350,0,314400
NIFTY-III.NFO,13/08/2024,09:35:18,24610,24606.4,175,24611.35,25,0,314400
NIFTY-III.NFO,13/08/2024,09:35:19,24610,24609.25,100,24614.05,25,0,314400
NIFTY-III.NFO,13/08/2024,09:35:21,24610,24610,25,24613.7,25,0,314400
NIFTY-III.NFO,13/08/2024,09:35:23,24610,24610,25,24612.15,25,0,314400
NIFTY-III.NFO,13/08/2024,09:35:24,24610,24610,25,24613.15,25,0,314400
NIFTY-III.NFO,13/08/2024,09:35:25,24610,24610,25,24612.4,125,0,314400
NIFTY-III.NFO,13/08/2024,09:35:27,24610,24610,25,24614.05,25,0,314400
NIFTY-III.NFO,13/08/2024,09:35:29,24610,24610,25,24613.75,25,0,314400
NIFTY-III.NFO,13/08/2024,09:35:30,24610,24610,25,24613.8,75,0,314400
NIFTY-III.NFO,13/08/2024,09:35:32,24610,24611.3,100,24617,25,0,314400
NIFTY-III.NFO,13/08/2024,09:35:34,24610,24610.75,175,24615.55,75,0,314400
NIFTY-III.NFO,13/08/2024,09:35:35,24610,24610.15,200,24615.15,75,0,314400
NIFTY-III.NFO,13/08/2024,09:35:37,24610,24610.25,100,24615.4,100,0,314400
NIFTY-III.NFO,13/08/2024,09:35:39,24610,24610.05,175,24615.35,100,0,314400
NIFTY-III.NFO,13/08/2024,09:35:40,24610,24610.45,175,24615.4,75,0,314400
NIFTY-III.NFO,13/08/2024,09:35:42,24610,24610,25,24613.25,125,0,314400
NIFTY-III.NFO,13/08/2024,09:35:44,24610,24609.3,125,24614.25,25,50,314400
NIFTY-III.NFO,13/08/2024,09:35:45,24610,24609.3,125,24614.25,25,0,314400
NIFTY-III.NFO,13/08/2024,09:35:47,24610,24609.65,175,24614.6,25,0,314400
NIFTY-III.NFO,13/08/2024,09:35:49,24610,24607.75,175,24613.7,25,0,314400
NIFTY-III.NFO,13/08/2024,09:35:50,24610,24607.35,175,24612.8,25,0,314400
NIFTY-III.NFO,13/08/2024,09:35:52,24610,24606.15,175,24611.45,100,0,314400
NIFTY-III.NFO,13/08/2024,09:35:54,24610,24605.55,175,24611.4,175,0,314400
NIFTY-III.NFO,13/08/2024,09:35:55,24610,24605,175,24609.9,25,0,314400
NIFTY-III.NFO,13/08/2024,09:35:57,24610,24604.45,175,24609.85,100,0,314400
NIFTY-III.NFO,13/08/2024,09:35:59,24610,24604.7,175,24609.95,100,0,314400
NIFTY-III.NFO,13/08/2024,09:36:00,24610,24603.95,175,24609.25,100,0,314400
NIFTY-III.NFO,13/08/2024,09:36:02,24610,24603.65,100,24609.3,100,0,314400
NIFTY-III.NFO,13/08/2024,09:36:03,24610,24602,175,24607.6,100,0,314400
NIFTY-III.NFO,13/08/2024,09:36:05,24607.25,24602.5,100,24608.45,100,25,314400
NIFTY-III.NFO,13/08/2024,09:36:07,24607.25,24601.05,100,24605.9,100,0,314400
NIFTY-III.NFO,13/08/2024,09:36:10,24607.25,24601.2,225,24606.45,25,0,314400
NIFTY-III.NFO,13/08/2024,09:36:12,24607.25,24602.6,175,24608.25,100,0,314400
NIFTY-III.NFO,13/08/2024,09:36:13,24607.25,24603.6,175,24608.9,75,0,314400
NIFTY-III.NFO,13/08/2024,09:36:15,24607.25,24604.1,100,24608.55,25,0,314400
NIFTY-III.NFO,13/08/2024,09:36:17,24607.25,24603.5,50,24607.85,25,0,314400
NIFTY-III.NFO,13/08/2024,09:36:18,24607.25,24604.25,175,24609.8,25,0,314400
NIFTY-III.NFO,13/08/2024,09:36:20,24607.25,24605.65,125,24609.8,25,0,314400
NIFTY-III.NFO,13/08/2024,09:36:22,24607.25,24604.2,175,24609.1,25,0,314400
NIFTY-III.NFO,13/08/2024,09:36:23,24607.25,24602,100,24607,100,0,314400
NIFTY-III.NFO,13/08/2024,09:36:25,24607.25,24602.05,100,24606.7,100,0,314400
NIFTY-III.NFO,13/08/2024,09:36:27,24607.25,24602.05,175,24607.15,100,0,314400
NIFTY-III.NFO,13/08/2024,09:36:28,24607.25,24605,50,24608.6,50,0,314400
NIFTY-III.NFO,13/08/2024,09:36:30,24607.25,24605,50,24608.55,75,0,314400
NIFTY-III.NFO,13/08/2024,09:36:32,24607.25,24605,50,24608.15,25,0,314400
NIFTY-III.NFO,13/08/2024,09:36:33,24607.25,24605,50,24607.8,50,0,314400
NIFTY-III.NFO,13/08/2024,09:36:35,24607.25,24605,50,24607.75,25,0,314400
NIFTY-III.NFO,13/08/2024,09:36:37,24607.25,24605,50,24605.85,75,0,314400
NIFTY-III.NFO,13/08/2024,09:36:38,24607.25,24605,75,24606.8,50,0,314400
NIFTY-III.NFO,13/08/2024,09:36:40,24607.25,24605,75,24606.05,25,0,314400
NIFTY-III.NFO,13/08/2024,09:36:42,24607.25,24605,75,24606.15,25,0,314400
NIFTY-III.NFO,13/08/2024,09:36:43,24607.25,24605,75,24605.65,50,0,314400
NIFTY-III.NFO,13/08/2024,09:36:47,24607.25,24605,75,24605.55,25,0,314400
NIFTY-III.NFO,13/08/2024,09:36:48,24605,24605,25,24606,100,50,314400
NIFTY-III.NFO,13/08/2024,09:36:50,24605,24605,25,24607.35,100,0,314400
NIFTY-III.NFO,13/08/2024,09:36:52,24605,24601,50,24604.5,275,25,314400
NIFTY-III.NFO,13/08/2024,09:36:53,24605,24601,50,24604.5,275,0,314400
NIFTY-III.NFO,13/08/2024,09:36:55,24605,24601,25,24605.35,25,0,314400
NIFTY-III.NFO,13/08/2024,09:36:57,24605,24601,25,24605.25,100,0,314400
NIFTY-III.NFO,13/08/2024,09:36:58,24605,24601,25,24603.75,100,0,314400
NIFTY-III.NFO,13/08/2024,09:37:00,24605,24601,25,24602.85,25,0,314400
NIFTY-III.NFO,13/08/2024,09:37:02,24605,24601,25,24604.1,25,0,314400
NIFTY-III.NFO,13/08/2024,09:37:03,24605,24601,25,24603,350,0,314400
NIFTY-III.NFO,13/08/2024,09:37:05,24605,24601,25,24602.75,25,0,314400
NIFTY-III.NFO,13/08/2024,09:37:07,24605,24601,25,24603.2,250,0,314400
NIFTY-III.NFO,13/08/2024,09:37:08,24605,24601,25,24602.4,250,0,314400
NIFTY-III.NFO,13/08/2024,09:37:10,24605,24601,25,24604.5,25,0,314400
NIFTY-III.NFO,13/08/2024,09:37:12,24605,24601,25,24605,25,0,314400
NIFTY-III.NFO,13/08/2024,09:37:13,24605,24601.3,175,24606.4,375,0,314400
NIFTY-III.NFO,13/08/2024,09:37:15,24605,24601,25,24605.05,100,0,314400
NIFTY-III.NFO,13/08/2024,09:37:17,24605,24601,25,24604.25,250,0,314400
NIFTY-III.NFO,13/08/2024,09:37:18,24605,24601,25,24603.15,250,0,314400
NIFTY-III.NFO,13/08/2024,09:37:20,24601,24600,2575,24601.1,250,25,314525
NIFTY-III.NFO,13/08/2024,09:37:22,24600,24600,200,24600.75,100,2375,314525
NIFTY-III.NFO,13/08/2024,09:37:23,24600,24600,200,24600.7,125,0,314525
NIFTY-III.NFO,13/08/2024,09:37:26,24600,24600,200,24602.8,25,0,314525
NIFTY-III.NFO,13/08/2024,09:37:28,24600,24600,200,24602.65,250,0,314525
NIFTY-III.NFO,13/08/2024,09:37:30,24600,24600,225,24602.35,25,0,314525
NIFTY-III.NFO,13/08/2024,09:37:31,24600,24600,225,24601.65,250,0,314525
NIFTY-III.NFO,13/08/2024,09:37:33,24600,24600,225,24601.45,25,0,314525
NIFTY-III.NFO,13/08/2024,09:37:35,24600,24600,75,24600.75,25,150,314525
NIFTY-III.NFO,13/08/2024,09:37:36,24600,24599,100,24599.85,250,75,314525
NIFTY-III.NFO,13/08/2024,09:37:38,24599,24599,475,24599.65,100,75,314525
NIFTY-III.NFO,13/08/2024,09:37:38,24599,24599,475,24599.65,100,0,314525
NIFTY-III.NFO,13/08/2024,09:37:40,24599,24599,125,24599.35,175,400,314525
NIFTY-III.NFO,13/08/2024,09:37:41,24599,24599,125,24599.6,25,0,314525
NIFTY-III.NFO,13/08/2024,09:37:43,24599,24599,25,24599.8,250,100,314525
NIFTY-III.NFO,13/08/2024,09:37:45,24599,24599,25,24600,25,0,314525
NIFTY-III.NFO,13/08/2024,09:37:50,24599,24599.05,100,24600,25,0,314525
NIFTY-III.NFO,13/08/2024,09:37:51,24599,24596.05,100,24599,75,25,314525
NIFTY-III.NFO,13/08/2024,09:37:53,24599,24596.05,100,24599,75,0,314525
NIFTY-III.NFO,13/08/2024,09:37:56,24599,24596,25,24599,75,0,314525
NIFTY-III.NFO,13/08/2024,09:37:58,24599,24596,25,24598,25,0,314525
NIFTY-III.NFO,13/08/2024,09:38:01,24599,24596.05,100,24598,25,0,314525
NIFTY-III.NFO,13/08/2024,09:38:03,24599,24597.3,100,24598,25,0,314525
NIFTY-III.NFO,13/08/2024,09:38:04,24599,24596.7,100,24598,25,0,314525
NIFTY-III.NFO,13/08/2024,09:38:06,24599,24597.05,100,24598,25,0,314525
NIFTY-III.NFO,13/08/2024,09:38:08,24599,24597,25,24598,25,0,314525
NIFTY-III.NFO,13/08/2024,09:38:09,24599,24597,25,24598,100,0,314525
NIFTY-III.NFO,13/08/2024,09:38:11,24598,24596,100,24597,25,50,314525
NIFTY-III.NFO,13/08/2024,09:38:11,24597,24596,100,24597,25,0,314525
NIFTY-III.NFO,13/08/2024,09:38:13,24596,24596,75,24598,75,25,314525
NIFTY-III.NFO,13/08/2024,09:38:13,24596,24596,75,24598,75,0,314525
NIFTY-III.NFO,13/08/2024,09:38:14,24596,24596,75,24598,75,0,314525
NIFTY-III.NFO,13/08/2024,09:38:16,24596,24596,75,24598,150,0,314525
NIFTY-III.NFO,13/08/2024,09:38:18,24590.05,24590,225,24593.9,100,125,314525
NIFTY-III.NFO,13/08/2024,09:38:18,24590.05,24590,225,24593.9,100,0,314525
NIFTY-III.NFO,13/08/2024,09:38:19,24590.05,24590.05,175,24595.3,100,0,314525
NIFTY-III.NFO,13/08/2024,09:38:21,24590.05,24590,225,24594.15,100,0,314525
NIFTY-III.NFO,13/08/2024,09:38:23,24590.05,24590,225,24594.6,225,0,314525
NIFTY-III.NFO,13/08/2024,09:38:25,24590,24590,175,24594.55,100,50,314525
NIFTY-III.NFO,13/08/2024,09:38:25,24590,24590,175,24594.55,100,0,314525
NIFTY-III.NFO,13/08/2024,09:38:27,24590,24590,75,24594.7,100,0,314525
NIFTY-III.NFO,13/08/2024,09:38:28,24590,24590,50,24594.7,100,25,314525
NIFTY-III.NFO,13/08/2024,09:38:30,24590,24590,125,24594.7,25,0,314525
NIFTY-III.NFO,13/08/2024,09:38:32,24590,24590.05,100,24593,75,25,314525
NIFTY-III.NFO,13/08/2024,09:38:33,24590,24590.05,100,24593,75,0,314525
NIFTY-III.NFO,13/08/2024,09:38:35,24590,24591.1,100,24593,75,0,314525
NIFTY-III.NFO,13/08/2024,09:38:37,24591.75,24590.65,100,24593,75,25,314525
NIFTY-III.NFO,13/08/2024,09:38:38,24591.75,24592.55,50,24593,75,0,314525
NIFTY-III.NFO,13/08/2024,09:38:40,24593,24592.2,100,24599.2,125,75,314525
NIFTY-III.NFO,13/08/2024,09:38:42,24593,24593.05,100,24600.05,125,0,314525
NIFTY-III.NFO,13/08/2024,09:38:43,24600.05,24594.9,175,24600.85,25,25,314525
NIFTY-III.NFO,13/08/2024,09:38:45,24600.05,24592.9,100,24599.2,350,0,314525
NIFTY-III.NFO,13/08/2024,09:38:47,24600.05,24591.05,100,24597.35,25,0,314525
NIFTY-III.NFO,13/08/2024,09:38:48,24600.05,24591.45,175,24598.25,100,0,314525
NIFTY-III.NFO,13/08/2024,09:38:50,24600.05,24592.5,100,24598.95,100,0,314525
NIFTY-III.NFO,13/08/2024,09:38:52,24600.05,24592.1,100,24598.75,25,0,314525
NIFTY-III.NFO,13/08/2024,09:38:53,24600.05,24590.7,100,24597.4,100,0,314525
NIFTY-III.NFO,13/08/2024,09:38:55,24591.35,24591.35,75,24598.2,100,100,314525
NIFTY-III.NFO,13/08/2024,09:38:57,24591.35,24590.05,150,24595.95,175,0,314525
NIFTY-III.NFO,13/08/2024,09:38:58,24591.35,24590.2,150,24596.75,175,0,314525
NIFTY-III.NFO,13/08/2024,09:39:00,24590.05,24590.85,125,24597.65,100,250,314525
NIFTY-III.NFO,13/08/2024,09:39:02,24590.05,24590.05,50,24596.75,100,0,314525
NIFTY-III.NFO,13/08/2024,09:39:03,24590.05,24592.55,50,24599.35,175,0,314525
NIFTY-III.NFO,13/08/2024,09:39:05,24590.05,24593.05,75,24599.75,175,0,314525
NIFTY-III.NFO,13/08/2024,09:39:07,24590.05,24592,75,24599.05,100,0,314525
NIFTY-III.NFO,13/08/2024,09:39:08,24590.05,24592,75,24598.6,100,0,314525
NIFTY-III.NFO,13/08/2024,09:39:10,24590.05,24592,75,24598.95,175,0,314525
NIFTY-III.NFO,13/08/2024,09:39:12,24590.05,24591.55,75,24598.25,100,0,314525
NIFTY-III.NFO,13/08/2024,09:39:13,24590.05,24591.65,50,24598.7,175,0,314525
NIFTY-III.NFO,13/08/2024,09:39:15,24590.05,24592.8,75,24598.95,175,0,314525
NIFTY-III.NFO,13/08/2024,09:39:17,24590.05,24592.75,75,24599,100,0,314525
NIFTY-III.NFO,13/08/2024,09:39:18,24590.05,24593.05,75,24599.6,175,0,314525
NIFTY-III.NFO,13/08/2024,09:39:20,24590.05,24593.4,125,24599.85,175,0,314525
NIFTY-III.NFO,13/08/2024,09:39:22,24593.45,24593.4,50,24599.9,175,50,314525
NIFTY-III.NFO,13/08/2024,09:39:23,24593.4,24594.35,100,24601,175,25,314525
NIFTY-III.NFO,13/08/2024,09:39:24,24593.4,24593.55,75,24599.8,100,0,314525
NIFTY-III.NFO,13/08/2024,09:39:26,24593.4,24593.75,75,24600,25,0,314525
NIFTY-III.NFO,13/08/2024,09:39:28,24593.4,24594.1,250,24601.15,175,0,314525
NIFTY-III.NFO,13/08/2024,09:39:29,24601.15,24595.05,50,24601.15,175,50,314525
NIFTY-III.NFO,13/08/2024,09:39:31,24601.15,24595.05,125,24601.75,175,0,314525
NIFTY-III.NFO,13/08/2024,09:39:33,24601.15,24598.05,50,24604.55,75,0,314525
NIFTY-III.NFO,13/08/2024,09:39:34,24601.15,24602.4,75,24607.35,100,0,314525
NIFTY-III.NFO,13/08/2024,09:39:36,24601.15,24600.05,50,24606.7,100,0,314525
NIFTY-III.NFO,13/08/2024,09:39:38,24601.15,24600.15,125,24607.2,100,0,314525
NIFTY-III.NFO,13/08/2024,09:39:43,24607.2,24600.2,75,24607.6,100,25,314525
NIFTY-III.NFO,13/08/2024,09:39:45,24607.2,24601.4,150,24607.55,100,0,314525
NIFTY-III.NFO,13/08/2024,09:39:46,24607.2,24601.35,150,24607.2,100,0,314525
NIFTY-III.NFO,13/08/2024,09:39:48,24607.2,24600.2,75,24605.65,100,0,314525
NIFTY-III.NFO,13/08/2024,09:39:50,24607.2,24599.5,75,24604.9,100,0,314525
NIFTY-III.NFO,13/08/2024,09:39:51,24607.2,24597.1,75,24604.25,100,0,314525
NIFTY-III.NFO,13/08/2024,09:39:53,24607.2,24597.55,75,24604.25,100,0,314525
NIFTY-III.NFO,13/08/2024,09:39:56,24607.2,24596.35,75,24603.75,100,0,314525
NIFTY-III.NFO,13/08/2024,09:39:58,24607.2,24595.55,75,24602.35,100,0,314525
NIFTY-III.NFO,13/08/2024,09:40:00,24607.2,24595.95,150,24602.65,175,0,314525
NIFTY-III.NFO,13/08/2024,09:40:01,24607.2,24596.95,75,24603.5,175,0,314525
NIFTY-III.NFO,13/08/2024,09:40:03,24607.2,24596.95,75,24603.45,100,0,314525
NIFTY-III.NFO,13/08/2024,09:40:05,24607.2,24600,25,24602.9,100,0,314525
NIFTY-III.NFO,13/08/2024,09:40:06,24600,24595.05,150,24601.6,100,25,316300
NIFTY-III.NFO,13/08/2024,09:40:08,24600,24596.85,75,24604,175,0,316300
NIFTY-III.NFO,13/08/2024,09:40:10,24600,24597.85,75,24605.4,100,0,316300
NIFTY-III.NFO,13/08/2024,09:40:11,24600,24597.85,75,24605.5,100,0,316300
NIFTY-III.NFO,13/08/2024,09:40:13,24598.05,24598,50,24605.15,175,25,316300
NIFTY-III.NFO,13/08/2024,09:40:15,24598.05,24598,50,24605.9,100,0,316300
NIFTY-III.NFO,13/08/2024,09:40:18,24598.05,24601.35,50,24607.15,100,0,316300
NIFTY-III.NFO,13/08/2024,09:40:20,24598.05,24601.8,50,24607.2,50,0,316300
NIFTY-III.NFO,13/08/2024,09:40:21,24598.05,24601.95,50,24607.2,50,0,316300
NIFTY-III.NFO,13/08/2024,09:40:23,24598.05,24601.2,50,24602,25,0,316300
NIFTY-III.NFO,13/08/2024,09:40:25,24598.05,24600.1,125,24602,25,0,316300
NIFTY-III.NFO,13/08/2024,09:40:28,24598.05,24600.45,125,24602,25,0,316300
NIFTY-III.NFO,13/08/2024,09:40:30,24598.05,24601.15,125,24602,25,0,316300
NIFTY-III.NFO,13/08/2024,09:40:31,24598.05,24601.35,50,24602,25,0,316300
NIFTY-III.NFO,13/08/2024,09:40:33,24598.05,24601.3,50,24602,25,0,316300
NIFTY-III.NFO,13/08/2024,09:40:35,24598.05,24601.35,50,24602,25,0,316300
NIFTY-III.NFO,13/08/2024,09:40:36,24602,24601.3,125,24607.15,175,25,316300
NIFTY-III.NFO,13/08/2024,09:40:38,24602,24602.4,125,24607.15,100,0,316300
NIFTY-III.NFO,13/08/2024,09:40:40,24602,24603.25,50,24607.2,50,0,316300
NIFTY-III.NFO,13/08/2024,09:40:41,24602,24602.8,75,24607.15,175,0,316300
NIFTY-III.NFO,13/08/2024,09:40:43,24607.15,24602.8,75,24607.15,175,25,316300
NIFTY-III.NFO,13/08/2024,09:40:45,24607.15,24602,150,24607.15,175,0,316300
NIFTY-III.NFO,13/08/2024,09:40:46,24607.15,24602.6,75,24607.15,100,0,316300
NIFTY-III.NFO,13/08/2024,09:40:48,24607.15,24600.05,150,24606.7,175,0,316300
NIFTY-III.NFO,13/08/2024,09:40:54,24607.15,24600.55,75,24607.15,175,0,316300
NIFTY-III.NFO,13/08/2024,09:40:56,24607.15,24601.6,75,24607.15,225,0,316300
NIFTY-III.NFO,13/08/2024,09:40:58,24607.15,24601.6,100,24607.15,225,0,316300
NIFTY-III.NFO,13/08/2024,09:40:59,24607.15,24600.1,75,24607.15,225,0,316300
NIFTY-III.NFO,13/08/2024,09:41:01,24607.6,24604.3,100,24609.95,25,300,316300
NIFTY-III.NFO,13/08/2024,09:41:03,24607.6,24604.45,100,24609.95,25,0,316300
NIFTY-III.NFO,13/08/2024,09:41:04,24607.6,24604.75,100,24609.7,75,0,316300
NIFTY-III.NFO,13/08/2024,09:41:06,24607.6,24606.9,175,24611.8,75,0,316300
NIFTY-III.NFO,13/08/2024,09:41:08,24607.6,24607.35,100,24612.95,75,0,316300
NIFTY-III.NFO,13/08/2024,09:41:09,24607.6,24611.95,175,24615,25,0,316300
NIFTY-III.NFO,13/08/2024,09:41:11,24607.6,24613.05,175,24615,25,0,316300
NIFTY-III.NFO,13/08/2024,09:41:13,24607.6,24613.5,100,24615,25,0,316300
NIFTY-III.NFO,13/08/2024,09:41:14,24607.6,24613.05,25,24615,25,0,316300
NIFTY-III.NFO,13/08/2024,09:41:16,24607.6,24610.75,175,24615,25,0,316300
NIFTY-III.NFO,13/08/2024,09:41:18,24607.6,24611.8,100,24615,25,0,316300
NIFTY-III.NFO,13/08/2024,09:41:19,24607.6,24612.5,25,24615,25,0,316300
NIFTY-III.NFO,13/08/2024,09:41:21,24607.6,24610.55,25,24614.95,25,0,316300
NIFTY-III.NFO,13/08/2024,09:41:23,24607.6,24610.7,25,24614.95,25,0,316300
NIFTY-III.NFO,13/08/2024,09:41:24,24607.6,24610.8,25,24614.95,25,0,316300
NIFTY-III.NFO,13/08/2024,09:41:26,24607.6,24612.95,25,24615,25,0,316300
NIFTY-III.NFO,13/08/2024,09:41:27,24607.6,24613.5,25,24615,25,0,316300
NIFTY-III.NFO,13/08/2024,09:41:29,24607.6,24612.3,25,24615,25,0,316300
NIFTY-III.NFO,13/08/2024,09:41:31,24607.6,24612.8,25,24615,25,0,316300
NIFTY-III.NFO,13/08/2024,09:41:32,24615,24612.15,175,24617.95,25,25,316300
NIFTY-III.NFO,13/08/2024,09:41:34,24615,24612.15,175,24617.9,100,0,316300
NIFTY-III.NFO,13/08/2024,09:41:36,24615,24610.95,100,24617.9,100,0,316300
NIFTY-III.NFO,13/08/2024,09:41:37,24615,24611.15,100,24617.9,25,0,316300
NIFTY-III.NFO,13/08/2024,09:41:39,24615,24611.4,175,24617.9,100,0,316300
NIFTY-III.NFO,13/08/2024,09:41:42,24615,24611.55,175,24617.9,100,0,316300
NIFTY-III.NFO,13/08/2024,09:41:44,24615,24611.7,100,24617.9,100,0,316300
NIFTY-III.NFO,13/08/2024,09:41:46,24615,24613.65,100,24617.95,25,0,316300
NIFTY-III.NFO,13/08/2024,09:41:47,24617.95,24618.85,100,24620,300,25,316300
NIFTY-III.NFO,13/08/2024,09:41:49,24623.5,24619.05,100,24623.85,75,325,316300
NIFTY-III.NFO,13/08/2024,09:41:51,24623.5,24617.3,175,24623.95,25,0,316300
NIFTY-III.NFO,13/08/2024,09:41:52,24623.5,24618.65,100,24625.15,25,0,316300
NIFTY-III.NFO,13/08/2024,09:41:54,24623.5,24619.2,100,24626.2,25,0,316300
NIFTY-III.NFO,13/08/2024,09:41:56,24623.5,24620.7,100,24626.55,100,0,316300
NIFTY-III.NFO,13/08/2024,09:41:57,24623.5,24620.7,100,24626.6,100,0,316300
NIFTY-III.NFO,13/08/2024,09:41:59,24623.5,24622.75,100,24629.55,25,0,316300
NIFTY-III.NFO,13/08/2024,09:42:01,24623.5,24625.7,175,24630,100,0,316300
NIFTY-III.NFO,13/08/2024,09:42:02,24623.5,24625.6,175,24630,100,0,316300
NIFTY-III.NFO,13/08/2024,09:42:04,24623.5,24625.25,175,24630,100,0,316300
NIFTY-III.NFO,13/08/2024,09:42:06,24623.5,24625.2,175,24630,100,0,316300
NIFTY-III.NFO,13/08/2024,09:42:07,24623.5,24623.5,175,24628.95,150,0,316300
NIFTY-III.NFO,13/08/2024,09:42:09,24623.5,24622.75,100,24629.95,25,0,316300
NIFTY-III.NFO,13/08/2024,09:42:12,24623.5,24623.65,100,24629.95,100,0,316300
NIFTY-III.NFO,13/08/2024,09:42:16,24623.5,24624.2,100,24629.95,25,0,316300
NIFTY-III.NFO,13/08/2024,09:42:17,24623.5,24624.4,100,24629.95,100,0,316300
NIFTY-III.NFO,13/08/2024,09:42:19,24623.5,24627.5,75,24630,100,0,316300
NIFTY-III.NFO,13/08/2024,09:42:21,24630,24634.55,100,24640,25,100,316300
NIFTY-III.NFO,13/08/2024,09:42:22,24643,24644.45,175,24645,50,100,316300
NIFTY-III.NFO,13/08/2024,09:42:22,24643,24644.45,175,24645,50,0,316300
NIFTY-III.NFO,13/08/2024,09:42:24,24645,24638.95,100,24645.35,100,50,316300
NIFTY-III.NFO,13/08/2024,09:42:24,24645,24638.95,100,24645.35,100,0,316300
NIFTY-III.NFO,13/08/2024,09:42:26,24645,24639.85,100,24647,25,0,316300
NIFTY-III.NFO,13/08/2024,09:42:28,24645,24640.75,100,24647.35,25,0,316300
NIFTY-III.NFO,13/08/2024,09:42:29,24645,24639.15,100,24644.95,100,0,316300
NIFTY-III.NFO,13/08/2024,09:42:31,24645,24640.9,100,24645,25,0,316300
NIFTY-III.NFO,13/08/2024,09:42:33,24645,24641.55,175,24645,25,0,316300
NIFTY-III.NFO,13/08/2024,09:42:34,24645,24640.3,100,24645,25,0,316300
NIFTY-III.NFO,13/08/2024,09:42:36,24645,24639.8,175,24645,25,0,316300
NIFTY-III.NFO,13/08/2024,09:42:38,24645,24639.6,175,24645,25,0,316300
NIFTY-III.NFO,13/08/2024,09:42:39,24645,24639.1,175,24644.95,25,0,316300
NIFTY-III.NFO,13/08/2024,09:42:41,24645,24639.75,175,24645,25,0,316300
NIFTY-III.NFO,13/08/2024,09:42:43,24645,24642.85,100,24645,25,0,316300
NIFTY-III.NFO,13/08/2024,09:42:44,24645,24641.9,100,24645,25,0,316300
NIFTY-III.NFO,13/08/2024,09:42:46,24645,24642.7,100,24645,25,0,316300
NIFTY-III.NFO,13/08/2024,09:42:48,24645,24645,100,24649,250,25,316300
NIFTY-III.NFO,13/08/2024,09:42:49,24645.1,24645,100,24649,250,25,316300
NIFTY-III.NFO,13/08/2024,09:42:49,24645.1,24645,100,24649,250,0,316300
NIFTY-III.NFO,13/08/2024,09:42:51,24645.1,24644.95,500,24648.95,150,0,316300
NIFTY-III.NFO,13/08/2024,09:42:53,24645.1,24645,25,24648.45,75,0,316300
NIFTY-III.NFO,13/08/2024,09:42:54,24645.1,24645,25,24646.7,150,0,316300
NIFTY-III.NFO,13/08/2024,09:42:56,24644.95,24644.95,400,24646.45,150,125,316300
NIFTY-III.NFO,13/08/2024,09:42:58,24644.95,24644.95,125,24645.8,75,275,316100
NIFTY-III.NFO,13/08/2024,09:42:59,24638.8,24636.45,100,24643.85,75,200,316100
NIFTY-III.NFO,13/08/2024,09:43:01,24638.8,24638.1,100,24645.05,75,0,316100
NIFTY-III.NFO,13/08/2024,09:43:03,24636.9,24636.9,50,24644.1,100,75,316100
NIFTY-III.NFO,13/08/2024,09:43:04,24636.9,24636.9,50,24643.3,100,0,316100
NIFTY-III.NFO,13/08/2024,09:43:06,24636.9,24634.95,125,24642.35,100,0,316100
NIFTY-III.NFO,13/08/2024,09:43:08,24636.9,24634.8,50,24642.25,175,0,316100
NIFTY-III.NFO,13/08/2024,09:43:09,24636.9,24635,125,24641.4,100,0,316100
NIFTY-III.NFO,13/08/2024,09:43:11,24636.9,24633.9,50,24640.75,100,0,316100
NIFTY-III.NFO,13/08/2024,09:43:13,24636.9,24634.9,50,24641.6,100,0,316100
NIFTY-III.NFO,13/08/2024,09:43:14,24636.9,24632.4,50,24639.55,175,0,316100
NIFTY-III.NFO,13/08/2024,09:43:16,24636.9,24633.75,50,24640.2,175,0,316100
NIFTY-III.NFO,13/08/2024,09:43:18,24636.9,24633.3,125,24640.15,100,0,316100
NIFTY-III.NFO,13/08/2024,09:43:19,24636.9,24632.85,50,24639.85,350,0,316100
NIFTY-III.NFO,13/08/2024,09:43:21,24636.9,24631.3,50,24638.2,100,0,316100
NIFTY-III.NFO,13/08/2024,09:43:23,24636.9,24632.1,50,24638.35,100,0,316100
NIFTY-III.NFO,13/08/2024,09:43:24,24636.9,24630.25,125,24636,100,0,316100
NIFTY-III.NFO,13/08/2024,09:43:26,24636.9,24628.1,150,24633.55,100,0,316100
NIFTY-III.NFO,13/08/2024,09:43:28,24636.9,24629.4,50,24636.45,100,0,316100
NIFTY-III.NFO,13/08/2024,09:43:29,24636.9,24629.4,50,24636.3,100,0,316100
NIFTY-III.NFO,13/08/2024,09:43:31,24636.9,24630.95,50,24637.1,175,0,316100
NIFTY-III.NFO,13/08/2024,09:43:34,24636.9,24632.55,50,24639.7,100,0,316100
NIFTY-III.NFO,13/08/2024,09:43:36,24636.9,24632.55,175,24639.7,100,0,316100
NIFTY-III.NFO,13/08/2024,09:43:38,24636.9,24633,25,24638.3,225,0,316100
NIFTY-III.NFO,13/08/2024,09:43:39,24636.9,24633,25,24636.85,175,0,316100
NIFTY-III.NFO,13/08/2024,09:43:41,24636.9,24633.05,125,24638.75,175,0,316100
NIFTY-III.NFO,13/08/2024,09:43:43,24636.9,24633.05,125,24639.75,175,0,316100
NIFTY-III.NFO,13/08/2024,09:43:44,24636.9,24633.05,125,24639.45,175,0,316100
NIFTY-III.NFO,13/08/2024,09:43:46,24636.9,24633,100,24638.75,175,0,316100
NIFTY-III.NFO,13/08/2024,09:43:48,24636.9,24633,25,24638.55,100,0,316100
NIFTY-III.NFO,13/08/2024,09:43:49,24636.9,24633,25,24637.1,175,0,316100
NIFTY-III.NFO,13/08/2024,09:43:51,24636.9,24633,25,24634.5,100,0,316100
NIFTY-III.NFO,13/08/2024,09:43:53,24636.9,24633,25,24634.55,100,0,316100
NIFTY-III.NFO,13/08/2024,09:43:54,24636.9,24633,25,24634.95,250,0,316100
NIFTY-III.NFO,13/08/2024,09:43:56,24636.9,24633,25,24636.1,250,0,316100
NIFTY-III.NFO,13/08/2024,09:43:58,24633,24630.2,50,24636.05,175,25,316100
NIFTY-III.NFO,13/08/2024,09:44:00,24633,24630.2,175,24636.4,175,0,316100
NIFTY-III.NFO,13/08/2024,09:44:01,24633,24630,25,24635.75,100,0,316100
NIFTY-III.NFO,13/08/2024,09:44:03,24633,24630,25,24635.1,100,0,316100
NIFTY-III.NFO,13/08/2024,09:44:05,24633,24630.15,125,24635.25,250,0,316100
NIFTY-III.NFO,13/08/2024,09:44:06,24633,24630.05,125,24635.25,250,0,316100
NIFTY-III.NFO,13/08/2024,09:44:08,24633,24630.05,125,24636.15,100,0,316100
NIFTY-III.NFO,13/08/2024,09:44:10,24633,24630.05,125,24636.05,100,0,316100
NIFTY-III.NFO,13/08/2024,09:44:11,24633,24630.05,125,24633,75,0,316100
NIFTY-III.NFO,13/08/2024,09:44:13,24633,24630.45,50,24633,25,50,316100
NIFTY-III.NFO,13/08/2024,09:44:15,24633,24631.25,50,24633,25,0,316100
NIFTY-III.NFO,13/08/2024,09:44:16,24633,24632.1,50,24633,25,0,316100
NIFTY-III.NFO,13/08/2024,09:44:18,24633,24632.9,125,24634,25,25,316100
NIFTY-III.NFO,13/08/2024,09:44:20,24633,24630.65,125,24634,25,0,316100
NIFTY-III.NFO,13/08/2024,09:44:21,24633,24631.5,125,24634,25,0,316100
NIFTY-III.NFO,13/08/2024,09:44:23,24633,24632.6,125,24634,25,0,316100
NIFTY-III.NFO,13/08/2024,09:44:26,24633,24631.9,125,24634,25,0,316100
NIFTY-III.NFO,13/08/2024,09:44:28,24633,24633.5,50,24634,25,0,316100
NIFTY-III.NFO,13/08/2024,09:44:29,24633,24632.8,50,24634,25,0,316100
NIFTY-III.NFO,13/08/2024,09:44:31,24634,24633.6,125,24639.95,175,25,316100
NIFTY-III.NFO,13/08/2024,09:44:33,24634,24635.25,50,24640,50,0,316100
NIFTY-III.NFO,13/08/2024,09:44:34,24634,24636.5,50,24640,50,0,316100
NIFTY-III.NFO,13/08/2024,09:44:36,24634,24635.75,125,24640,50,0,316100
NIFTY-III.NFO,13/08/2024,09:44:37,24634,24634.15,125,24639.95,175,0,316100
NIFTY-III.NFO,13/08/2024,09:44:39,24634,24631.2,50,24639.45,175,0,316100
NIFTY-III.NFO,13/08/2024,09:44:41,24634,24631.45,50,24638.8,100,0,316100
NIFTY-III.NFO,13/08/2024,09:44:42,24634,24632.1,50,24638.8,100,0,316100
NIFTY-III.NFO,13/08/2024,09:44:44,24634,24632,125,24634,50,0,316100
NIFTY-III.NFO,13/08/2024,09:44:46,24634,24633.8,50,24634,50,0,316100
NIFTY-III.NFO,13/08/2024,09:44:49,24634,24633,50,24634,50,0,316100
NIFTY-III.NFO,13/08/2024,09:44:51,24634,24632,50,24634,50,0,316100
NIFTY-III.NFO,13/08/2024,09:44:52,24634,24631.3,50,24634,50,0,316100
NIFTY-III.NFO,13/08/2024,09:44:54,24634,24630.55,50,24634,50,0,316100
NIFTY-III.NFO,13/08/2024,09:44:56,24634,24630,100,24634,50,0,316100
NIFTY-III.NFO,13/08/2024,09:44:57,24634,24630.05,125,24634,50,0,316100
NIFTY-III.NFO,13/08/2024,09:44:59,24634,24630,100,24634,100,0,316100
NIFTY-III.NFO,13/08/2024,09:45:01,24634,24630.5,50,24634,100,0,316100
NIFTY-III.NFO,13/08/2024,09:45:02,24634,24631.85,125,24634,100,0,316100
NIFTY-III.NFO,13/08/2024,09:45:04,24634,24632.75,50,24634,100,0,316100
NIFTY-III.NFO,13/08/2024,09:45:06,24634,24631.8,50,24634,100,0,316100
NIFTY-III.NFO,13/08/2024,09:45:07,24634,24630.95,50,24634,100,0,316100
NIFTY-III.NFO,13/08/2024,09:45:09,24634,24630.9,50,24634,125,0,316100
NIFTY-III.NFO,13/08/2024,09:45:11,24634,24630,100,24633.95,175,0,316100
NIFTY-III.NFO,13/08/2024,09:45:14,24634,24630,100,24633.55,100,0,316100
NIFTY-III.NFO,13/08/2024,09:45:16,24634,24630,100,24633.95,100,0,316100
NIFTY-III.NFO,13/08/2024,09:45:19,24634,24630.05,50,24634,125,0,316100
NIFTY-III.NFO,13/08/2024,09:45:20,24634,24630,100,24634,200,0,316100
NIFTY-III.NFO,13/08/2024,09:45:22,24634,24630,100,24633.95,175,0,316100
NIFTY-III.NFO,13/08/2024,09:45:28,24634,24630,100,24634,125,0,316100
NIFTY-III.NFO,13/08/2024,09:45:30,24634,24630,100,24633.95,100,0,316100
NIFTY-III.NFO,13/08/2024,09:45:32,24634,24630.05,125,24634,125,0,316100
NIFTY-III.NFO,13/08/2024,09:45:33,24634,24630,100,24634,125,0,316100
NIFTY-III.NFO,13/08/2024,09:45:35,24634,24630,100,24633.95,175,0,316100
NIFTY-III.NFO,13/08/2024,09:45:37,24634,24630,100,24633.75,100,0,316100
NIFTY-III.NFO,13/08/2024,09:45:38,24634,24630,100,24632.75,100,0,316100
NIFTY-III.NFO,13/08/2024,09:45:40,24634,24630,100,24632.5,175,0,316100
NIFTY-III.NFO,13/08/2024,09:45:42,24634,24630,100,24633.95,100,0,316100
NIFTY-III.NFO,13/08/2024,09:45:43,24634,24630.05,50,24634,125,0,316100
NIFTY-III.NFO,13/08/2024,09:45:47,24634,24630.15,50,24634,125,0,316100
NIFTY-III.NFO,13/08/2024,09:45:48,24634,24630.15,50,24634,100,0,316100
NIFTY-III.NFO,13/08/2024,09:45:50,24634,24630.25,50,24634,100,0,316100
NIFTY-III.NFO,13/08/2024,09:45:52,24634,24631.05,50,24634,100,0,316100
NIFTY-III.NFO,13/08/2024,09:45:53,24634,24632.8,50,24634,100,0,316100
NIFTY-III.NFO,13/08/2024,09:45:55,24634,24633.5,50,24634,100,0,316100
NIFTY-III.NFO,13/08/2024,09:45:57,24634,24631.7,125,24634,100,0,316100
NIFTY-III.NFO,13/08/2024,09:45:58,24633.4,24632.6,125,24634,50,50,316300
NIFTY-III.NFO,13/08/2024,09:46:00,24634,24636.1,125,24641.55,75,50,316300
NIFTY-III.NFO,13/08/2024,09:46:02,24634,24636.7,200,24642.55,175,0,316300
NIFTY-III.NFO,13/08/2024,09:46:03,24634,24638.3,75,24643.65,75,0,316300
NIFTY-III.NFO,13/08/2024,09:46:05,24634,24639.6,125,24643.5,75,0,316300
NIFTY-III.NFO,13/08/2024,09:46:07,24634,24637.85,75,24643.9,175,0,316300
NIFTY-III.NFO,13/08/2024,09:46:08,24634,24641.5,125,24646.05,75,0,316300
NIFTY-III.NFO,13/08/2024,09:46:10,24634,24643.05,125,24648.05,75,0,316300
NIFTY-III.NFO,13/08/2024,09:46:12,24634,24637.75,150,24641.6,25,0,316300
NIFTY-III.NFO,13/08/2024,09:46:13,24634,24637.9,125,24641.6,25,0,316300
NIFTY-III.NFO,13/08/2024,09:46:15,24634,24637.2,150,24641.6,25,0,316300
NIFTY-III.NFO,13/08/2024,09:46:17,24634,24637.15,200,24641.6,25,0,316300
NIFTY-III.NFO,13/08/2024,09:46:18,24634,24640,125,24641.6,25,0,316300
NIFTY-III.NFO,13/08/2024,09:46:20,24634,24640.55,200,24641.6,25,0,316300
NIFTY-III.NFO,13/08/2024,09:46:22,24634,24639.8,125,24641.6,25,0,316300
NIFTY-III.NFO,13/08/2024,09:46:23,24634,24640.45,50,24641.6,25,0,316300
NIFTY-III.NFO,13/08/2024,09:46:25,24641.6,24641.8,75,24647.9,175,25,316300
NIFTY-III.NFO,13/08/2024,09:46:27,24641.6,24639.9,75,24646.25,175,0,316300
NIFTY-III.NFO,13/08/2024,09:46:28,24641.6,24637.95,75,24645.5,350,0,316300
NIFTY-III.NFO,13/08/2024,09:46:30,24641.6,24635.15,75,24642.7,100,0,316300
NIFTY-III.NFO,13/08/2024,09:46:32,24641.6,24634.2,75,24642.35,100,0,316300
NIFTY-III.NFO,13/08/2024,09:46:33,24642.4,24635.35,100,24642.3,100,175,316300
NIFTY-III.NFO,13/08/2024,09:46:35,24642.4,24640,500,24644.8,175,0,316300
NIFTY-III.NFO,13/08/2024,09:46:37,24642.4,24640,500,24645.45,175,0,316300
NIFTY-III.NFO,13/08/2024,09:46:38,24642.4,24640,575,24645.45,175,0,316300
NIFTY-III.NFO,13/08/2024,09:46:40,24642.4,24640.05,75,24646.65,100,0,316300
NIFTY-III.NFO,13/08/2024,09:46:42,24642.4,24640,500,24645.8,100,0,316300
NIFTY-III.NFO,13/08/2024,09:46:43,24642.4,24640,500,24645.8,225,0,316300
NIFTY-III.NFO,13/08/2024,09:46:45,24642.4,24640,500,24645.7,175,0,316300
NIFTY-III.NFO,13/08/2024,09:46:47,24642.4,24640,500,24644.5,175,0,316300
NIFTY-III.NFO,13/08/2024,09:46:48,24642.4,24640,500,24642.9,100,0,316300
NIFTY-III.NFO,13/08/2024,09:46:50,24642.4,24640,500,24642.25,175,0,316300
NIFTY-III.NFO,13/08/2024,09:46:52,24642.4,24640,500,24642.8,175,0,316300
NIFTY-III.NFO,13/08/2024,09:46:53,24642.4,24640,500,24641.95,175,0,316300
NIFTY-III.NFO,13/08/2024,09:46:55,24642.4,24640,500,24641.35,175,0,316300
NIFTY-III.NFO,13/08/2024,09:46:57,24642.4,24640,500,24641.75,100,0,316300
NIFTY-III.NFO,13/08/2024,09:47:00,24642.4,24640,500,24642.5,175,0,316300
NIFTY-III.NFO,13/08/2024,09:47:02,24642.4,24640,500,24641.6,175,0,316300
NIFTY-III.NFO,13/08/2024,09:47:03,24642.4,24640,500,24641.35,175,0,316300
NIFTY-III.NFO,13/08/2024,09:47:05,24640,24633.95,100,24639.55,100,500,316300
NIFTY-III.NFO,13/08/2024,09:47:07,24640,24632.6,175,24639,100,0,316300
NIFTY-III.NFO,13/08/2024,09:47:08,24640,24635.35,175,24642.15,175,0,316300
NIFTY-III.NFO,13/08/2024,09:47:10,24640,24635.45,175,24641.45,175,0,316300
NIFTY-III.NFO,13/08/2024,09:47:12,24640,24635.1,100,24641.75,100,0,316300
NIFTY-III.NFO,13/08/2024,09:47:13,24640,24634,100,24641.1,100,0,316300
NIFTY-III.NFO,13/08/2024,09:47:15,24640,24634,100,24641.75,100,0,316300
NIFTY-III.NFO,13/08/2024,09:47:17,24640,24634.5,100,24641.8,75,0,316300
NIFTY-III.NFO,13/08/2024,09:47:18,24640,24636.2,150,24644.05,75,0,316300
NIFTY-III.NFO,13/08/2024,09:47:20,24640,24638.05,100,24645.35,75,0,316300
NIFTY-III.NFO,13/08/2024,09:47:22,24640,24640.3,175,24647.4,175,0,316300
NIFTY-III.NFO,13/08/2024,09:47:23,24640,24640.5,100,24647.4,175,0,316300
NIFTY-III.NFO,13/08/2024,09:47:25,24640,24640.3,175,24647.35,100,0,316300
NIFTY-III.NFO,13/08/2024,09:47:26,24640,24640.75,175,24647.85,100,0,316300
NIFTY-III.NFO,13/08/2024,09:47:28,24640,24642.05,100,24648.55,100,0,316300
NIFTY-III.NFO,13/08/2024,09:47:30,24640,24643.25,100,24649,250,0,316300
NIFTY-III.NFO,13/08/2024,09:47:31,24640,24642.65,100,24648.95,100,0,316300
NIFTY-III.NFO,13/08/2024,09:47:33,24640,24642.05,100,24648.95,175,0,316300
NIFTY-III.NFO,13/08/2024,09:47:35,24640,24640.5,100,24645,100,0,316300
NIFTY-III.NFO,13/08/2024,09:47:38,24640,24641.65,100,24645,100,0,316300
NIFTY-III.NFO,13/08/2024,09:47:40,24640,24641.95,100,24645,100,0,316300
NIFTY-III.NFO,13/08/2024,09:47:45,24640,24642.45,275,24645,100,0,316300
NIFTY-III.NFO,13/08/2024,09:47:46,24640,24642.55,175,24645,100,0,316300
NIFTY-III.NFO,13/08/2024,09:47:48,24640,24641.75,175,24645,100,0,316300
NIFTY-III.NFO,13/08/2024,09:47:50,24640,24641.95,100,24645,100,0,316300
NIFTY-III.NFO,13/08/2024,09:47:51,24641.2,24639.85,75,24647.2,100,100,316300
NIFTY-III.NFO,13/08/2024,09:47:53,24641.2,24640.2,200,24647.2,100,0,316300
NIFTY-III.NFO,13/08/2024,09:47:55,24641.2,24641,200,24647.8,100,0,316300
NIFTY-III.NFO,13/08/2024,09:47:56,24647.8,24641.05,50,24647.8,100,50,316300
NIFTY-III.NFO,13/08/2024,09:47:56,24647.8,24641.05,50,24647.8,100,0,316300
NIFTY-III.NFO,13/08/2024,09:47:58,24647.8,24641.05,50,24646.8,25,0,316300
NIFTY-III.NFO,13/08/2024,09:48:00,24647.8,24640.25,50,24646.75,100,0,316300
NIFTY-III.NFO,13/08/2024,09:48:01,24647.8,24641.8,50,24647.2,25,0,316300
NIFTY-III.NFO,13/08/2024,09:48:03,24647.8,24641.8,50,24647.15,175,0,316300
NIFTY-III.NFO,13/08/2024,09:48:05,24647.8,24641,50,24647.15,175,0,316300
NIFTY-III.NFO,13/08/2024,09:48:08,24647.8,24639.9,50,24647.15,175,0,316300
NIFTY-III.NFO,13/08/2024,09:48:09,24647.8,24638.65,125,24644.95,175,0,316300
NIFTY-III.NFO,13/08/2024,09:48:13,24647.8,24639.5,50,24645,125,0,316300
NIFTY-III.NFO,13/08/2024,09:48:14,24647.8,24639.5,50,24644.95,100,0,316300
NIFTY-III.NFO,13/08/2024,09:48:16,24647.8,24637.9,125,24644.95,175,0,316300
NIFTY-III.NFO,13/08/2024,09:48:18,24647.8,24637.9,250,24644.95,175,0,316300
NIFTY-III.NFO,13/08/2024,09:48:21,24647.8,24637.9,250,24644.8,175,0,316300
NIFTY-III.NFO,13/08/2024,09:48:23,24647.8,24638.9,50,24644.95,175,0,316300
NIFTY-III.NFO,13/08/2024,09:48:25,24647.8,24640.35,50,24645,125,0,316300
NIFTY-III.NFO,13/08/2024,09:48:27,24647.8,24643.2,50,24645,125,0,316300
NIFTY-III.NFO,13/08/2024,09:48:29,24647.8,24642.3,50,24645,125,0,316300
NIFTY-III.NFO,13/08/2024,09:48:30,24647.8,24640.8,125,24645,125,0,316300
NIFTY-III.NFO,13/08/2024,09:48:32,24647.8,24641.65,125,24645,125,0,316300
NIFTY-III.NFO,13/08/2024,09:48:34,24647.8,24647.55,125,24649,250,150,316300
NIFTY-III.NFO,13/08/2024,09:48:35,24647.8,24648.15,50,24649,250,0,316300
NIFTY-III.NFO,13/08/2024,09:48:37,24649,24647.2,50,24649,225,25,316300
NIFTY-III.NFO,13/08/2024,09:48:37,24649,24647.2,50,24649,225,0,316300
NIFTY-III.NFO,13/08/2024,09:48:39,24649,24646.95,50,24649,225,0,316300
NIFTY-III.NFO,13/08/2024,09:48:40,24649,24647.8,25,24648.95,100,0,316300
NIFTY-III.NFO,13/08/2024,09:48:52,24649,24647.8,25,24649,225,0,316300
NIFTY-III.NFO,13/08/2024,09:48:54,24649,24649,25,24649.25,50,225,316300
NIFTY-III.NFO,13/08/2024,09:48:55,24649.2,24649,25,24649.2,100,25,316300
NIFTY-III.NFO,13/08/2024,09:48:55,24649.2,24649,25,24649.2,100,0,316300
NIFTY-III.NFO,13/08/2024,09:48:57,24649.2,24649,25,24649.25,50,0,316300
NIFTY-III.NFO,13/08/2024,09:48:59,24649.2,24649,25,24649.2,100,0,316300
NIFTY-III.NFO,13/08/2024,09:49:08,24649,24640.5,75,24648.6,100,25,316750
NIFTY-III.NFO,13/08/2024,09:49:10,24649,24640,75,24647.6,175,0,316750
NIFTY-III.NFO,13/08/2024,09:49:12,24649,24641,75,24647.4,100,0,316750
NIFTY-III.NFO,13/08/2024,09:49:15,24649,24640.25,75,24647.55,100,0,316750
NIFTY-III.NFO,13/08/2024,09:49:17,24649,24640.25,75,24647.35,100,0,316750
NIFTY-III.NFO,13/08/2024,09:49:18,24649,24640.25,75,24647.4,100,0,316750
NIFTY-III.NFO,13/08/2024,09:49:22,24649,24638.55,75,24646.05,100,0,316750
NIFTY-III.NFO,13/08/2024,09:49:23,24649,24639,150,24645.9,100,0,316750
NIFTY-III.NFO,13/08/2024,09:49:24,24649,24639,75,24645.75,100,0,316750
NIFTY-III.NFO,13/08/2024,09:49:26,24649,24636.6,75,24643.55,175,0,316750
NIFTY-III.NFO,13/08/2024,09:49:29,24649,24634.8,150,24641.5,100,0,316750
NIFTY-III.NFO,13/08/2024,09:49:31,24649,24636.4,75,24642.8,150,0,316750
NIFTY-III.NFO,13/08/2024,09:49:33,24649,24637.2,150,24643.8,100,0,316750
NIFTY-III.NFO,13/08/2024,09:49:34,24649,24638,75,24644.4,100,0,316750
NIFTY-III.NFO,13/08/2024,09:49:36,24649,24635.6,75,24642.55,100,0,316750
NIFTY-III.NFO,13/08/2024,09:49:38,24649,24635.75,75,24642.55,100,0,316750
NIFTY-III.NFO,13/08/2024,09:49:41,24649,24634.95,150,24642.3,175,0,316750
NIFTY-III.NFO,13/08/2024,09:49:44,24649,24636.35,150,24642.7,100,0,316750
NIFTY-III.NFO,13/08/2024,09:49:46,24649,24635.35,75,24642.7,100,0,316750
NIFTY-III.NFO,13/08/2024,09:49:49,24649,24635.05,150,24642.1,100,0,316750
NIFTY-III.NFO,13/08/2024,09:49:51,24635.05,24635.65,100,24642.4,100,50,316750
NIFTY-III.NFO,13/08/2024,09:49:53,24635.05,24635.65,100,24642.4,100,0,316750
NIFTY-III.NFO,13/08/2024,09:49:58,24635.05,24634.05,25,24641.65,175,0,316750
NIFTY-III.NFO,13/08/2024,09:49:59,24635.05,24633.85,100,24640.6,175,0,316750
NIFTY-III.NFO,13/08/2024,09:50:01,24635.05,24633.75,25,24640.4,100,0,316750
NIFTY-III.NFO,13/08/2024,09:50:03,24635.05,24633.85,100,24640.4,100,0,316750
NIFTY-III.NFO,13/08/2024,09:50:04,24635.05,24633.8,25,24635.05,25,0,316750
NIFTY-III.NFO,13/08/2024,09:50:06,24635.05,24633.25,25,24635.05,25,0,316750
NIFTY-III.NFO,13/08/2024,09:50:08,24635.05,24632.7,100,24635.05,25,0,316750
NIFTY-III.NFO,13/08/2024,09:50:09,24635.05,24632.25,100,24635.05,25,0,316750
NIFTY-III.NFO,13/08/2024,09:50:11,24635.05,24632.05,25,24635.05,25,0,316750
NIFTY-III.NFO,13/08/2024,09:50:13,24635.05,24630.05,25,24635.05,25,0,316750
NIFTY-III.NFO,13/08/2024,09:50:14,24635.05,24630.05,100,24635.05,25,0,316750
NIFTY-III.NFO,13/08/2024,09:50:16,24635.05,24630.05,100,24635.05,100,0,316750
NIFTY-III.NFO,13/08/2024,09:50:18,24635.05,24631.9,100,24635.05,25,0,316750
NIFTY-III.NFO,13/08/2024,09:50:19,24635.05,24631.6,100,24635.05,75,0,316750
NIFTY-III.NFO,13/08/2024,09:50:21,24635.05,24632.8,25,24635,25,0,316750
NIFTY-III.NFO,13/08/2024,09:50:23,24635.05,24633.45,100,24635,25,0,316750
NIFTY-III.NFO,13/08/2024,09:50:25,24635.05,24632.25,100,24635,25,0,316750
NIFTY-III.NFO,13/08/2024,09:50:26,24635.05,24631.55,25,24635,25,0,316750
NIFTY-III.NFO,13/08/2024,09:50:28,24635.05,24630.75,25,24635,25,0,316750
NIFTY-III.NFO,13/08/2024,09:50:30,24635.05,24630.75,100,24635,25,0,316750
NIFTY-III.NFO,13/08/2024,09:50:31,24635.05,24630.75,25,24635,25,0,316750
NIFTY-III.NFO,13/08/2024,09:50:33,24635.05,24630.6,100,24635,25,0,316750
NIFTY-III.NFO,13/08/2024,09:50:35,24635.05,24630.05,25,24635,100,0,316750
NIFTY-III.NFO,13/08/2024,09:50:36,24635.05,24630.05,100,24634.8,75,0,316750
NIFTY-III.NFO,13/08/2024,09:50:38,24635.05,24630.05,100,24635,25,0,316750
NIFTY-III.NFO,13/08/2024,09:50:40,24635.05,24630.05,100,24634.9,75,0,316750
NIFTY-III.NFO,13/08/2024,09:50:41,24635.05,24630.05,100,24634.95,175,0,316750
NIFTY-III.NFO,13/08/2024,09:50:43,24635.05,24630.05,100,24635,25,0,316750
NIFTY-III.NFO,13/08/2024,09:50:45,24635.05,24630.05,100,24634.95,175,0,316750
NIFTY-III.NFO,13/08/2024,09:50:46,24635.05,24630.05,100,24634.95,100,0,316750
NIFTY-III.NFO,13/08/2024,09:50:48,24635.05,24630,25,24634.55,100,0,316750
NIFTY-III.NFO,13/08/2024,09:50:50,24635.05,24630,25,24634.2,175,0,316750
NIFTY-III.NFO,13/08/2024,09:50:51,24633.4,24630,25,24633.95,175,25,316750
NIFTY-III.NFO,13/08/2024,09:50:53,24633.4,24630,25,24634.8,175,0,316750
NIFTY-III.NFO,13/08/2024,09:50:56,24633.4,24630,100,24634.95,175,0,316750
NIFTY-III.NFO,13/08/2024,09:50:58,24633.4,24630,25,24634.95,175,0,316750
NIFTY-III.NFO,13/08/2024,09:51:00,24634.95,24630,25,24634.95,175,25,316750
NIFTY-III.NFO,13/08/2024,09:51:01,24634.95,24630.25,75,24634.95,100,0,316750
NIFTY-III.NFO,13/08/2024,09:51:03,24634.95,24630.05,150,24634.95,100,0,316750
NIFTY-III.NFO,13/08/2024,09:51:05,24634.95,24630.05,150,24635,25,0,316750
NIFTY-III.NFO,13/08/2024,09:51:06,24634.95,24631.65,150,24635,75,0,316750
NIFTY-III.NFO,13/08/2024,09:51:08,24634.95,24634.65,50,24635,75,0,316750
NIFTY-III.NFO,13/08/2024,09:51:10,24635.05,24635.8,75,24640.75,75,100,316750
NIFTY-III.NFO,13/08/2024,09:51:11,24635.05,24635.7,150,24640.75,100,0,316750
NIFTY-III.NFO,13/08/2024,09:51:13,24635.05,24631.65,75,24638.75,100,0,316750
NIFTY-III.NFO,13/08/2024,09:51:15,24635.05,24636,125,24641.3,100,0,316750
NIFTY-III.NFO,13/08/2024,09:51:16,24635.05,24636.05,150,24642.25,100,0,316750
NIFTY-III.NFO,13/08/2024,09:51:23,24635.05,24636.05,150,24642.1,100,0,316750
NIFTY-III.NFO,13/08/2024,09:51:24,24635.05,24636,50,24641.3,100,0,316750
NIFTY-III.NFO,13/08/2024,09:51:26,24635.05,24636,50,24640.55,350,0,316750
NIFTY-III.NFO,13/08/2024,09:51:28,24635.05,24636,50,24639.15,100,0,316750
NIFTY-III.NFO,13/08/2024,09:51:29,24635.05,24636,50,24639.75,175,0,316750
NIFTY-III.NFO,13/08/2024,09:51:31,24635.05,24636,50,24639.15,100,0,316750
NIFTY-III.NFO,13/08/2024,09:51:33,24635.05,24636,50,24637.85,175,0,316750
NIFTY-III.NFO,13/08/2024,09:51:34,24635.05,24636,50,24637.4,175,0,316750
NIFTY-III.NFO,13/08/2024,09:51:36,24635.05,24636,50,24637.15,175,0,316750
NIFTY-III.NFO,13/08/2024,09:51:38,24636,24630.1,75,24637.3,100,50,316750
NIFTY-III.NFO,13/08/2024,09:51:39,24636,24630.05,150,24636.65,100,0,316750
NIFTY-III.NFO,13/08/2024,09:51:43,24636,24630,50,24636,100,0,316750
NIFTY-III.NFO,13/08/2024,09:51:44,24636,24630.2,75,24635,100,0,316750
NIFTY-III.NFO,13/08/2024,09:51:51,24636,24630,50,24631.2,175,0,316750
NIFTY-III.NFO,13/08/2024,09:51:53,24630,24630,25,24630.75,175,50,316750
NIFTY-III.NFO,13/08/2024,09:51:54,24630,24625,100,24630.1,175,25,316750
NIFTY-III.NFO,13/08/2024,09:51:56,24630,24625,25,24628.65,175,0,316750
NIFTY-III.NFO,13/08/2024,09:51:58,24630,24625,25,24627.85,100,0,316750
NIFTY-III.NFO,13/08/2024,09:51:59,24630,24625,25,24628,175,0,316750
NIFTY-III.NFO,13/08/2024,09:52:01,24630,24625,25,24627.5,100,0,316750
NIFTY-III.NFO,13/08/2024,09:52:03,24630,24625,25,24627.25,100,0,316750
NIFTY-III.NFO,13/08/2024,09:52:04,24627.95,24625,25,24627.3,175,25,316800
NIFTY-III.NFO,13/08/2024,09:52:06,24627.95,24625,25,24627.6,175,0,316800
NIFTY-III.NFO,13/08/2024,09:52:08,24627.95,24625,25,24627.35,175,0,316800
NIFTY-III.NFO,13/08/2024,09:52:09,24627.95,24625,25,24627.95,175,0,316800
NIFTY-III.NFO,13/08/2024,09:52:11,24627.95,24625,25,24627.55,100,0,316800
NIFTY-III.NFO,13/08/2024,09:52:13,24627.95,24625,25,24627.6,175,0,316800
NIFTY-III.NFO,13/08/2024,09:52:14,24627.95,24625,25,24627,175,0,316800
NIFTY-III.NFO,13/08/2024,09:52:16,24627.95,24625,25,24626.45,100,0,316800
NIFTY-III.NFO,13/08/2024,09:52:18,24625,24621.15,175,24626.5,175,25,316800
NIFTY-III.NFO,13/08/2024,09:52:19,24625,24622.3,75,24627.1,175,0,316800
NIFTY-III.NFO,13/08/2024,09:52:21,24625,24620.65,100,24626.45,175,0,316800
NIFTY-III.NFO,13/08/2024,09:52:23,24625,24622.5,175,24629.05,100,0,316800
NIFTY-III.NFO,13/08/2024,09:52:24,24625,24622.5,175,24628.7,75,0,316800
NIFTY-III.NFO,13/08/2024,09:52:26,24625,24620.05,175,24626.9,100,0,316800
NIFTY-III.NFO,13/08/2024,09:52:28,24625,24620,50,24623.45,100,0,316800
NIFTY-III.NFO,13/08/2024,09:52:29,24625,24620.25,100,24625.65,100,0,316800
NIFTY-III.NFO,13/08/2024,09:52:31,24625,24621.05,175,24626.25,100,0,316800
NIFTY-III.NFO,13/08/2024,09:52:33,24625,24620.45,175,24625.6,175,0,316800
NIFTY-III.NFO,13/08/2024,09:52:34,24625.2,24620.05,175,24626.4,150,25,316800
NIFTY-III.NFO,13/08/2024,09:52:36,24625.2,24620,50,24624.8,150,0,316800
NIFTY-III.NFO,13/08/2024,09:52:38,24625.2,24620.05,175,24625.15,150,0,316800
NIFTY-III.NFO,13/08/2024,09:52:39,24625.2,24620.05,100,24624.7,75,0,316800
NIFTY-III.NFO,13/08/2024,09:52:41,24625.2,24620,150,24625.05,75,0,316800
NIFTY-III.NFO,13/08/2024,09:52:43,24625.2,24620,100,24623.55,75,0,316800
NIFTY-III.NFO,13/08/2024,09:52:44,24625.2,24620,100,24623.4,250,0,316800
NIFTY-III.NFO,13/08/2024,09:52:46,24625.2,24620,100,24623.3,250,0,316800
NIFTY-III.NFO,13/08/2024,09:52:51,24625.2,24620.05,175,24625.9,75,0,316800
NIFTY-III.NFO,13/08/2024,09:52:53,24625.2,24620.7,100,24628.75,75,0,316800
NIFTY-III.NFO,13/08/2024,09:52:54,24625.2,24621.5,100,24628.4,75,0,316800
NIFTY-III.NFO,13/08/2024,09:52:56,24625.2,24620.05,175,24626.65,75,0,316800
NIFTY-III.NFO,13/08/2024,09:52:58,24625.2,24620.05,175,24626.3,150,0,316800
NIFTY-III.NFO,13/08/2024,09:52:59,24625.2,24620.05,100,24625.55,75,0,316800
NIFTY-III.NFO,13/08/2024,09:53:01,24625.2,24620,150,24623.65,75,0,316800
NIFTY-III.NFO,13/08/2024,09:53:03,24625.2,24620.05,175,24625.7,150,0,316800
NIFTY-III.NFO,13/08/2024,09:53:04,24625.2,24620.05,175,24625.7,75,0,316800
NIFTY-III.NFO,13/08/2024,09:53:06,24625.2,24620.05,175,24626.15,150,0,316800
NIFTY-III.NFO,13/08/2024,09:53:08,24620.05,24620.1,100,24626.7,100,25,316800
NIFTY-III.NFO,13/08/2024,09:53:09,24620.05,24620.1,100,24626.1,175,0,316800
NIFTY-III.NFO,13/08/2024,09:53:11,24620.05,24620.1,100,24626.8,100,0,316800
NIFTY-III.NFO,13/08/2024,09:53:13,24620.05,24620.05,175,24625.7,100,0,316800
NIFTY-III.NFO,13/08/2024,09:53:14,24620.05,24620.05,100,24625.7,100,0,316800
NIFTY-III.NFO,13/08/2024,09:53:16,24620.05,24620,150,24625.05,175,0,316800
NIFTY-III.NFO,13/08/2024,09:53:18,24620.05,24620.05,175,24625.05,175,0,316800
NIFTY-III.NFO,13/08/2024,09:53:19,24620.05,24620.05,175,24625.65,175,0,316800
NIFTY-III.NFO,13/08/2024,09:53:21,24620.05,24620.05,150,24625.7,100,25,316800
NIFTY-III.NFO,13/08/2024,09:53:23,24620.05,24620,150,24624.65,175,0,316800
NIFTY-III.NFO,13/08/2024,09:53:24,24620.05,24620,150,24624.1,100,0,316800
NIFTY-III.NFO,13/08/2024,09:53:26,24620.05,24620,150,24624.65,175,0,316800
NIFTY-III.NFO,13/08/2024,09:53:28,24620.05,24620,150,24623.75,100,0,316800
NIFTY-III.NFO,13/08/2024,09:53:29,24620.05,24620,150,24623.6,175,0,316800
NIFTY-III.NFO,13/08/2024,09:53:31,24620.05,24620,150,24624.2,250,0,316800
NIFTY-III.NFO,13/08/2024,09:53:33,24620.05,24620,150,24623.1,175,0,316800
NIFTY-III.NFO,13/08/2024,09:53:34,24620.05,24620,150,24623.25,100,0,316800
NIFTY-III.NFO,13/08/2024,09:53:36,24620.05,24620,150,24622.7,100,0,316800
NIFTY-III.NFO,13/08/2024,09:53:38,24620.05,24620,150,24624.55,175,0,316800
NIFTY-III.NFO,13/08/2024,09:53:39,24620.05,24620.05,75,24624.95,175,0,316800
NIFTY-III.NFO,13/08/2024,09:53:41,24620.05,24620,150,24624.75,175,0,316800
NIFTY-III.NFO,13/08/2024,09:53:43,24620.05,24620.05,150,24625,50,0,316800
NIFTY-III.NFO,13/08/2024,09:53:44,24620.05,24620,150,24624.5,175,0,316800
NIFTY-III.NFO,13/08/2024,09:53:46,24620.05,24620,150,24624,175,0,316800
NIFTY-III.NFO,13/08/2024,09:53:48,24620.05,24620.05,150,24625,50,0,316800
NIFTY-III.NFO,13/08/2024,09:53:49,24620.05,24620,150,24624.95,175,0,316800
NIFTY-III.NFO,13/08/2024,09:53:51,24620.05,24620,150,24623.5,100,0,316800
NIFTY-III.NFO,13/08/2024,09:53:53,24620.05,24620.05,150,24624.95,100,0,316800
NIFTY-III.NFO,13/08/2024,09:53:54,24620.05,24620.05,75,24624.75,175,0,316800
NIFTY-III.NFO,13/08/2024,09:53:56,24620.05,24620,150,24624.1,100,0,316800
NIFTY-III.NFO,13/08/2024,09:53:58,24620.05,24620,150,24623.4,100,0,316800
NIFTY-III.NFO,13/08/2024,09:53:59,24620.05,24620,150,24622.05,175,0,316800
NIFTY-III.NFO,13/08/2024,09:54:01,24620.05,24620,150,24622.8,175,0,316800
NIFTY-III.NFO,13/08/2024,09:54:03,24620.05,24620,150,24622.2,575,0,316800
NIFTY-III.NFO,13/08/2024,09:54:04,24620.05,24620,150,24622.15,100,0,316800
NIFTY-III.NFO,13/08/2024,09:54:06,24620.05,24620,150,24620.4,100,0,316800
NIFTY-III.NFO,13/08/2024,09:54:08,24620,24620,100,24621,100,50,316800
NIFTY-III.NFO,13/08/2024,09:54:09,24620,24615.05,75,24619,100,100,316800
NIFTY-III.NFO,13/08/2024,09:54:11,24620,24615,100,24618.2,175,0,316800
NIFTY-III.NFO,13/08/2024,09:54:13,24615,24607.65,75,24612.9,175,100,316800
NIFTY-III.NFO,13/08/2024,09:54:14,24615,24609.6,75,24615.4,100,0,316800
NIFTY-III.NFO,13/08/2024,09:54:16,24615,24611.3,75,24619.1,175,0,316800
NIFTY-III.NFO,13/08/2024,09:54:18,24615,24611.3,75,24617.7,175,0,316800
NIFTY-III.NFO,13/08/2024,09:54:19,24615,24610.85,75,24617.6,175,0,316800
NIFTY-III.NFO,13/08/2024,09:54:21,24615,24609.4,75,24616.05,100,0,316800
NIFTY-III.NFO,13/08/2024,09:54:23,24615,24609.6,150,24614.9,100,0,316800
NIFTY-III.NFO,13/08/2024,09:54:24,24615,24610.45,150,24615.45,100,0,316800
NIFTY-III.NFO,13/08/2024,09:54:26,24615,24610.45,150,24616.55,175,0,316800
NIFTY-III.NFO,13/08/2024,09:54:27,24615,24610.2,75,24617.55,175,0,316800
NIFTY-III.NFO,13/08/2024,09:54:29,24615,24612.7,75,24620.2,100,0,316800
NIFTY-III.NFO,13/08/2024,09:54:31,24615,24610.8,75,24617.3,100,0,316800
NIFTY-III.NFO,13/08/2024,09:54:32,24615,24611.15,75,24619.25,100,0,316800
NIFTY-III.NFO,13/08/2024,09:54:36,24615,24611.15,75,24618.6,100,0,316800
NIFTY-III.NFO,13/08/2024,09:54:37,24615,24611.15,200,24618.6,100,0,316800
NIFTY-III.NFO,13/08/2024,09:54:39,24615,24611.15,200,24618.5,175,0,316800
NIFTY-III.NFO,13/08/2024,09:54:41,24615,24610.8,75,24617.6,100,0,316800
NIFTY-III.NFO,13/08/2024,09:54:42,24615,24611.2,75,24619.25,100,0,316800
NIFTY-III.NFO,13/08/2024,09:54:44,24615,24612,75,24619.25,100,0,316800
NIFTY-III.NFO,13/08/2024,09:54:46,24615,24615.15,150,24620.25,100,0,316800
NIFTY-III.NFO,13/08/2024,09:54:47,24615,24615.4,75,24619,25,0,316800
NIFTY-III.NFO,13/08/2024,09:54:49,24615,24615.55,75,24619,25,0,316800
NIFTY-III.NFO,13/08/2024,09:54:51,24615,24613.05,75,24618.95,175,0,316800
NIFTY-III.NFO,13/08/2024,09:54:52,24615,24611.6,75,24618.4,100,0,316800
NIFTY-III.NFO,13/08/2024,09:54:54,24615,24611.6,75,24618.75,175,0,316800
NIFTY-III.NFO,13/08/2024,09:54:56,24611.25,24611.15,75,24618.95,175,250,316800
NIFTY-III.NFO,13/08/2024,09:54:57,24611.25,24611.15,75,24617.9,100,0,316800
NIFTY-III.NFO,13/08/2024,09:55:01,24611.25,24611.15,75,24618.4,100,0,316800
NIFTY-III.NFO,13/08/2024,09:55:02,24611.25,24611.35,175,24618.2,175,0,316800
NIFTY-III.NFO,13/08/2024,09:55:04,24611.25,24612.15,75,24618.95,175,0,316800
NIFTY-III.NFO,13/08/2024,09:55:06,24611.25,24611.3,75,24618.45,100,0,316800
NIFTY-III.NFO,13/08/2024,09:55:09,24611.25,24610.55,175,24617.8,100,0,316800
NIFTY-III.NFO,13/08/2024,09:55:11,24611.25,24611.35,175,24617.8,175,0,316800
NIFTY-III.NFO,13/08/2024,09:55:13,24611.25,24612.15,175,24618.45,100,0,316800
NIFTY-III.NFO,13/08/2024,09:55:14,24611.25,24612.15,75,24618.45,175,0,316800
NIFTY-III.NFO,13/08/2024,09:55:16,24611.25,24611.35,75,24618.35,100,0,316800
NIFTY-III.NFO,13/08/2024,09:55:18,24611.25,24610.55,75,24617.7,100,0,316800
