Ticker,Date,Time,LTP,BuyPrice,BuyQty,SellPrice,SellQty,LTQ,OpenInterest
BANKNIFTY-III.NFO,02/09/2024,09:15:13,52300,52285.85,60,52300,15,15,0
BANKNIFTY-III.NFO,02/09/2024,09:15:13,52300,52285.85,60,52300,15,0,0
BANKNIFTY-III.NFO,02/09/2024,09:15:13,52300,52285.85,60,52300,15,0,0
BANKNIFTY-III.NFO,02/09/2024,09:15:13,52300,52285.85,60,52300,15,0,0
BANKNIFTY-III.NFO,02/09/2024,09:15:14,52300,52276.4,60,52300,15,0,13290
BANKNIFTY-III.NFO,02/09/2024,09:15:16,52300,52286.6,60,52300,15,0,13290
BANKNIFTY-III.NFO,02/09/2024,09:15:18,52300,52284.35,60,52300,15,0,13290
BANKNIFTY-III.NFO,02/09/2024,09:15:19,52275.8,52275.7,45,52299.95,15,15,13290
BANKNIFTY-III.NFO,02/09/2024,09:15:19,52275.8,52275.7,45,52299.95,15,0,13290
BANKNIFTY-III.NFO,02/09/2024,09:15:21,52299.85,52269.9,45,52299.8,60,15,13290
BANKNIFTY-III.NFO,02/09/2024,09:15:23,52299.85,52278.4,45,52300,15,0,13290
BANKNIFTY-III.NFO,02/09/2024,09:15:24,52299.85,52282.3,45,52300,15,0,13290
BANKNIFTY-III.NFO,02/09/2024,09:15:26,52276,52273.75,30,52299.85,15,30,13320
BANKNIFTY-III.NFO,02/09/2024,09:15:28,52276,52272.9,30,52299.95,75,0,13320
BANKNIFTY-III.NFO,02/09/2024,09:15:29,52276,52264.15,30,52299.45,60,0,13320
BANKNIFTY-III.NFO,02/09/2024,09:15:31,52276,52269.65,30,52299.15,60,0,13320
BANKNIFTY-III.NFO,02/09/2024,09:15:32,52276,52264.9,30,52298.85,60,0,13320
BANKNIFTY-III.NFO,02/09/2024,09:15:34,52298.45,52273.4,45,52298.25,60,15,13320
BANKNIFTY-III.NFO,02/09/2024,09:15:36,52276,52275,15,52297.85,60,60,13320
BANKNIFTY-III.NFO,02/09/2024,09:15:37,52275,52255.95,30,52288.3,60,15,13320
BANKNIFTY-III.NFO,02/09/2024,09:15:37,52275,52255.95,30,52288.3,60,0,13320
BANKNIFTY-III.NFO,02/09/2024,09:15:39,52288,52267.2,60,52287.9,60,75,13320
BANKNIFTY-III.NFO,02/09/2024,09:15:41,52288,52270.15,60,52289.6,75,0,13320
BANKNIFTY-III.NFO,02/09/2024,09:15:42,52288,52281,75,52299.75,60,0,13320
BANKNIFTY-III.NFO,02/09/2024,09:15:44,52300,52288.35,75,52300,15,15,13320
BANKNIFTY-III.NFO,02/09/2024,09:15:45,52289.6,52281.85,45,52300,15,15,13320
BANKNIFTY-III.NFO,02/09/2024,09:15:47,52289.6,52284.75,60,52300,30,0,13320
BANKNIFTY-III.NFO,02/09/2024,09:15:49,52289.6,52291.55,45,52300,30,0,13320
BANKNIFTY-III.NFO,02/09/2024,09:15:50,52289.6,52295.95,60,52300,30,0,13320
BANKNIFTY-III.NFO,02/09/2024,09:15:52,52300,52299.6,15,52328.1,60,45,13320
BANKNIFTY-III.NFO,02/09/2024,09:15:54,52300,52289.6,15,52299.95,60,0,13320
BANKNIFTY-III.NFO,02/09/2024,09:15:55,52300,52292.9,15,52300,90,15,13320
BANKNIFTY-III.NFO,02/09/2024,09:15:57,52300,52289.65,15,52299.95,75,0,13320
BANKNIFTY-III.NFO,02/09/2024,09:15:58,52300,52289.6,15,52299.95,75,0,13320
BANKNIFTY-III.NFO,02/09/2024,09:16:00,52300,52289.6,15,52299.7,60,0,13320
BANKNIFTY-III.NFO,02/09/2024,09:16:02,52299.95,52291.85,45,52300,105,15,13320
BANKNIFTY-III.NFO,02/09/2024,09:16:04,52300,52289.6,15,52299.95,75,45,13320
BANKNIFTY-III.NFO,02/09/2024,09:16:05,52299.95,52289.6,15,52299.95,60,15,13320
BANKNIFTY-III.NFO,02/09/2024,09:16:07,52299.95,52289.6,15,52299.65,75,0,13320
BANKNIFTY-III.NFO,02/09/2024,09:16:08,52300,52290,45,52300,30,15,13320
BANKNIFTY-III.NFO,02/09/2024,09:16:10,52300,52289.6,15,52299.85,60,0,13320
BANKNIFTY-III.NFO,02/09/2024,09:16:12,52299.75,52289.65,60,52311.9,60,15,13320
BANKNIFTY-III.NFO,02/09/2024,09:16:13,52299.75,52300,15,52312.5,60,0,13320
BANKNIFTY-III.NFO,02/09/2024,09:16:15,52300,52289.65,45,52310.95,60,15,13320
BANKNIFTY-III.NFO,02/09/2024,09:16:17,52300,52289.6,15,52309.05,60,0,13320
BANKNIFTY-III.NFO,02/09/2024,09:16:18,52300,52289.6,15,52311.25,60,0,13320
BANKNIFTY-III.NFO,02/09/2024,09:16:20,52300,52289.6,15,52311,60,0,13320
BANKNIFTY-III.NFO,02/09/2024,09:16:22,52289.6,52276.05,45,52302.85,60,15,13320
BANKNIFTY-III.NFO,02/09/2024,09:16:23,52289.6,52276.4,45,52310.65,60,0,13320
BANKNIFTY-III.NFO,02/09/2024,09:16:25,52289.6,52276.05,60,52299.95,75,0,13320
BANKNIFTY-III.NFO,02/09/2024,09:16:27,52289.6,52276.05,45,52299.55,60,0,13320
BANKNIFTY-III.NFO,02/09/2024,09:16:28,52289.6,52276.05,45,52297.25,60,0,13320
BANKNIFTY-III.NFO,02/09/2024,09:16:30,52289.6,52276.05,45,52289.6,15,0,13320
BANKNIFTY-III.NFO,02/09/2024,09:16:33,52289.6,52280.1,60,52289.6,15,0,13320
BANKNIFTY-III.NFO,02/09/2024,09:16:35,52289.6,52276.1,45,52289.6,15,0,13320
BANKNIFTY-III.NFO,02/09/2024,09:16:36,52289.6,52277.65,60,52289.6,15,0,13320
BANKNIFTY-III.NFO,02/09/2024,09:16:38,52289.6,52279,45,52299.85,60,15,13320
BANKNIFTY-III.NFO,02/09/2024,09:16:39,52289.6,52284.6,45,52300,15,0,13320
BANKNIFTY-III.NFO,02/09/2024,09:16:41,52289.6,52289.65,45,52300,15,0,13320
BANKNIFTY-III.NFO,02/09/2024,09:16:43,52289.6,52290.95,60,52300,15,0,13320
BANKNIFTY-III.NFO,02/09/2024,09:16:44,52289.6,52289.65,45,52300,15,0,13320
BANKNIFTY-III.NFO,02/09/2024,09:16:46,52289.6,52289.6,15,52299.95,60,0,13320
BANKNIFTY-III.NFO,02/09/2024,09:16:48,52289.6,52289.65,45,52299.95,60,0,13320
BANKNIFTY-III.NFO,02/09/2024,09:16:49,52289.6,52289.65,60,52300,15,0,13320
BANKNIFTY-III.NFO,02/09/2024,09:16:52,52300,52291,45,52314.95,75,15,13320
BANKNIFTY-III.NFO,02/09/2024,09:16:54,52300,52290.15,45,52314.65,60,0,13320
BANKNIFTY-III.NFO,02/09/2024,09:16:56,52300,52289.65,45,52311.9,60,0,13320
BANKNIFTY-III.NFO,02/09/2024,09:16:57,52300,52289.65,60,52311.5,60,0,13320
BANKNIFTY-III.NFO,02/09/2024,09:16:59,52300,52289.65,60,52309.95,75,0,13320
BANKNIFTY-III.NFO,02/09/2024,09:17:01,52300,52291,45,52309.95,60,0,13320
BANKNIFTY-III.NFO,02/09/2024,09:17:02,52300,52290.7,45,52309.95,60,0,13320
BANKNIFTY-III.NFO,02/09/2024,09:17:04,52300,52295.6,45,52309.95,60,0,13320
BANKNIFTY-III.NFO,02/09/2024,09:17:05,52300,52290.05,45,52300,15,0,13320
BANKNIFTY-III.NFO,02/09/2024,09:17:07,52300,52290.05,60,52300,15,0,13320
BANKNIFTY-III.NFO,02/09/2024,09:17:10,52300,52293.5,45,52300,15,15,13320
BANKNIFTY-III.NFO,02/09/2024,09:17:12,52300,52294.2,45,52300,15,0,13320
BANKNIFTY-III.NFO,02/09/2024,09:17:14,52300,52295.1,45,52300,15,0,13320
BANKNIFTY-III.NFO,02/09/2024,09:17:15,52300,52296.7,45,52309.95,60,15,13320
BANKNIFTY-III.NFO,02/09/2024,09:17:17,52300,52299.25,45,52310,15,0,13320
BANKNIFTY-III.NFO,02/09/2024,09:17:19,52300,52298.35,45,52310,15,0,13320
BANKNIFTY-III.NFO,02/09/2024,09:17:20,52300,52297.5,45,52310,15,0,13320
BANKNIFTY-III.NFO,02/09/2024,09:17:22,52300,52295.3,60,52309.95,60,0,13320
BANKNIFTY-III.NFO,02/09/2024,09:17:24,52300,52290.8,45,52300,45,0,13320
BANKNIFTY-III.NFO,02/09/2024,09:17:25,52300,52292.8,45,52300,45,0,13320
BANKNIFTY-III.NFO,02/09/2024,09:17:27,52300,52292.15,195,52300,45,0,13320
BANKNIFTY-III.NFO,02/09/2024,09:17:28,52300,52290.05,45,52300,45,0,13320
BANKNIFTY-III.NFO,02/09/2024,09:17:30,52300,52291.6,45,52300,45,0,13320
BANKNIFTY-III.NFO,02/09/2024,09:17:32,52300,52294.15,45,52300,45,0,13320
BANKNIFTY-III.NFO,02/09/2024,09:17:33,52300,52296.3,45,52300,45,0,13320
BANKNIFTY-III.NFO,02/09/2024,09:17:35,52300,52297.9,60,52300,30,15,13320
BANKNIFTY-III.NFO,02/09/2024,09:17:37,52300,52294.65,60,52300,30,0,13320
BANKNIFTY-III.NFO,02/09/2024,09:17:38,52300,52292.85,60,52300,30,0,13320
BANKNIFTY-III.NFO,02/09/2024,09:17:40,52300,52291.45,60,52300,30,0,13320
BANKNIFTY-III.NFO,02/09/2024,09:17:42,52300,52290.95,60,52300,30,0,13320
BANKNIFTY-III.NFO,02/09/2024,09:17:43,52300,52292.6,45,52300,30,0,13320
BANKNIFTY-III.NFO,02/09/2024,09:17:45,52300,52293.65,60,52300,30,0,13320
BANKNIFTY-III.NFO,02/09/2024,09:17:46,52300,52290.05,45,52300,30,0,13320
BANKNIFTY-III.NFO,02/09/2024,09:17:51,52300,52291.1,45,52300,30,0,13320
BANKNIFTY-III.NFO,02/09/2024,09:17:53,52300,52297.95,45,52300,30,0,13320
BANKNIFTY-III.NFO,02/09/2024,09:17:54,52300,52297.35,45,52300,30,0,13320
BANKNIFTY-III.NFO,02/09/2024,09:17:56,52300,52296.05,45,52300,30,0,13320
BANKNIFTY-III.NFO,02/09/2024,09:17:58,52293.15,52293.9,30,52300,30,30,13320
BANKNIFTY-III.NFO,02/09/2024,09:17:59,52293.15,52296.8,30,52300,30,0,13320
BANKNIFTY-III.NFO,02/09/2024,09:18:01,52300,52303.8,15,52310,15,30,13320
BANKNIFTY-III.NFO,02/09/2024,09:18:03,52300,52305.75,15,52310,15,0,13320
BANKNIFTY-III.NFO,02/09/2024,09:18:04,52310,52307.6,135,52315,30,45,13320
BANKNIFTY-III.NFO,02/09/2024,09:18:04,52310,52307.6,135,52315,30,0,13320
BANKNIFTY-III.NFO,02/09/2024,09:18:06,52310,52307.2,120,52315,30,0,13320
BANKNIFTY-III.NFO,02/09/2024,09:18:08,52310,52308.75,135,52315,30,0,13320
BANKNIFTY-III.NFO,02/09/2024,09:18:09,52310,52306.8,15,52315,30,0,13320
BANKNIFTY-III.NFO,02/09/2024,09:18:11,52310,52310.55,120,52315,30,0,13320
BANKNIFTY-III.NFO,02/09/2024,09:18:13,52310,52312.6,135,52315,30,0,13320
BANKNIFTY-III.NFO,02/09/2024,09:18:14,52310,52310.55,15,52315,30,0,13320
BANKNIFTY-III.NFO,02/09/2024,09:18:16,52310,52312.45,135,52315,30,0,13320
BANKNIFTY-III.NFO,02/09/2024,09:18:18,52310,52312.5,120,52315,30,0,13320
BANKNIFTY-III.NFO,02/09/2024,09:18:19,52310,52308.05,150,52319.95,60,0,13320
BANKNIFTY-III.NFO,02/09/2024,09:18:21,52310,52310.15,120,52319.85,60,0,13320
BANKNIFTY-III.NFO,02/09/2024,09:18:23,52319.95,52309.5,30,52319.95,60,15,13320
BANKNIFTY-III.NFO,02/09/2024,09:18:23,52319.95,52309.5,30,52319.95,60,0,13320
BANKNIFTY-III.NFO,02/09/2024,09:18:24,52319.95,52307.95,30,52319.95,60,0,13320
BANKNIFTY-III.NFO,02/09/2024,09:18:26,52319.95,52309.95,30,52319.95,60,0,13320
BANKNIFTY-III.NFO,02/09/2024,09:18:28,52319.95,52310.15,30,52320,45,0,13320
BANKNIFTY-III.NFO,02/09/2024,09:18:29,52319.95,52302.85,30,52319.9,60,0,13320
BANKNIFTY-III.NFO,02/09/2024,09:18:31,52319.95,52303.75,150,52319.95,75,0,13320
BANKNIFTY-III.NFO,02/09/2024,09:18:33,52319.95,52300.05,30,52319.9,60,0,13320
BANKNIFTY-III.NFO,02/09/2024,09:18:36,52319.95,52300,45,52318.15,60,0,13320
BANKNIFTY-III.NFO,02/09/2024,09:18:38,52319.95,52305,15,52318.05,60,0,13320
BANKNIFTY-III.NFO,02/09/2024,09:18:41,52319.95,52305,15,52319.9,60,0,13320
BANKNIFTY-III.NFO,02/09/2024,09:18:46,52305,52301,15,52319.8,60,15,13455
BANKNIFTY-III.NFO,02/09/2024,09:18:48,52305,52300.95,15,52319.3,60,0,13455
BANKNIFTY-III.NFO,02/09/2024,09:18:49,52305,52301,30,52319,75,0,13455
BANKNIFTY-III.NFO,02/09/2024,09:18:51,52305,52300.95,15,52318.85,60,0,13455
BANKNIFTY-III.NFO,02/09/2024,09:18:53,52305,52301,15,52318.4,60,0,13455
BANKNIFTY-III.NFO,02/09/2024,09:18:54,52305,52300.95,15,52318.05,60,0,13455
BANKNIFTY-III.NFO,02/09/2024,09:18:56,52305,52300.95,15,52316.25,60,0,13455
BANKNIFTY-III.NFO,02/09/2024,09:18:58,52305,52300.95,15,52315.85,75,0,13455
BANKNIFTY-III.NFO,02/09/2024,09:18:59,52305,52300.95,15,52315.25,60,0,13455
BANKNIFTY-III.NFO,02/09/2024,09:19:01,52300.95,52300,15,52314.75,60,15,13455
BANKNIFTY-III.NFO,02/09/2024,09:19:03,52300,52288.35,15,52300,15,15,13455
BANKNIFTY-III.NFO,02/09/2024,09:19:04,52300,52288.75,30,52300,15,0,13455
BANKNIFTY-III.NFO,02/09/2024,09:19:06,52300,52289.55,15,52300,15,0,13455
BANKNIFTY-III.NFO,02/09/2024,09:19:08,52300,52291.75,15,52299.95,15,0,13455
BANKNIFTY-III.NFO,02/09/2024,09:19:09,52294.5,52294.45,30,52300.95,15,15,13455
BANKNIFTY-III.NFO,02/09/2024,09:19:11,52294.5,52291.3,30,52300.95,15,0,13455
BANKNIFTY-III.NFO,02/09/2024,09:19:14,52294.5,52288.75,30,52300.95,30,0,13455
BANKNIFTY-III.NFO,02/09/2024,09:19:16,52294.5,52289.5,30,52300.9,15,0,13455
BANKNIFTY-III.NFO,02/09/2024,09:19:17,52294.5,52282.6,30,52300.9,60,0,13455
BANKNIFTY-III.NFO,02/09/2024,09:19:19,52294.5,52286.85,45,52300.9,60,0,13455
BANKNIFTY-III.NFO,02/09/2024,09:19:21,52294.5,52281.9,15,52300.7,75,0,13455
BANKNIFTY-III.NFO,02/09/2024,09:19:22,52294.5,52282.65,15,52300.65,60,0,13455
BANKNIFTY-III.NFO,02/09/2024,09:19:24,52294.5,52287.5,45,52300.9,60,0,13455
BANKNIFTY-III.NFO,02/09/2024,09:19:26,52294.5,52283.7,15,52300.9,75,0,13455
BANKNIFTY-III.NFO,02/09/2024,09:19:27,52294.5,52282,60,52300.85,60,0,13455
BANKNIFTY-III.NFO,02/09/2024,09:19:29,52294.5,52278.85,60,52300.85,60,0,13455
BANKNIFTY-III.NFO,02/09/2024,09:19:31,52294.5,52280,15,52299.55,60,0,13455
BANKNIFTY-III.NFO,02/09/2024,09:19:32,52294.5,52280,30,52298.5,60,0,13455
BANKNIFTY-III.NFO,02/09/2024,09:19:36,52294.5,52280,15,52298.3,60,0,13455
BANKNIFTY-III.NFO,02/09/2024,09:19:37,52294.5,52280,30,52298.45,60,0,13455
BANKNIFTY-III.NFO,02/09/2024,09:19:39,52294.5,52286.3,15,52300.75,60,0,13455
BANKNIFTY-III.NFO,02/09/2024,09:19:41,52294.5,52281.05,45,52300.9,75,0,13455
BANKNIFTY-III.NFO,02/09/2024,09:19:42,52294.5,52280,30,52299.85,60,0,13455
BANKNIFTY-III.NFO,02/09/2024,09:19:44,52294.5,52280,30,52299.3,60,0,13455
BANKNIFTY-III.NFO,02/09/2024,09:19:46,52294.5,52280,15,52294.95,75,0,13455
BANKNIFTY-III.NFO,02/09/2024,09:19:47,52294.5,52282.45,60,52295,150,0,13455
BANKNIFTY-III.NFO,02/09/2024,09:19:49,52294.5,52280.55,15,52294.95,60,0,13455
BANKNIFTY-III.NFO,02/09/2024,09:19:51,52294.5,52280.85,60,52294.95,60,0,13455
BANKNIFTY-III.NFO,02/09/2024,09:19:52,52294.5,52280,30,52294.95,60,0,13455
BANKNIFTY-III.NFO,02/09/2024,09:19:54,52294.5,52280,30,52294.95,75,0,13455
BANKNIFTY-III.NFO,02/09/2024,09:19:56,52294.5,52280,15,52294.95,75,0,13455
BANKNIFTY-III.NFO,02/09/2024,09:19:57,52294.5,52280.9,30,52294.95,60,0,13455
BANKNIFTY-III.NFO,02/09/2024,09:19:59,52294.5,52280.15,60,52294.95,60,0,13455
BANKNIFTY-III.NFO,02/09/2024,09:20:01,52294.5,52280,15,52294.95,75,0,13455
BANKNIFTY-III.NFO,02/09/2024,09:20:02,52280,52270,15,52290,60,15,13455
BANKNIFTY-III.NFO,02/09/2024,09:20:04,52280,52270.05,15,52290.1,60,0,13455
BANKNIFTY-III.NFO,02/09/2024,09:20:06,52280,52270,15,52290,60,0,13455
BANKNIFTY-III.NFO,02/09/2024,09:20:07,52280,52270,15,52277.2,60,0,13455
BANKNIFTY-III.NFO,02/09/2024,09:20:09,52270,52254.95,60,52270,135,15,13455
BANKNIFTY-III.NFO,02/09/2024,09:20:09,52270,52254.95,60,52270,135,0,13455
BANKNIFTY-III.NFO,02/09/2024,09:20:10,52270,52256.95,15,52270,135,0,13455
BANKNIFTY-III.NFO,02/09/2024,09:20:12,52270,52257.75,15,52270,135,0,13455
BANKNIFTY-III.NFO,02/09/2024,09:20:14,52270,52251,165,52269.9,60,0,13455
BANKNIFTY-III.NFO,02/09/2024,09:20:16,52269.95,52251.1,15,52269.9,60,15,13455
BANKNIFTY-III.NFO,02/09/2024,09:20:16,52269.95,52251.1,15,52269.9,60,0,13455
BANKNIFTY-III.NFO,02/09/2024,09:20:17,52269.95,52256.2,30,52270,135,0,13455
BANKNIFTY-III.NFO,02/09/2024,09:20:19,52269.95,52255.7,15,52270,135,0,13455
BANKNIFTY-III.NFO,02/09/2024,09:20:21,52269.95,52257.55,30,52270,135,0,13455
BANKNIFTY-III.NFO,02/09/2024,09:20:22,52269.95,52258.05,15,52270,135,0,13455
BANKNIFTY-III.NFO,02/09/2024,09:20:24,52269.95,52252.05,15,52269.95,75,0,13455
BANKNIFTY-III.NFO,02/09/2024,09:20:26,52269.95,52254.45,45,52269.95,60,15,13455
BANKNIFTY-III.NFO,02/09/2024,09:20:27,52269.95,52266.35,45,52270,135,0,13455
BANKNIFTY-III.NFO,02/09/2024,09:20:29,52269.95,52262.9,15,52270,135,0,13455
BANKNIFTY-III.NFO,02/09/2024,09:20:31,52269.95,52261.95,15,52270,135,0,13455
BANKNIFTY-III.NFO,02/09/2024,09:20:32,52269.95,52267,15,52270,135,0,13455
BANKNIFTY-III.NFO,02/09/2024,09:20:34,52269.95,52263.5,15,52270,135,0,13455
BANKNIFTY-III.NFO,02/09/2024,09:20:35,52269.95,52263,15,52270,135,0,13455
BANKNIFTY-III.NFO,02/09/2024,09:20:37,52270,52265.85,15,52270,120,15,13455
BANKNIFTY-III.NFO,02/09/2024,09:20:39,52270,52265.2,15,52270,120,0,13455
BANKNIFTY-III.NFO,02/09/2024,09:20:40,52270,52256.9,30,52269.95,60,0,13455
BANKNIFTY-III.NFO,02/09/2024,09:20:42,52270,52259.45,30,52269.95,60,0,13455
BANKNIFTY-III.NFO,02/09/2024,09:20:44,52270,52260.75,15,52269.95,60,0,13455
BANKNIFTY-III.NFO,02/09/2024,09:20:45,52270,52262.35,15,52270,120,0,13455
BANKNIFTY-III.NFO,02/09/2024,09:20:47,52270,52258.8,15,52269.95,60,0,13455
BANKNIFTY-III.NFO,02/09/2024,09:20:48,52270,52259.5,30,52269.95,60,0,13455
BANKNIFTY-III.NFO,02/09/2024,09:20:50,52270,52265.25,15,52270,120,0,13455
BANKNIFTY-III.NFO,02/09/2024,09:20:52,52270,52260.85,45,52270,120,0,13455
BANKNIFTY-III.NFO,02/09/2024,09:20:53,52270,52261.45,15,52269.95,60,0,13455
BANKNIFTY-III.NFO,02/09/2024,09:20:55,52270,52262.5,15,52270,120,0,13455
BANKNIFTY-III.NFO,02/09/2024,09:20:57,52270,52263.05,15,52270,120,0,13455
BANKNIFTY-III.NFO,02/09/2024,09:20:58,52270,52263.9,15,52270,120,0,13455
BANKNIFTY-III.NFO,02/09/2024,09:21:00,52270,52260.6,30,52269.95,60,0,13455
BANKNIFTY-III.NFO,02/09/2024,09:21:01,52270,52260.35,15,52269.95,60,0,13455
BANKNIFTY-III.NFO,02/09/2024,09:21:03,52270,52260.95,15,52269.95,60,0,13455
BANKNIFTY-III.NFO,02/09/2024,09:21:05,52270,52260,15,52269.95,60,0,13455
BANKNIFTY-III.NFO,02/09/2024,09:21:06,52270,52260.05,45,52270,120,0,13455
BANKNIFTY-III.NFO,02/09/2024,09:21:08,52270,52261.35,30,52270,120,0,13455
BANKNIFTY-III.NFO,02/09/2024,09:21:09,52270,52260.05,45,52269.95,60,0,13455
BANKNIFTY-III.NFO,02/09/2024,09:21:11,52270,52260,15,52269.95,75,0,13455
BANKNIFTY-III.NFO,02/09/2024,09:21:13,52270,52260,15,52269.95,60,0,13455
BANKNIFTY-III.NFO,02/09/2024,09:21:14,52269.95,52260.05,45,52269.95,60,15,13455
BANKNIFTY-III.NFO,02/09/2024,09:21:16,52269.95,52262.5,60,52270,120,0,13455
BANKNIFTY-III.NFO,02/09/2024,09:21:17,52269.95,52260.05,60,52270,120,0,13455
BANKNIFTY-III.NFO,02/09/2024,09:21:19,52270,52264.2,60,52270,105,15,13455
BANKNIFTY-III.NFO,02/09/2024,09:21:21,52270,52263.95,45,52270,105,0,13455
BANKNIFTY-III.NFO,02/09/2024,09:21:22,52270,52265.3,45,52270,105,0,13455
BANKNIFTY-III.NFO,02/09/2024,09:21:24,52270,52261.7,60,52270,105,0,13455
BANKNIFTY-III.NFO,02/09/2024,09:21:26,52270,52266.3,60,52270,90,15,13455
BANKNIFTY-III.NFO,02/09/2024,09:21:27,52270,52264.75,195,52270,90,0,13455
BANKNIFTY-III.NFO,02/09/2024,09:21:29,52270,52263.15,45,52270,90,0,13455
BANKNIFTY-III.NFO,02/09/2024,09:21:31,52270,52262.75,45,52270,90,0,13455
BANKNIFTY-III.NFO,02/09/2024,09:21:32,52270,52261.2,60,52270,90,0,13455
BANKNIFTY-III.NFO,02/09/2024,09:21:34,52270,52261.05,60,52270,90,0,13455
BANKNIFTY-III.NFO,02/09/2024,09:21:36,52270,52263.6,60,52270,90,0,13455
BANKNIFTY-III.NFO,02/09/2024,09:21:37,52265.4,52264.55,45,52270,105,15,13530
BANKNIFTY-III.NFO,02/09/2024,09:21:37,52265.4,52264.55,45,52270,105,0,13530
BANKNIFTY-III.NFO,02/09/2024,09:21:39,52265.4,52263.75,45,52270,105,0,13530
BANKNIFTY-III.NFO,02/09/2024,09:21:41,52265.4,52260.05,30,52269.95,60,0,13530
BANKNIFTY-III.NFO,02/09/2024,09:21:42,52265.4,52260,15,52269.95,60,0,13530
BANKNIFTY-III.NFO,02/09/2024,09:21:44,52265.4,52260.05,30,52270,105,0,13530
BANKNIFTY-III.NFO,02/09/2024,09:21:46,52265.4,52260,15,52269.95,60,0,13530
BANKNIFTY-III.NFO,02/09/2024,09:21:47,52265.4,52260.05,45,52270,105,0,13530
BANKNIFTY-III.NFO,02/09/2024,09:21:49,52265.4,52260.75,195,52270,105,0,13530
BANKNIFTY-III.NFO,02/09/2024,09:21:51,52265.4,52267.5,30,52270,105,0,13530
BANKNIFTY-III.NFO,02/09/2024,09:21:52,52265.4,52264.45,45,52270,105,0,13530
BANKNIFTY-III.NFO,02/09/2024,09:21:54,52265.4,52265.1,45,52270,105,0,13530
BANKNIFTY-III.NFO,02/09/2024,09:21:56,52265.4,52263.7,30,52270,105,0,13530
BANKNIFTY-III.NFO,02/09/2024,09:21:57,52265.4,52263.8,45,52270,105,0,13530
BANKNIFTY-III.NFO,02/09/2024,09:21:59,52265.4,52264.8,30,52270,105,0,13530
BANKNIFTY-III.NFO,02/09/2024,09:22:01,52265.4,52263.9,15,52270,105,0,13530
BANKNIFTY-III.NFO,02/09/2024,09:22:02,52265.4,52260.4,30,52270,105,0,13530
BANKNIFTY-III.NFO,02/09/2024,09:22:04,52265.4,52260,15,52269.95,60,0,13530
BANKNIFTY-III.NFO,02/09/2024,09:22:06,52265.4,52260,30,52269.95,60,0,13530
BANKNIFTY-III.NFO,02/09/2024,09:22:07,52265.4,52260,30,52269.95,75,0,13530
BANKNIFTY-III.NFO,02/09/2024,09:22:09,52265.4,52260,30,52269.95,60,0,13530
BANKNIFTY-III.NFO,02/09/2024,09:22:11,52265.4,52260.4,45,52270,105,0,13530
BANKNIFTY-III.NFO,02/09/2024,09:22:12,52265.4,52260,30,52269.95,75,0,13530
BANKNIFTY-III.NFO,02/09/2024,09:22:14,52265.4,52265.4,15,52269.95,75,0,13530
BANKNIFTY-III.NFO,02/09/2024,09:22:16,52265.4,52265.4,15,52269.95,60,0,13530
BANKNIFTY-III.NFO,02/09/2024,09:22:18,52265.4,52265.4,15,52269.95,75,0,13530
BANKNIFTY-III.NFO,02/09/2024,09:22:21,52265.4,52265.4,15,52269.95,60,0,13530
BANKNIFTY-III.NFO,02/09/2024,09:22:23,52265.4,52265.4,15,52269.95,75,0,13530
BANKNIFTY-III.NFO,02/09/2024,09:22:24,52265.4,52265.4,15,52269.95,60,0,13530
BANKNIFTY-III.NFO,02/09/2024,09:22:28,52265.4,52265.4,15,52270,105,0,13530
BANKNIFTY-III.NFO,02/09/2024,09:22:36,52265.4,52265.4,30,52270,105,0,13530
BANKNIFTY-III.NFO,02/09/2024,09:22:38,52265.4,52267.2,30,52270,105,0,13530
BANKNIFTY-III.NFO,02/09/2024,09:22:39,52265.4,52265.45,45,52270,105,0,13530
BANKNIFTY-III.NFO,02/09/2024,09:22:41,52265.4,52266.45,45,52270,105,0,13530
BANKNIFTY-III.NFO,02/09/2024,09:22:43,52270,52269,30,52280,15,105,13530
BANKNIFTY-III.NFO,02/09/2024,09:22:44,52270,52267.85,30,52279.95,60,0,13530
BANKNIFTY-III.NFO,02/09/2024,09:22:46,52270,52269.85,30,52280,15,0,13530
BANKNIFTY-III.NFO,02/09/2024,09:22:48,52270,52269.95,30,52280,15,0,13530
BANKNIFTY-III.NFO,02/09/2024,09:22:49,52270,52273.7,30,52280,15,0,13530
BANKNIFTY-III.NFO,02/09/2024,09:22:51,52270,52272.3,30,52280,15,0,13530
BANKNIFTY-III.NFO,02/09/2024,09:22:53,52270,52267.3,30,52280,15,0,13530
BANKNIFTY-III.NFO,02/09/2024,09:22:54,52270,52265.45,45,52279.95,60,0,13530
BANKNIFTY-III.NFO,02/09/2024,09:22:56,52270,52265.45,45,52279.95,75,0,13530
BANKNIFTY-III.NFO,02/09/2024,09:22:58,52270,52270,15,52279.95,75,0,13530
BANKNIFTY-III.NFO,02/09/2024,09:23:01,52270,52270,15,52279.9,60,0,13530
BANKNIFTY-III.NFO,02/09/2024,09:23:03,52270,52270,15,52275.2,75,0,13530
BANKNIFTY-III.NFO,02/09/2024,09:23:04,52270,52270,15,52275.7,60,0,13530
BANKNIFTY-III.NFO,02/09/2024,09:23:06,52270,52270,15,52279.35,60,0,13530
BANKNIFTY-III.NFO,02/09/2024,09:23:08,52270,52270,15,52278.95,75,0,13530
BANKNIFTY-III.NFO,02/09/2024,09:23:09,52270,52270,15,52278.05,60,0,13530
BANKNIFTY-III.NFO,02/09/2024,09:23:11,52270,52270,15,52279.5,60,0,13530
BANKNIFTY-III.NFO,02/09/2024,09:23:13,52270,52270,15,52279.9,60,0,13530
BANKNIFTY-III.NFO,02/09/2024,09:23:14,52270,52270,15,52279.95,75,0,13530
BANKNIFTY-III.NFO,02/09/2024,09:23:16,52270,52270.05,45,52280,15,0,13530
BANKNIFTY-III.NFO,02/09/2024,09:23:19,52270,52273,30,52280,15,0,13530
BANKNIFTY-III.NFO,02/09/2024,09:23:21,52270,52273.4,45,52280,15,0,13530
BANKNIFTY-III.NFO,02/09/2024,09:23:23,52270,52270.05,45,52280,15,0,13530
BANKNIFTY-III.NFO,02/09/2024,09:23:24,52270,52273.95,45,52280,15,0,13530
BANKNIFTY-III.NFO,02/09/2024,09:23:26,52270,52272.9,45,52280,15,0,13530
BANKNIFTY-III.NFO,02/09/2024,09:23:28,52270,52273.05,45,52280,15,0,13530
BANKNIFTY-III.NFO,02/09/2024,09:23:29,52270,52275.85,30,52280,15,0,13530
BANKNIFTY-III.NFO,02/09/2024,09:23:31,52270,52275.7,45,52280,15,0,13530
BANKNIFTY-III.NFO,02/09/2024,09:23:33,52270,52275.85,45,52280,15,0,13530
BANKNIFTY-III.NFO,02/09/2024,09:23:34,52270,52275.5,45,52280,15,0,13530
BANKNIFTY-III.NFO,02/09/2024,09:23:36,52270,52274.1,30,52280,15,0,13530
BANKNIFTY-III.NFO,02/09/2024,09:23:38,52270,52275.65,45,52280,15,0,13530
BANKNIFTY-III.NFO,02/09/2024,09:23:39,52270,52277.45,30,52280,15,0,13530
BANKNIFTY-III.NFO,02/09/2024,09:23:41,52290.75,52277.15,60,52296.85,45,60,13530
BANKNIFTY-III.NFO,02/09/2024,09:23:43,52290.75,52281.85,60,52299.95,45,0,13530
BANKNIFTY-III.NFO,02/09/2024,09:23:44,52290.75,52287.85,60,52299.95,45,0,13530
BANKNIFTY-III.NFO,02/09/2024,09:23:46,52290.75,52286.8,60,52299.95,45,0,13530
BANKNIFTY-III.NFO,02/09/2024,09:23:48,52290.75,52293.75,15,52300,210,0,13530
BANKNIFTY-III.NFO,02/09/2024,09:23:49,52290.75,52290.6,75,52300,210,0,13530
BANKNIFTY-III.NFO,02/09/2024,09:23:51,52290.75,52287.5,75,52299.95,45,0,13530
BANKNIFTY-III.NFO,02/09/2024,09:23:53,52290.75,52290,15,52299.95,45,0,13530
BANKNIFTY-III.NFO,02/09/2024,09:23:58,52290.75,52290,15,52299.8,60,0,13530
BANKNIFTY-III.NFO,02/09/2024,09:23:59,52290.75,52290,15,52299.95,60,0,13530
BANKNIFTY-III.NFO,02/09/2024,09:24:03,52290.75,52290.45,30,52299.95,45,0,13530
BANKNIFTY-III.NFO,02/09/2024,09:24:04,52290.75,52296.85,150,52300,240,0,13530
BANKNIFTY-III.NFO,02/09/2024,09:24:06,52290.75,52296.75,15,52300,240,0,13530
BANKNIFTY-III.NFO,02/09/2024,09:24:07,52290.75,52297.95,165,52300,240,0,13530
BANKNIFTY-III.NFO,02/09/2024,09:24:09,52300,52290.65,15,52299.95,45,15,13530
BANKNIFTY-III.NFO,02/09/2024,09:24:11,52300,52291.05,30,52299.95,45,0,13530
BANKNIFTY-III.NFO,02/09/2024,09:24:12,52300,52290,15,52299.95,45,0,13530
BANKNIFTY-III.NFO,02/09/2024,09:24:17,52300,52290,30,52299.95,45,0,13530
BANKNIFTY-III.NFO,02/09/2024,09:24:19,52300,52291.5,30,52299.95,45,0,13530
BANKNIFTY-III.NFO,02/09/2024,09:24:21,52300,52294.3,15,52300,240,0,13530
BANKNIFTY-III.NFO,02/09/2024,09:24:22,52300,52290.2,60,52299.95,45,0,13530
BANKNIFTY-III.NFO,02/09/2024,09:24:24,52300,52290.6,15,52299.95,45,0,13530
BANKNIFTY-III.NFO,02/09/2024,09:24:26,52300,52290.15,75,52299.95,45,0,13530
BANKNIFTY-III.NFO,02/09/2024,09:24:29,52300,52290.1,15,52299.95,45,0,13530
BANKNIFTY-III.NFO,02/09/2024,09:24:34,52300,52290.1,15,52299.95,60,0,13530
BANKNIFTY-III.NFO,02/09/2024,09:24:42,52300,52290.1,15,52299.05,45,0,13530
BANKNIFTY-III.NFO,02/09/2024,09:24:46,52290.1,52278.25,60,52299,45,15,13590
BANKNIFTY-III.NFO,02/09/2024,09:24:47,52290.1,52279.2,60,52299,45,0,13590
BANKNIFTY-III.NFO,02/09/2024,09:24:49,52290.1,52277.15,60,52298.85,45,0,13590
BANKNIFTY-III.NFO,02/09/2024,09:24:51,52290.1,52277.8,60,52299,45,0,13590
BANKNIFTY-III.NFO,02/09/2024,09:24:52,52290.1,52282.55,60,52299.8,60,0,13590
BANKNIFTY-III.NFO,02/09/2024,09:24:54,52290.1,52284.55,60,52299.95,60,0,13590
BANKNIFTY-III.NFO,02/09/2024,09:24:56,52290.1,52290.1,15,52299.85,60,0,13590
BANKNIFTY-III.NFO,02/09/2024,09:24:57,52290.1,52290.1,15,52299.95,45,0,13590
BANKNIFTY-III.NFO,02/09/2024,09:25:02,52290.1,52290.1,15,52299.9,45,0,13590
BANKNIFTY-III.NFO,02/09/2024,09:25:04,52290.1,52280.35,75,52299.9,45,15,13590
BANKNIFTY-III.NFO,02/09/2024,09:25:06,52290.1,52279.5,60,52299.8,45,0,13590
BANKNIFTY-III.NFO,02/09/2024,09:25:07,52290.1,52280.9,60,52299.9,45,0,13590
BANKNIFTY-III.NFO,02/09/2024,09:25:09,52290.1,52279.7,60,52299.7,45,0,13590
BANKNIFTY-III.NFO,02/09/2024,09:25:11,52290.1,52280.6,75,52294.95,60,0,13590
BANKNIFTY-III.NFO,02/09/2024,09:25:12,52290.1,52279.8,60,52294.95,60,0,13590
BANKNIFTY-III.NFO,02/09/2024,09:25:14,52290.1,52278.45,60,52294.9,45,0,13590
BANKNIFTY-III.NFO,02/09/2024,09:25:16,52290.1,52278.75,60,52294.75,45,0,13590
BANKNIFTY-III.NFO,02/09/2024,09:25:18,52290.1,52275.05,75,52294.6,45,0,13590
BANKNIFTY-III.NFO,02/09/2024,09:25:19,52290.1,52275.05,75,52294.35,45,0,13590
BANKNIFTY-III.NFO,02/09/2024,09:25:21,52290.1,52275.1,60,52294.35,45,0,13590
BANKNIFTY-III.NFO,02/09/2024,09:25:23,52290.1,52275.05,75,52293.85,45,0,13590
BANKNIFTY-III.NFO,02/09/2024,09:25:24,52290.1,52275.05,60,52291.95,45,0,13590
BANKNIFTY-III.NFO,02/09/2024,09:25:26,52290.1,52275.05,60,52292.2,45,0,13590
BANKNIFTY-III.NFO,02/09/2024,09:25:28,52290.1,52275.05,75,52292.2,45,0,13590
BANKNIFTY-III.NFO,02/09/2024,09:25:29,52290.1,52290,15,52294.95,60,0,13590
BANKNIFTY-III.NFO,02/09/2024,09:25:31,52290.1,52290,15,52290.1,150,0,13590
BANKNIFTY-III.NFO,02/09/2024,09:25:33,52290,52279.25,75,52290.05,15,15,13590
BANKNIFTY-III.NFO,02/09/2024,09:25:34,52290,52279.3,60,52290.1,150,0,13590
BANKNIFTY-III.NFO,02/09/2024,09:25:36,52290,52279.65,60,52290.1,150,0,13590
BANKNIFTY-III.NFO,02/09/2024,09:25:38,52290,52283.75,75,52290.1,150,0,13590
BANKNIFTY-III.NFO,02/09/2024,09:25:39,52290,52286.6,75,52290.1,150,0,13590
BANKNIFTY-III.NFO,02/09/2024,09:25:41,52290,52283.15,60,52290.1,150,0,13590
BANKNIFTY-III.NFO,02/09/2024,09:25:43,52290,52281.35,60,52290,15,0,13590
BANKNIFTY-III.NFO,02/09/2024,09:25:44,52290,52278.55,60,52290,15,0,13590
BANKNIFTY-III.NFO,02/09/2024,09:25:46,52290,52275.4,60,52289.95,60,0,13590
BANKNIFTY-III.NFO,02/09/2024,09:25:48,52290,52277.15,75,52289.95,45,0,13590
BANKNIFTY-III.NFO,02/09/2024,09:25:49,52290,52275.15,90,52289.95,60,0,13590
BANKNIFTY-III.NFO,02/09/2024,09:25:51,52289.95,52277.5,75,52290,15,15,13590
BANKNIFTY-III.NFO,02/09/2024,09:25:53,52289.95,52277.35,75,52289.95,30,0,13590
BANKNIFTY-III.NFO,02/09/2024,09:25:54,52289.95,52276.85,210,52289.95,30,0,13590
BANKNIFTY-III.NFO,02/09/2024,09:25:56,52289.95,52276.9,75,52289.95,30,0,13590
BANKNIFTY-III.NFO,02/09/2024,09:25:58,52289.95,52270.05,75,52289.75,30,0,13590
BANKNIFTY-III.NFO,02/09/2024,09:25:59,52289.95,52270.05,75,52289.35,30,0,13590
BANKNIFTY-III.NFO,02/09/2024,09:26:01,52289.95,52275.05,60,52289.1,45,0,13590
BANKNIFTY-III.NFO,02/09/2024,09:26:03,52289.95,52275.7,60,52289.95,30,0,13590
BANKNIFTY-III.NFO,02/09/2024,09:26:04,52289.95,52275.05,60,52289.9,30,0,13590
BANKNIFTY-III.NFO,02/09/2024,09:26:06,52289.95,52275.05,75,52289.95,45,0,13590
BANKNIFTY-III.NFO,02/09/2024,09:26:09,52289.95,52275,15,52284.35,30,0,13590
BANKNIFTY-III.NFO,02/09/2024,09:26:11,52275,52270,60,52279.3,30,15,13590
BANKNIFTY-III.NFO,02/09/2024,09:26:13,52270,52270,45,52276.85,45,15,13590
BANKNIFTY-III.NFO,02/09/2024,09:26:14,52270,52270.05,60,52283.1,30,0,13590
BANKNIFTY-III.NFO,02/09/2024,09:26:16,52270,52270.05,60,52282.85,30,0,13590
BANKNIFTY-III.NFO,02/09/2024,09:26:17,52270,52270,45,52279.65,30,0,13590
BANKNIFTY-III.NFO,02/09/2024,09:26:19,52270,52270,15,52277.8,30,30,13590
BANKNIFTY-III.NFO,02/09/2024,09:26:21,52270,52265.4,15,52276.45,30,15,13590
BANKNIFTY-III.NFO,02/09/2024,09:26:22,52270,52265.45,60,52277.15,45,0,13590
BANKNIFTY-III.NFO,02/09/2024,09:26:24,52270,52265.4,15,52276.9,30,0,13590
BANKNIFTY-III.NFO,02/09/2024,09:26:26,52270,52265.45,75,52281.45,30,0,13590
BANKNIFTY-III.NFO,02/09/2024,09:26:27,52270,52265.45,75,52284.15,30,0,13590
BANKNIFTY-III.NFO,02/09/2024,09:26:29,52270,52265.7,60,52284.35,30,0,13590
BANKNIFTY-III.NFO,02/09/2024,09:26:31,52270,52268.1,60,52286.5,30,0,13590
BANKNIFTY-III.NFO,02/09/2024,09:26:33,52270,52271.2,75,52288.25,30,0,13590
BANKNIFTY-III.NFO,02/09/2024,09:26:34,52270,52269.6,75,52288.15,30,0,13590
BANKNIFTY-III.NFO,02/09/2024,09:26:36,52270,52267.4,60,52287.8,45,0,13590
BANKNIFTY-III.NFO,02/09/2024,09:26:38,52270,52266,60,52287.7,30,0,13590
BANKNIFTY-III.NFO,02/09/2024,09:26:41,52270,52266,60,52287.8,30,0,13590
BANKNIFTY-III.NFO,02/09/2024,09:26:43,52270,52266.15,60,52287.8,30,0,13590
BANKNIFTY-III.NFO,02/09/2024,09:26:44,52270,52266,60,52287.8,30,0,13590
BANKNIFTY-III.NFO,02/09/2024,09:26:48,52261.25,52264.8,30,52287.6,60,300,13590
BANKNIFTY-III.NFO,02/09/2024,09:26:48,52261.25,52264.8,30,52287.6,60,0,13590
BANKNIFTY-III.NFO,02/09/2024,09:26:49,52261.25,52265.65,30,52287.8,60,0,13590
BANKNIFTY-III.NFO,02/09/2024,09:26:51,52261.25,52266.95,30,52287.8,60,0,13590
BANKNIFTY-III.NFO,02/09/2024,09:26:53,52264.2,52264.2,15,52287.8,60,15,13590
BANKNIFTY-III.NFO,02/09/2024,09:26:54,52264.2,52256.8,15,52279.7,60,0,13590
BANKNIFTY-III.NFO,02/09/2024,09:26:56,52264.2,52259.1,15,52278.55,15,0,13590
BANKNIFTY-III.NFO,02/09/2024,09:26:58,52264.2,52262.85,15,52278.55,15,0,13590
BANKNIFTY-III.NFO,02/09/2024,09:26:59,52264.2,52263.7,15,52278.55,15,0,13590
BANKNIFTY-III.NFO,02/09/2024,09:27:01,52264.2,52261.35,15,52287.8,60,0,13590
BANKNIFTY-III.NFO,02/09/2024,09:27:03,52264.2,52262.45,15,52287.8,60,0,13590
BANKNIFTY-III.NFO,02/09/2024,09:27:04,52264.2,52278.55,15,52287.8,60,0,13590
BANKNIFTY-III.NFO,02/09/2024,09:27:06,52264.2,52278.6,15,52287.8,60,0,13590
BANKNIFTY-III.NFO,02/09/2024,09:27:08,52264.2,52278.55,15,52287.8,60,0,13590
BANKNIFTY-III.NFO,02/09/2024,09:27:09,52264.2,52278.6,15,52287.85,15,0,13590
BANKNIFTY-III.NFO,02/09/2024,09:27:11,52264.2,52278.6,15,52290,30,0,13590
BANKNIFTY-III.NFO,02/09/2024,09:27:14,52264.2,52278.6,15,52289.95,60,0,13590
BANKNIFTY-III.NFO,02/09/2024,09:27:18,52264.2,52278.55,15,52289.95,60,0,13590
BANKNIFTY-III.NFO,02/09/2024,09:27:19,52264.2,52278.6,15,52290,30,0,13590
BANKNIFTY-III.NFO,02/09/2024,09:27:21,52264.2,52278.6,15,52289.95,60,0,13590
BANKNIFTY-III.NFO,02/09/2024,09:27:23,52289.85,52268.1,30,52289.85,60,15,13590
BANKNIFTY-III.NFO,02/09/2024,09:27:24,52289.85,52270.5,30,52289.95,60,0,13590
BANKNIFTY-III.NFO,02/09/2024,09:27:26,52289.85,52272.3,30,52285.9,15,0,13590
BANKNIFTY-III.NFO,02/09/2024,09:27:28,52289.85,52269.95,30,52283.1,165,0,13590
BANKNIFTY-III.NFO,02/09/2024,09:27:29,52289.85,52275.75,30,52286.3,150,0,13590
BANKNIFTY-III.NFO,02/09/2024,09:27:31,52289.85,52274,30,52287.65,60,0,13590
BANKNIFTY-III.NFO,02/09/2024,09:27:33,52289.85,52275.45,30,52285.6,150,0,13590
BANKNIFTY-III.NFO,02/09/2024,09:27:34,52289.85,52272.55,30,52287.35,60,0,13590
BANKNIFTY-III.NFO,02/09/2024,09:27:36,52289.85,52270.5,30,52281.85,75,0,13590
BANKNIFTY-III.NFO,02/09/2024,09:27:38,52289.85,52273.65,30,52284.95,60,0,13590
BANKNIFTY-III.NFO,02/09/2024,09:27:39,52289.85,52272.3,30,52285.4,75,0,13590
BANKNIFTY-III.NFO,02/09/2024,09:27:41,52289.85,52266.7,30,52285.05,75,0,13590
BANKNIFTY-III.NFO,02/09/2024,09:27:43,52289.85,52265,30,52278.25,75,0,13590
BANKNIFTY-III.NFO,02/09/2024,09:27:44,52289.85,52269.7,15,52280.85,60,0,13590
BANKNIFTY-III.NFO,02/09/2024,09:27:46,52289.85,52268.6,30,52280.7,75,0,13590
BANKNIFTY-III.NFO,02/09/2024,09:27:48,52289.85,52268.75,30,52280.55,60,0,13590
BANKNIFTY-III.NFO,02/09/2024,09:27:49,52289.85,52268.3,30,52279.15,75,0,13590
BANKNIFTY-III.NFO,02/09/2024,09:27:51,52289.85,52266.5,30,52278.3,75,0,13590
BANKNIFTY-III.NFO,02/09/2024,09:27:53,52289.85,52265.95,30,52276.2,75,0,13590
BANKNIFTY-III.NFO,02/09/2024,09:27:54,52289.85,52266.6,30,52277.5,60,0,13590
BANKNIFTY-III.NFO,02/09/2024,09:27:56,52289.85,52266.05,30,52277.35,75,0,13590
BANKNIFTY-III.NFO,02/09/2024,09:27:58,52289.85,52262.6,30,52276.4,75,0,13590
BANKNIFTY-III.NFO,02/09/2024,09:27:59,52274.05,52260,15,52274.05,75,15,13935
BANKNIFTY-III.NFO,02/09/2024,09:28:01,52254.95,52250,90,52254.95,75,180,13935
BANKNIFTY-III.NFO,02/09/2024,09:28:01,52250,52250,90,52254.95,75,0,13935
BANKNIFTY-III.NFO,02/09/2024,09:28:03,52254.95,52250,90,52254.95,60,0,13935
BANKNIFTY-III.NFO,02/09/2024,09:28:04,52254.95,52250,90,52254.95,75,0,13935
BANKNIFTY-III.NFO,02/09/2024,09:28:06,52254.95,52250,90,52254.55,75,0,13935
BANKNIFTY-III.NFO,02/09/2024,09:28:08,52254.95,52250,105,52253.2,60,0,13935
BANKNIFTY-III.NFO,02/09/2024,09:28:09,52254.95,52250,105,52254.95,60,0,13935
BANKNIFTY-III.NFO,02/09/2024,09:28:11,52254.95,52250,105,52254.95,45,15,13935
BANKNIFTY-III.NFO,02/09/2024,09:28:13,52254.95,52250,105,52254.95,45,0,13935
BANKNIFTY-III.NFO,02/09/2024,09:28:14,52254.95,52250,105,52254.95,105,0,13935
BANKNIFTY-III.NFO,02/09/2024,09:28:16,52254.95,52250,105,52254.9,45,0,13935
BANKNIFTY-III.NFO,02/09/2024,09:28:18,52254.95,52250,120,52251.75,45,0,13935
BANKNIFTY-III.NFO,02/09/2024,09:28:19,52250,52232.65,75,52249,60,120,13935
BANKNIFTY-III.NFO,02/09/2024,09:28:21,52250,52239.3,75,52251.4,45,0,13935
BANKNIFTY-III.NFO,02/09/2024,09:28:23,52250,52240.95,75,52252.2,45,0,13935
BANKNIFTY-III.NFO,02/09/2024,09:28:24,52250,52245.8,15,52254.9,45,0,13935
BANKNIFTY-III.NFO,02/09/2024,09:28:26,52250,52246.1,15,52254.9,45,0,13935
BANKNIFTY-III.NFO,02/09/2024,09:28:27,52250,52248.85,15,52250,150,0,13935
BANKNIFTY-III.NFO,02/09/2024,09:28:29,52250,52247.35,15,52250,120,30,13935
BANKNIFTY-III.NFO,02/09/2024,09:28:31,52250,52245.35,60,52250,105,15,13935
BANKNIFTY-III.NFO,02/09/2024,09:28:32,52250,52248.2,75,52250,105,0,13935
BANKNIFTY-III.NFO,02/09/2024,09:28:34,52250,52247.65,75,52250,105,0,13935
BANKNIFTY-III.NFO,02/09/2024,09:28:36,52250,52243.2,60,52250,105,0,13935
BANKNIFTY-III.NFO,02/09/2024,09:28:37,52250,52246.4,75,52250,105,0,13935
BANKNIFTY-III.NFO,02/09/2024,09:28:39,52250,52233.45,60,52249.95,60,0,13935
BANKNIFTY-III.NFO,02/09/2024,09:28:41,52250,52237.8,60,52250,105,0,13935
BANKNIFTY-III.NFO,02/09/2024,09:28:43,52250,52240,75,52250,105,0,13935
BANKNIFTY-III.NFO,02/09/2024,09:28:44,52250,52242.1,75,52250,105,0,13935
BANKNIFTY-III.NFO,02/09/2024,09:28:46,52250,52241.45,75,52250,105,0,13935
BANKNIFTY-III.NFO,02/09/2024,09:28:48,52239.5,52242.3,30,52250,105,60,13935
BANKNIFTY-III.NFO,02/09/2024,09:28:48,52239.5,52242.3,30,52250,105,0,13935
BANKNIFTY-III.NFO,02/09/2024,09:28:49,52239.5,52243.8,30,52250,105,0,13935
BANKNIFTY-III.NFO,02/09/2024,09:28:51,52239.5,52244.85,30,52250,105,0,13935
BANKNIFTY-III.NFO,02/09/2024,09:28:54,52239.5,52247.15,30,52250,105,0,13935
BANKNIFTY-III.NFO,02/09/2024,09:28:56,52250,52250.6,180,52255,30,105,13935
BANKNIFTY-III.NFO,02/09/2024,09:28:58,52250,52250.5,15,52255,30,0,13935
BANKNIFTY-III.NFO,02/09/2024,09:28:59,52250,52250.8,15,52255,30,0,13935
BANKNIFTY-III.NFO,02/09/2024,09:29:01,52255,52254.3,30,52260,15,30,13935
BANKNIFTY-III.NFO,02/09/2024,09:29:03,52255,52256,30,52260,15,0,13935
BANKNIFTY-III.NFO,02/09/2024,09:29:04,52255,52257.4,15,52260,15,0,13935
BANKNIFTY-III.NFO,02/09/2024,09:29:06,52255,52256.85,15,52260,15,0,13935
BANKNIFTY-III.NFO,02/09/2024,09:29:08,52255,52255.2,15,52260,15,0,13935
BANKNIFTY-III.NFO,02/09/2024,09:29:09,52255,52258.35,30,52260,15,0,13935
BANKNIFTY-III.NFO,02/09/2024,09:29:11,52260,52262.85,15,52281,60,15,13935
BANKNIFTY-III.NFO,02/09/2024,09:29:13,52260,52262.85,15,52281,60,0,13935
BANKNIFTY-III.NFO,02/09/2024,09:29:14,52260,52263.45,15,52281,60,0,13935
BANKNIFTY-III.NFO,02/09/2024,09:29:17,52260,52260.85,15,52281,60,0,13935
BANKNIFTY-III.NFO,02/09/2024,09:29:19,52260,52261.1,15,52281,60,0,13935
BANKNIFTY-III.NFO,02/09/2024,09:29:21,52260,52261.7,15,52281,60,0,13935
BANKNIFTY-III.NFO,02/09/2024,09:29:22,52260,52260,15,52276.7,60,0,13935
BANKNIFTY-III.NFO,02/09/2024,09:29:24,52260,52260,15,52267.1,60,0,13935
BANKNIFTY-III.NFO,02/09/2024,09:29:26,52260,52260,15,52268.65,75,0,13935
BANKNIFTY-III.NFO,02/09/2024,09:29:27,52260,52260,15,52269.75,60,0,13935
BANKNIFTY-III.NFO,02/09/2024,09:29:29,52260,52260,15,52267.15,60,0,13935
BANKNIFTY-III.NFO,02/09/2024,09:29:31,52260,52260,15,52266.55,60,0,13935
BANKNIFTY-III.NFO,02/09/2024,09:29:32,52260,52260,15,52265.5,75,0,13935
BANKNIFTY-III.NFO,02/09/2024,09:29:34,52260,52260,15,52267.6,75,0,13935
BANKNIFTY-III.NFO,02/09/2024,09:29:36,52260,52260,15,52265.1,60,0,13935
BANKNIFTY-III.NFO,02/09/2024,09:29:37,52260,52260,15,52268,60,0,13935
BANKNIFTY-III.NFO,02/09/2024,09:29:39,52260,52260,15,52267.55,60,0,13935
BANKNIFTY-III.NFO,02/09/2024,09:29:41,52260,52260,15,52265.75,60,0,13935
BANKNIFTY-III.NFO,02/09/2024,09:29:42,52260,52260,15,52264.9,60,0,13935
BANKNIFTY-III.NFO,02/09/2024,09:29:44,52260,52260,15,52263.3,60,0,13935
BANKNIFTY-III.NFO,02/09/2024,09:29:45,52260,52249.75,15,52262.5,60,15,13935
BANKNIFTY-III.NFO,02/09/2024,09:29:47,52260,52260,15,52265.75,60,0,13935
BANKNIFTY-III.NFO,02/09/2024,09:29:49,52260,52260,15,52268.05,75,0,13935
BANKNIFTY-III.NFO,02/09/2024,09:29:50,52260,52260,15,52266.75,60,0,13935
BANKNIFTY-III.NFO,02/09/2024,09:29:52,52260,52260,15,52263.7,210,0,13935
BANKNIFTY-III.NFO,02/09/2024,09:29:54,52260,52260,15,52263.9,75,0,13935
BANKNIFTY-III.NFO,02/09/2024,09:29:55,52260,52260,15,52266.75,75,0,13935
BANKNIFTY-III.NFO,02/09/2024,09:29:57,52260,52260,15,52266.75,300,0,13935
BANKNIFTY-III.NFO,02/09/2024,09:29:59,52260,52249.75,15,52259.75,60,15,13935
BANKNIFTY-III.NFO,02/09/2024,09:30:00,52260,52249.75,15,52261.75,60,0,13935
BANKNIFTY-III.NFO,02/09/2024,09:30:02,52261.75,52249.75,15,52262.8,60,15,13935
BANKNIFTY-III.NFO,02/09/2024,09:30:04,52261.75,52249.75,15,52262.8,60,0,13935
BANKNIFTY-III.NFO,02/09/2024,09:30:07,52261.75,52249.8,30,52266.2,60,0,13935
BANKNIFTY-III.NFO,02/09/2024,09:30:09,52261.75,52249.8,30,52264.5,60,0,13935
BANKNIFTY-III.NFO,02/09/2024,09:30:10,52261.75,52249.8,45,52264.6,60,0,13935
BANKNIFTY-III.NFO,02/09/2024,09:30:12,52261.75,52249.75,15,52259.2,75,0,13935
BANKNIFTY-III.NFO,02/09/2024,09:30:13,52261.75,52249.8,30,52264.15,60,0,13935
BANKNIFTY-III.NFO,02/09/2024,09:30:15,52261.75,52249.75,15,52260.9,60,0,13935
BANKNIFTY-III.NFO,02/09/2024,09:30:17,52261.75,52261.75,15,52264.25,60,0,13935
BANKNIFTY-III.NFO,02/09/2024,09:30:19,52261.75,52249.8,30,52264.15,60,15,13935
BANKNIFTY-III.NFO,02/09/2024,09:30:20,52261.75,52249.75,15,52261.05,75,0,13935
BANKNIFTY-III.NFO,02/09/2024,09:30:22,52261.75,52249.75,15,52259.2,225,0,13935
BANKNIFTY-III.NFO,02/09/2024,09:30:24,52261.75,52249.75,15,52258.1,75,0,13935
BANKNIFTY-III.NFO,02/09/2024,09:30:25,52261.75,52249.75,15,52262.15,75,0,13935
BANKNIFTY-III.NFO,02/09/2024,09:30:27,52261.75,52249.8,30,52262.75,75,0,13935
BANKNIFTY-III.NFO,02/09/2024,09:30:28,52261.75,52249.75,15,52260.9,75,0,13935
BANKNIFTY-III.NFO,02/09/2024,09:30:30,52261.75,52249.75,15,52261.7,75,0,13935
BANKNIFTY-III.NFO,02/09/2024,09:30:32,52261.75,52249.75,15,52261.4,60,0,13935
BANKNIFTY-III.NFO,02/09/2024,09:30:33,52261.75,52249.8,30,52262.45,75,0,13935
BANKNIFTY-III.NFO,02/09/2024,09:30:35,52261.75,52249.75,15,52261.2,75,0,13935
BANKNIFTY-III.NFO,02/09/2024,09:30:37,52261.75,52261.75,15,52264.7,60,0,13935
BANKNIFTY-III.NFO,02/09/2024,09:30:38,52261.75,52249.8,45,52266.6,75,15,14070
BANKNIFTY-III.NFO,02/09/2024,09:30:40,52261.75,52249.8,45,52266.05,75,0,14070
BANKNIFTY-III.NFO,02/09/2024,09:30:42,52261.75,52249.8,45,52265.15,225,0,14070
BANKNIFTY-III.NFO,02/09/2024,09:30:43,52261.75,52249.75,15,52262.5,60,0,14070
BANKNIFTY-III.NFO,02/09/2024,09:30:45,52261.75,52249.75,15,52260.45,300,0,14070
BANKNIFTY-III.NFO,02/09/2024,09:30:47,52261.75,52249.8,30,52262.6,75,0,14070
BANKNIFTY-III.NFO,02/09/2024,09:30:49,52261.75,52249.8,45,52266.6,75,0,14070
BANKNIFTY-III.NFO,02/09/2024,09:30:50,52261.75,52249.8,45,52267.45,60,0,14070
BANKNIFTY-III.NFO,02/09/2024,09:30:52,52261.75,52250.45,30,52271.25,60,0,14070
BANKNIFTY-III.NFO,02/09/2024,09:30:53,52261.75,52251.75,30,52273.75,60,0,14070
BANKNIFTY-III.NFO,02/09/2024,09:30:55,52261.75,52255.6,30,52276.75,60,0,14070
BANKNIFTY-III.NFO,02/09/2024,09:30:57,52261.75,52255.6,30,52275.75,60,0,14070
BANKNIFTY-III.NFO,02/09/2024,09:30:58,52261.75,52251.75,30,52271.55,15,0,14070
BANKNIFTY-III.NFO,02/09/2024,09:31:00,52261.75,52251.75,30,52273.3,210,0,14070
BANKNIFTY-III.NFO,02/09/2024,09:31:02,52261.75,52251.85,30,52270.35,15,0,14070
BANKNIFTY-III.NFO,02/09/2024,09:31:03,52261.75,52261.8,30,52271.4,60,0,14070
BANKNIFTY-III.NFO,02/09/2024,09:31:05,52261.75,52261.8,30,52272.95,75,0,14070
BANKNIFTY-III.NFO,02/09/2024,09:31:07,52261.75,52261.75,30,52270.25,60,0,14070
BANKNIFTY-III.NFO,02/09/2024,09:31:08,52261.75,52249.8,45,52263.4,60,30,14070
BANKNIFTY-III.NFO,02/09/2024,09:31:10,52261.75,52249.8,30,52261.7,120,0,14070
BANKNIFTY-III.NFO,02/09/2024,09:31:12,52261.75,52249.8,30,52260.65,75,0,14070
BANKNIFTY-III.NFO,02/09/2024,09:31:13,52261.75,52249.75,15,52257.7,75,0,14070
BANKNIFTY-III.NFO,02/09/2024,09:31:15,52261.75,52249.75,15,52256.2,75,0,14070
BANKNIFTY-III.NFO,02/09/2024,09:31:16,52261.75,52249.75,15,52254.4,60,0,14070
BANKNIFTY-III.NFO,02/09/2024,09:31:18,52254.4,52249.75,15,52257.4,120,15,14070
BANKNIFTY-III.NFO,02/09/2024,09:31:20,52254.4,52249.8,45,52262.8,75,0,14070
BANKNIFTY-III.NFO,02/09/2024,09:31:21,52254.4,52249.8,45,52260.85,120,0,14070
BANKNIFTY-III.NFO,02/09/2024,09:31:23,52254.4,52249.75,15,52257.5,180,0,14070
BANKNIFTY-III.NFO,02/09/2024,09:31:25,52254.4,52249.75,15,52256.35,90,0,14070
BANKNIFTY-III.NFO,02/09/2024,09:31:26,52254.4,52249.75,15,52257.45,60,0,14070
BANKNIFTY-III.NFO,02/09/2024,09:31:28,52254.4,52249.75,15,52259.8,180,0,14070
BANKNIFTY-III.NFO,02/09/2024,09:31:30,52254.4,52249.8,45,52261.15,75,0,14070
BANKNIFTY-III.NFO,02/09/2024,09:31:31,52254.4,52249.8,45,52260.8,60,0,14070
BANKNIFTY-III.NFO,02/09/2024,09:31:33,52254.4,52249.75,15,52257.85,75,0,14070
BANKNIFTY-III.NFO,02/09/2024,09:31:35,52254.4,52249.75,30,52261.4,60,0,14070
BANKNIFTY-III.NFO,02/09/2024,09:31:36,52254.4,52249.75,15,52257.8,60,0,14070
BANKNIFTY-III.NFO,02/09/2024,09:31:38,52254.4,52249.75,15,52261.2,60,0,14070
BANKNIFTY-III.NFO,02/09/2024,09:31:40,52254.4,52249.75,15,52257.25,60,0,14070
BANKNIFTY-III.NFO,02/09/2024,09:31:41,52254.4,52249.75,15,52256.1,60,0,14070
BANKNIFTY-III.NFO,02/09/2024,09:31:43,52254.4,52249.75,15,52255.1,75,0,14070
BANKNIFTY-III.NFO,02/09/2024,09:31:45,52254.4,52249.75,15,52260.5,60,0,14070
BANKNIFTY-III.NFO,02/09/2024,09:31:46,52254.4,52249.75,15,52258.25,60,0,14070
BANKNIFTY-III.NFO,02/09/2024,09:31:48,52254.4,52249.75,15,52260.15,75,0,14070
BANKNIFTY-III.NFO,02/09/2024,09:31:50,52254.4,52249.75,15,52259.15,75,0,14070
BANKNIFTY-III.NFO,02/09/2024,09:31:51,52254.4,52249.75,15,52258.2,60,0,14070
BANKNIFTY-III.NFO,02/09/2024,09:31:53,52254.4,52249.75,15,52256.15,60,0,14070
BANKNIFTY-III.NFO,02/09/2024,09:31:55,52254.4,52249.75,15,52256.05,60,0,14070
BANKNIFTY-III.NFO,02/09/2024,09:31:56,52254.4,52249.75,15,52252.4,60,0,14070
BANKNIFTY-III.NFO,02/09/2024,09:31:58,52254.4,52249.75,15,52256.1,60,0,14070
BANKNIFTY-III.NFO,02/09/2024,09:32:00,52254.4,52249.75,15,52253.05,60,0,14070
BANKNIFTY-III.NFO,02/09/2024,09:32:01,52249.75,52240,30,52250.55,75,15,14070
BANKNIFTY-III.NFO,02/09/2024,09:32:03,52249.75,52240.05,60,52256.8,75,0,14070
BANKNIFTY-III.NFO,02/09/2024,09:32:05,52249.75,52240.05,45,52254.4,75,0,14070
BANKNIFTY-III.NFO,02/09/2024,09:32:06,52249.75,52240.05,45,52253.15,75,0,14070
BANKNIFTY-III.NFO,02/09/2024,09:32:08,52249.75,52240.05,60,52256.85,60,0,14070
BANKNIFTY-III.NFO,02/09/2024,09:32:10,52249.75,52240.05,60,52261.45,60,0,14070
BANKNIFTY-III.NFO,02/09/2024,09:32:11,52249.75,52241.85,45,52261.85,60,0,14070
BANKNIFTY-III.NFO,02/09/2024,09:32:13,52249.75,52244.95,45,52262.8,60,0,14070
BANKNIFTY-III.NFO,02/09/2024,09:32:15,52249.75,52245.5,45,52265.95,75,0,14070
BANKNIFTY-III.NFO,02/09/2024,09:32:16,52249.75,52249.15,45,52266.6,60,0,14070
BANKNIFTY-III.NFO,02/09/2024,09:32:18,52249.75,52250.2,45,52267.55,75,0,14070
BANKNIFTY-III.NFO,02/09/2024,09:32:20,52249.75,52247.35,45,52265.45,75,0,14070
BANKNIFTY-III.NFO,02/09/2024,09:32:21,52249.75,52249.75,15,52263.5,60,0,14070
BANKNIFTY-III.NFO,02/09/2024,09:32:23,52249.75,52249.8,60,52264.9,60,0,14070
BANKNIFTY-III.NFO,02/09/2024,09:32:25,52249.75,52249.75,15,52261.15,60,0,14070
BANKNIFTY-III.NFO,02/09/2024,09:32:26,52249.75,52249.75,15,52262.15,60,0,14070
BANKNIFTY-III.NFO,02/09/2024,09:32:28,52249.75,52249.75,15,52261.15,75,0,14070
BANKNIFTY-III.NFO,02/09/2024,09:32:30,52249.75,52249.75,15,52262.8,60,0,14070
BANKNIFTY-III.NFO,02/09/2024,09:32:31,52249.75,52249.75,15,52263.75,60,0,14070
BANKNIFTY-III.NFO,02/09/2024,09:32:33,52249.75,52249.75,15,52261.85,60,0,14070
BANKNIFTY-III.NFO,02/09/2024,09:32:35,52249.75,52249.75,15,52261.65,60,0,14070
BANKNIFTY-III.NFO,02/09/2024,09:32:36,52249.75,52249.75,15,52260.6,75,0,14070
BANKNIFTY-III.NFO,02/09/2024,09:32:38,52249.75,52249.75,15,52262.4,75,0,14070
BANKNIFTY-III.NFO,02/09/2024,09:32:40,52249.75,52249.8,60,52264.85,60,0,14070
BANKNIFTY-III.NFO,02/09/2024,09:32:41,52249.75,52249.8,60,52262.85,60,0,14070
BANKNIFTY-III.NFO,02/09/2024,09:32:43,52249.75,52249.9,45,52263.75,60,0,14070
BANKNIFTY-III.NFO,02/09/2024,09:32:45,52249.75,52249.8,60,52265.55,60,0,14070
BANKNIFTY-III.NFO,02/09/2024,09:32:46,52249.75,52249.8,60,52266.85,75,0,14070
BANKNIFTY-III.NFO,02/09/2024,09:32:48,52249.75,52249.8,60,52266.65,60,0,14070
BANKNIFTY-III.NFO,02/09/2024,09:32:50,52249.75,52249.75,15,52260.2,75,0,14070
BANKNIFTY-III.NFO,02/09/2024,09:32:51,52249.75,52249.75,15,52260.85,60,0,14070
BANKNIFTY-III.NFO,02/09/2024,09:32:53,52259.9,52242.6,60,52259.9,75,15,14070
BANKNIFTY-III.NFO,02/09/2024,09:32:55,52259.9,52244.1,75,52262.6,75,0,14070
BANKNIFTY-III.NFO,02/09/2024,09:32:56,52259.9,52244.1,60,52261.85,75,0,14070
BANKNIFTY-III.NFO,02/09/2024,09:32:58,52259.9,52243.05,60,52262.7,60,0,14070
BANKNIFTY-III.NFO,02/09/2024,09:33:00,52259.9,52248.15,60,52267.05,60,0,14070
BANKNIFTY-III.NFO,02/09/2024,09:33:01,52259.9,52244.75,60,52263.45,75,0,14070
BANKNIFTY-III.NFO,02/09/2024,09:33:03,52259.9,52247.1,60,52265.6,75,0,14070
BANKNIFTY-III.NFO,02/09/2024,09:33:05,52259.9,52253,60,52269.1,60,0,14070
BANKNIFTY-III.NFO,02/09/2024,09:33:06,52259.9,52253.65,60,52273.75,75,0,14070
BANKNIFTY-III.NFO,02/09/2024,09:33:08,52259.9,52249.65,60,52269.55,75,0,14070
BANKNIFTY-III.NFO,02/09/2024,09:33:10,52259.9,52252.95,75,52271.85,75,0,14070
BANKNIFTY-III.NFO,02/09/2024,09:33:11,52259.9,52257.25,60,52274.2,60,0,14070
BANKNIFTY-III.NFO,02/09/2024,09:33:13,52259.9,52260,60,52278.5,60,0,14070
BANKNIFTY-III.NFO,02/09/2024,09:33:15,52259.9,52256.4,60,52275.5,75,0,14070
BANKNIFTY-III.NFO,02/09/2024,09:33:17,52259.9,52257.6,60,52277,75,0,14070
BANKNIFTY-III.NFO,02/09/2024,09:33:18,52259.9,52258.45,60,52276.95,75,0,14070
BANKNIFTY-III.NFO,02/09/2024,09:33:20,52259.9,52259.9,60,52278.6,75,0,14070
BANKNIFTY-III.NFO,02/09/2024,09:33:21,52259.9,52260.5,60,52279.4,75,0,14070
BANKNIFTY-III.NFO,02/09/2024,09:33:23,52259.9,52262.55,60,52279.95,60,0,14070
BANKNIFTY-III.NFO,02/09/2024,09:33:25,52259.9,52259.65,60,52278.75,75,0,14070
BANKNIFTY-III.NFO,02/09/2024,09:33:26,52259.9,52257.45,60,52276.75,60,0,14070
BANKNIFTY-III.NFO,02/09/2024,09:33:28,52276.95,52260.5,60,52279.95,60,15,14070
BANKNIFTY-III.NFO,02/09/2024,09:33:30,52276.95,52259.75,75,52278.55,45,0,14070
BANKNIFTY-III.NFO,02/09/2024,09:33:31,52276.95,52254.2,75,52272.65,45,0,14070
BANKNIFTY-III.NFO,02/09/2024,09:33:33,52272.65,52252.8,75,52272.25,45,15,14145
BANKNIFTY-III.NFO,02/09/2024,09:33:35,52272.65,52252.45,75,52270.6,30,0,14145
BANKNIFTY-III.NFO,02/09/2024,09:33:36,52272.65,52255.75,75,52274.4,30,0,14145
BANKNIFTY-III.NFO,02/09/2024,09:33:38,52272.65,52255.4,75,52274.55,30,0,14145
BANKNIFTY-III.NFO,02/09/2024,09:33:39,52272.65,52253.9,90,52272.4,30,0,14145
BANKNIFTY-III.NFO,02/09/2024,09:33:41,52272.65,52253.25,75,52272.45,45,0,14145
BANKNIFTY-III.NFO,02/09/2024,09:33:43,52269.7,52250.55,75,52269.7,15,60,14145
BANKNIFTY-III.NFO,02/09/2024,09:33:44,52269.7,52244.8,75,52264,120,0,14145
BANKNIFTY-III.NFO,02/09/2024,09:33:46,52264.05,52245.05,75,52264.3,120,15,14145
BANKNIFTY-III.NFO,02/09/2024,09:33:48,52264.05,52245.65,90,52264.7,15,0,14145
BANKNIFTY-III.NFO,02/09/2024,09:33:49,52264.05,52246.6,75,52265.6,15,0,14145
BANKNIFTY-III.NFO,02/09/2024,09:33:51,52264.05,52251.05,60,52269.85,120,0,14145
BANKNIFTY-III.NFO,02/09/2024,09:33:53,52264.05,52254.6,60,52274.55,120,0,14145
BANKNIFTY-III.NFO,02/09/2024,09:33:54,52264.05,52254,60,52273.3,15,0,14145
BANKNIFTY-III.NFO,02/09/2024,09:33:56,52264.05,52254.9,60,52274.1,135,0,14145
BANKNIFTY-III.NFO,02/09/2024,09:33:58,52264.05,52252.05,60,52271.5,255,0,14145
BANKNIFTY-III.NFO,02/09/2024,09:33:59,52264.05,52255.6,60,52275.2,135,0,14145
BANKNIFTY-III.NFO,02/09/2024,09:34:01,52264.05,52256.45,60,52275.55,135,0,14145
BANKNIFTY-III.NFO,02/09/2024,09:34:03,52264.05,52257.05,60,52276,135,0,14145
BANKNIFTY-III.NFO,02/09/2024,09:34:04,52264.05,52257.05,60,52275.65,120,0,14145
BANKNIFTY-III.NFO,02/09/2024,09:34:06,52264.05,52255.6,60,52274.75,15,0,14145
BANKNIFTY-III.NFO,02/09/2024,09:34:08,52264.05,52258.45,60,52277.65,120,0,14145
BANKNIFTY-III.NFO,02/09/2024,09:34:09,52264.05,52258.5,75,52277.6,135,0,14145
BANKNIFTY-III.NFO,02/09/2024,09:34:11,52264.05,52257.8,60,52277.45,120,0,14145
BANKNIFTY-III.NFO,02/09/2024,09:34:13,52264.05,52258.7,75,52277.8,120,0,14145
BANKNIFTY-III.NFO,02/09/2024,09:34:14,52264.05,52256.55,60,52275.9,15,0,14145
BANKNIFTY-III.NFO,02/09/2024,09:34:16,52264.05,52260.95,60,52279.8,15,0,14145
BANKNIFTY-III.NFO,02/09/2024,09:34:18,52264.05,52259,75,52278.4,135,0,14145
BANKNIFTY-III.NFO,02/09/2024,09:34:19,52264.05,52258.4,75,52278.35,135,0,14145
BANKNIFTY-III.NFO,02/09/2024,09:34:21,52264.05,52251.55,75,52270.15,15,0,14145
BANKNIFTY-III.NFO,02/09/2024,09:34:23,52264.05,52254.3,75,52273.7,135,0,14145
BANKNIFTY-III.NFO,02/09/2024,09:34:24,52269.7,52264.05,15,52270.4,120,30,14145
BANKNIFTY-III.NFO,02/09/2024,09:34:26,52269.7,52264.05,15,52270.2,135,0,14145
BANKNIFTY-III.NFO,02/09/2024,09:34:28,52269.7,52264.05,15,52269.05,105,0,14145
BANKNIFTY-III.NFO,02/09/2024,09:34:29,52269.7,52264.05,45,52269.8,90,0,14145
BANKNIFTY-III.NFO,02/09/2024,09:34:31,52269.7,52264.05,45,52264.75,135,0,14145
BANKNIFTY-III.NFO,02/09/2024,09:34:33,52264.05,52241.4,75,52260.35,90,45,14145
BANKNIFTY-III.NFO,02/09/2024,09:34:34,52264.05,52244.25,75,52263.15,90,0,14145
BANKNIFTY-III.NFO,02/09/2024,09:34:36,52264.05,52240.05,75,52257.85,15,0,14145
BANKNIFTY-III.NFO,02/09/2024,09:34:38,52258.25,52240.05,75,52258.3,15,15,14145
BANKNIFTY-III.NFO,02/09/2024,09:34:39,52258.25,52243.25,60,52262.55,165,0,14145
BANKNIFTY-III.NFO,02/09/2024,09:34:41,52258.25,52247.15,60,52264.9,30,0,14145
BANKNIFTY-III.NFO,02/09/2024,09:34:43,52258.25,52248.25,60,52264.9,15,0,14145
BANKNIFTY-III.NFO,02/09/2024,09:34:44,52258.25,52245.95,60,52264.75,15,0,14145
BANKNIFTY-III.NFO,02/09/2024,09:34:46,52258.25,52248.9,60,52264.7,15,0,14145
BANKNIFTY-III.NFO,02/09/2024,09:34:48,52258.25,52248.9,60,52267.8,15,0,14145
BANKNIFTY-III.NFO,02/09/2024,09:34:49,52258.25,52245.75,60,52264.55,90,0,14145
BANKNIFTY-III.NFO,02/09/2024,09:34:51,52258.25,52246.55,60,52264.9,90,0,14145
BANKNIFTY-III.NFO,02/09/2024,09:34:53,52258.25,52247.75,60,52267.2,75,0,14145
BANKNIFTY-III.NFO,02/09/2024,09:34:54,52258.25,52248.7,60,52267.1,90,0,14145
BANKNIFTY-III.NFO,02/09/2024,09:34:56,52258.25,52248.7,60,52267.85,75,0,14145
BANKNIFTY-III.NFO,02/09/2024,09:34:58,52258.25,52248.7,60,52266.4,15,0,14145
BANKNIFTY-III.NFO,02/09/2024,09:35:00,52258.25,52249.4,60,52268.45,165,0,14145
BANKNIFTY-III.NFO,02/09/2024,09:35:01,52258.25,52253.95,60,52268.9,15,0,14145
BANKNIFTY-III.NFO,02/09/2024,09:35:03,52258.25,52246.95,75,52266.2,90,0,14145
BANKNIFTY-III.NFO,02/09/2024,09:35:05,52258.25,52248.85,75,52266.85,15,0,14145
BANKNIFTY-III.NFO,02/09/2024,09:35:06,52258.25,52251.1,75,52268.7,165,0,14145
BANKNIFTY-III.NFO,02/09/2024,09:35:08,52258.25,52254.25,75,52271.7,30,0,14145
BANKNIFTY-III.NFO,02/09/2024,09:35:10,52258.25,52255.8,75,52271.7,15,0,14145
BANKNIFTY-III.NFO,02/09/2024,09:35:11,52258.25,52258.5,60,52271.7,15,0,14145
BANKNIFTY-III.NFO,02/09/2024,09:35:13,52258.25,52262.2,60,52280.55,30,0,14145
BANKNIFTY-III.NFO,02/09/2024,09:35:15,52258.25,52262,60,52280.45,30,0,14145
BANKNIFTY-III.NFO,02/09/2024,09:35:16,52258.25,52270.2,60,52281,15,0,14145
BANKNIFTY-III.NFO,02/09/2024,09:35:18,52258.25,52274.85,15,52281,15,0,14145
BANKNIFTY-III.NFO,02/09/2024,09:35:19,52258.25,52273.1,60,52281,15,0,14145
BANKNIFTY-III.NFO,02/09/2024,09:35:21,52258.25,52269.6,165,52281,15,0,14145
BANKNIFTY-III.NFO,02/09/2024,09:35:23,52258.25,52267.25,60,52281,15,0,14145
BANKNIFTY-III.NFO,02/09/2024,09:35:24,52258.25,52270.7,60,52281,15,0,14145
BANKNIFTY-III.NFO,02/09/2024,09:35:26,52258.25,52269.75,75,52281,15,0,14145
BANKNIFTY-III.NFO,02/09/2024,09:35:28,52258.25,52263.3,75,52281,30,0,14145
BANKNIFTY-III.NFO,02/09/2024,09:35:29,52258.25,52266.7,75,52281,15,0,14145
BANKNIFTY-III.NFO,02/09/2024,09:35:31,52258.25,52266.25,75,52281,15,0,14145
BANKNIFTY-III.NFO,02/09/2024,09:35:33,52258.25,52265.6,75,52281,15,0,14145
BANKNIFTY-III.NFO,02/09/2024,09:35:34,52258.25,52268.45,75,52281,15,0,14145
BANKNIFTY-III.NFO,02/09/2024,09:35:36,52258.25,52268.4,75,52281,15,0,14145
BANKNIFTY-III.NFO,02/09/2024,09:35:38,52258.25,52265.9,75,52281,15,0,14145
BANKNIFTY-III.NFO,02/09/2024,09:35:39,52258.25,52269.55,75,52281,15,0,14145
BANKNIFTY-III.NFO,02/09/2024,09:35:41,52258.25,52265.15,60,52281,15,0,14145
BANKNIFTY-III.NFO,02/09/2024,09:35:43,52258.25,52263.7,75,52281,30,0,14145
BANKNIFTY-III.NFO,02/09/2024,09:35:44,52280.3,52263.05,60,52281,30,15,14145
BANKNIFTY-III.NFO,02/09/2024,09:35:46,52280.3,52265.65,75,52281,15,0,14145
BANKNIFTY-III.NFO,02/09/2024,09:35:49,52280.3,52264.85,75,52281,30,0,14145
BANKNIFTY-III.NFO,02/09/2024,09:35:51,52280.3,52259.2,60,52279.05,90,0,14145
BANKNIFTY-III.NFO,02/09/2024,09:35:52,52280.3,52258.25,75,52277.3,15,0,14145
BANKNIFTY-III.NFO,02/09/2024,09:35:54,52280.3,52262.25,60,52279.65,15,0,14145
BANKNIFTY-III.NFO,02/09/2024,09:35:56,52280.3,52271.1,60,52281,15,0,14145
BANKNIFTY-III.NFO,02/09/2024,09:35:57,52280.3,52268.75,75,52281,15,0,14145
BANKNIFTY-III.NFO,02/09/2024,09:36:01,52280.3,52265.95,60,52281,15,0,14145
BANKNIFTY-III.NFO,02/09/2024,09:36:02,52280.3,52262.05,60,52281,30,0,14145
BANKNIFTY-III.NFO,02/09/2024,09:36:04,52280.3,52265.35,75,52281,15,0,14145
BANKNIFTY-III.NFO,02/09/2024,09:36:06,52280.3,52262.5,60,52281,30,0,14145
BANKNIFTY-III.NFO,02/09/2024,09:36:07,52280.3,52261.2,60,52279.25,15,0,14145
BANKNIFTY-III.NFO,02/09/2024,09:36:09,52280.3,52261.65,75,52281,30,0,14145
BANKNIFTY-III.NFO,02/09/2024,09:36:11,52280.3,52260.1,75,52279.65,90,0,14145
BANKNIFTY-III.NFO,02/09/2024,09:36:12,52280.3,52265.1,75,52281,15,0,14145
BANKNIFTY-III.NFO,02/09/2024,09:36:14,52280.3,52267.85,75,52281,15,0,14145
BANKNIFTY-III.NFO,02/09/2024,09:36:16,52280.3,52273.2,60,52281,15,0,14145
BANKNIFTY-III.NFO,02/09/2024,09:36:17,52280.3,52270.85,75,52281,15,0,14145
BANKNIFTY-III.NFO,02/09/2024,09:36:19,52280.3,52269.3,75,52281,15,0,14145
BANKNIFTY-III.NFO,02/09/2024,09:36:21,52280.3,52265.1,75,52281,15,0,14145
BANKNIFTY-III.NFO,02/09/2024,09:36:22,52281,52264.65,60,52283.65,90,15,14145
BANKNIFTY-III.NFO,02/09/2024,09:36:24,52281,52266.7,75,52284.2,90,0,14145
BANKNIFTY-III.NFO,02/09/2024,09:36:26,52281,52262.5,60,52280.6,15,0,14145
BANKNIFTY-III.NFO,02/09/2024,09:36:27,52281,52263.5,75,52280.55,30,0,14145
BANKNIFTY-III.NFO,02/09/2024,09:36:29,52281,52259.8,75,52277.5,15,0,14145
BANKNIFTY-III.NFO,02/09/2024,09:36:31,52281,52260.4,75,52278.15,15,0,14145
BANKNIFTY-III.NFO,02/09/2024,09:36:32,52281,52256.8,75,52274.5,15,0,14145
BANKNIFTY-III.NFO,02/09/2024,09:36:34,52281,52258.45,60,52276.6,75,0,14145
BANKNIFTY-III.NFO,02/09/2024,09:36:36,52281,52258.45,60,52277.4,15,0,14145
BANKNIFTY-III.NFO,02/09/2024,09:36:37,52281,52256.85,60,52275.4,45,0,14145
BANKNIFTY-III.NFO,02/09/2024,09:36:39,52281,52260.3,75,52275.4,30,0,14145
BANKNIFTY-III.NFO,02/09/2024,09:36:41,52281,52258.95,60,52275.4,45,0,14145
BANKNIFTY-III.NFO,02/09/2024,09:36:42,52281,52257.1,75,52274.05,45,0,14145
BANKNIFTY-III.NFO,02/09/2024,09:36:44,52281,52260.95,75,52273.9,15,0,14145
BANKNIFTY-III.NFO,02/09/2024,09:36:46,52281,52261.05,60,52273.8,15,0,14145
BANKNIFTY-III.NFO,02/09/2024,09:36:47,52281,52262.15,60,52277.25,30,0,14145
BANKNIFTY-III.NFO,02/09/2024,09:36:51,52281,52258.15,60,52275.9,15,0,14145
BANKNIFTY-III.NFO,02/09/2024,09:36:52,52281,52257.1,75,52274.4,30,0,14145
BANKNIFTY-III.NFO,02/09/2024,09:36:54,52281,52259,165,52274.4,30,0,14145
BANKNIFTY-III.NFO,02/09/2024,09:36:56,52281,52254.55,75,52271.2,45,0,14145
BANKNIFTY-III.NFO,02/09/2024,09:36:57,52281,52252.95,75,52271.2,45,0,14145
BANKNIFTY-III.NFO,02/09/2024,09:36:59,52281,52254,75,52271.05,45,0,14145
BANKNIFTY-III.NFO,02/09/2024,09:37:00,52281,52250.75,75,52269.55,75,0,14145
BANKNIFTY-III.NFO,02/09/2024,09:37:02,52281,52247.35,60,52264.95,60,0,14145
BANKNIFTY-III.NFO,02/09/2024,09:37:04,52281,52242.75,75,52260.75,90,0,14145
BANKNIFTY-III.NFO,02/09/2024,09:37:06,52281,52240.05,75,52258.05,75,0,14145
BANKNIFTY-III.NFO,02/09/2024,09:37:07,52281,52240,15,52249.95,75,0,14145
BANKNIFTY-III.NFO,02/09/2024,09:37:09,52281,52240.05,75,52255.1,15,0,14145
BANKNIFTY-III.NFO,02/09/2024,09:37:11,52281,52240.1,60,52255.1,15,0,14145
BANKNIFTY-III.NFO,02/09/2024,09:37:12,52281,52240,15,52251.35,45,0,14145
BANKNIFTY-III.NFO,02/09/2024,09:37:14,52281,52240,15,52251.35,30,0,14145
BANKNIFTY-III.NFO,02/09/2024,09:37:16,52281,52240.85,75,52257.3,30,0,14145
BANKNIFTY-III.NFO,02/09/2024,09:37:17,52281,52240,15,52252.6,75,0,14145
BANKNIFTY-III.NFO,02/09/2024,09:37:19,52281,52240,15,52249.65,75,0,14145
BANKNIFTY-III.NFO,02/09/2024,09:37:21,52281,52230.05,60,52248.1,90,0,14145
BANKNIFTY-III.NFO,02/09/2024,09:37:22,52281,52232.5,60,52247.75,15,0,14145
BANKNIFTY-III.NFO,02/09/2024,09:37:24,52281,52234.85,75,52254.2,165,0,14145
BANKNIFTY-III.NFO,02/09/2024,09:37:26,52281,52234.7,75,52252.95,60,0,14145
BANKNIFTY-III.NFO,02/09/2024,09:37:27,52281,52237.1,60,52254.2,30,0,14145
BANKNIFTY-III.NFO,02/09/2024,09:37:29,52281,52235.45,75,52253.45,150,0,14145
BANKNIFTY-III.NFO,02/09/2024,09:37:30,52255.25,52238.8,75,52255.3,15,15,14355
BANKNIFTY-III.NFO,02/09/2024,09:37:32,52255.25,52240.5,60,52255.3,15,0,14355
BANKNIFTY-III.NFO,02/09/2024,09:37:34,52255.25,52242.95,75,52255.2,15,0,14355
BANKNIFTY-III.NFO,02/09/2024,09:37:35,52255.25,52241.9,75,52255.2,15,0,14355
BANKNIFTY-III.NFO,02/09/2024,09:37:37,52255.2,52238.85,60,52255.4,30,15,14355
BANKNIFTY-III.NFO,02/09/2024,09:37:39,52255.2,52236.75,75,52254.45,30,0,14355
BANKNIFTY-III.NFO,02/09/2024,09:37:40,52255.2,52235.05,60,52252.55,15,0,14355
BANKNIFTY-III.NFO,02/09/2024,09:37:42,52255.2,52235.7,75,52252.5,15,0,14355
BANKNIFTY-III.NFO,02/09/2024,09:37:44,52255.2,52237.55,75,52252.5,15,0,14355
BANKNIFTY-III.NFO,02/09/2024,09:37:45,52255.2,52242.55,225,52252.5,15,0,14355
BANKNIFTY-III.NFO,02/09/2024,09:37:47,52255.2,52242.6,60,52252.5,15,0,14355
BANKNIFTY-III.NFO,02/09/2024,09:37:49,52255.2,52240.8,75,52252.5,15,0,14355
BANKNIFTY-III.NFO,02/09/2024,09:37:50,52255.2,52238.2,75,52252.5,15,0,14355
BANKNIFTY-III.NFO,02/09/2024,09:37:52,52255.2,52239.95,60,52252.5,15,0,14355
BANKNIFTY-III.NFO,02/09/2024,09:37:53,52255.2,52245.8,60,52262.8,30,0,14355
BANKNIFTY-III.NFO,02/09/2024,09:37:55,52255.2,52244.1,75,52261.1,15,0,14355
BANKNIFTY-III.NFO,02/09/2024,09:37:57,52255.2,52244.25,75,52260.45,30,0,14355
BANKNIFTY-III.NFO,02/09/2024,09:37:58,52255.2,52244.8,75,52260.45,30,0,14355
BANKNIFTY-III.NFO,02/09/2024,09:38:00,52255.2,52244.2,75,52259.05,30,0,14355
BANKNIFTY-III.NFO,02/09/2024,09:38:02,52255.2,52245,60,52259.05,30,0,14355
BANKNIFTY-III.NFO,02/09/2024,09:38:03,52255.2,52252.25,75,52267.65,30,0,14355
BANKNIFTY-III.NFO,02/09/2024,09:38:05,52255.2,52255.45,75,52267.65,15,0,14355
BANKNIFTY-III.NFO,02/09/2024,09:38:07,52255.2,52258.5,75,52276.05,30,0,14355
BANKNIFTY-III.NFO,02/09/2024,09:38:08,52255.2,52260.85,75,52275.7,15,0,14355
BANKNIFTY-III.NFO,02/09/2024,09:38:10,52255.2,52259.3,75,52275.5,45,0,14355
BANKNIFTY-III.NFO,02/09/2024,09:38:12,52255.2,52255.1,75,52272.05,15,0,14355
BANKNIFTY-III.NFO,02/09/2024,09:38:13,52255.2,52256.9,75,52271.9,15,0,14355
BANKNIFTY-III.NFO,02/09/2024,09:38:15,52255.2,52253.65,75,52271.2,30,0,14355
BANKNIFTY-III.NFO,02/09/2024,09:38:16,52255.2,52254.65,75,52272.35,75,0,14355
BANKNIFTY-III.NFO,02/09/2024,09:38:18,52255.2,52256.4,75,52273.25,45,0,14355
BANKNIFTY-III.NFO,02/09/2024,09:38:20,52255.2,52256.35,60,52274.35,15,0,14355
BANKNIFTY-III.NFO,02/09/2024,09:38:21,52255.2,52254.7,60,52272.25,90,0,14355
BANKNIFTY-III.NFO,02/09/2024,09:38:23,52255.2,52248.8,75,52267.2,15,0,14355
BANKNIFTY-III.NFO,02/09/2024,09:38:25,52255.2,52247.85,75,52265.5,15,0,14355
BANKNIFTY-III.NFO,02/09/2024,09:38:26,52255.2,52249.6,75,52267.1,15,0,14355
BANKNIFTY-III.NFO,02/09/2024,09:38:28,52255.2,52246.35,75,52255.2,15,0,14355
BANKNIFTY-III.NFO,02/09/2024,09:38:30,52255.2,52250.3,75,52255.2,15,0,14355
BANKNIFTY-III.NFO,02/09/2024,09:38:31,52255.2,52251.85,60,52269.8,15,15,14355
BANKNIFTY-III.NFO,02/09/2024,09:38:33,52255.2,52253.35,60,52272.35,15,0,14355
BANKNIFTY-III.NFO,02/09/2024,09:38:35,52255.2,52255.35,75,52274.2,15,0,14355
BANKNIFTY-III.NFO,02/09/2024,09:38:36,52255.2,52254.1,75,52271.65,15,0,14355
BANKNIFTY-III.NFO,02/09/2024,09:38:38,52255.2,52247.65,60,52266.3,75,0,14355
BANKNIFTY-III.NFO,02/09/2024,09:38:40,52255.2,52248.1,75,52263.45,15,0,14355
BANKNIFTY-III.NFO,02/09/2024,09:38:41,52255.2,52247.1,75,52264.25,75,0,14355
BANKNIFTY-III.NFO,02/09/2024,09:38:43,52255.2,52248,75,52265.7,15,0,14355
BANKNIFTY-III.NFO,02/09/2024,09:38:45,52255.2,52243.8,60,52262.3,150,0,14355
BANKNIFTY-III.NFO,02/09/2024,09:38:46,52255.2,52244.8,75,52262.45,75,0,14355
BANKNIFTY-III.NFO,02/09/2024,09:38:48,52255.2,52245.7,75,52262.25,30,0,14355
BANKNIFTY-III.NFO,02/09/2024,09:38:50,52255.2,52246.45,75,52262.05,45,0,14355
BANKNIFTY-III.NFO,02/09/2024,09:38:51,52255.2,52246.5,75,52261.95,45,0,14355
BANKNIFTY-III.NFO,02/09/2024,09:38:53,52255.2,52247.2,75,52265,150,0,14355
BANKNIFTY-III.NFO,02/09/2024,09:38:55,52255.2,52248.05,75,52265.8,165,0,14355
BANKNIFTY-III.NFO,02/09/2024,09:38:56,52255.2,52244.7,75,52262.5,15,0,14355
BANKNIFTY-III.NFO,02/09/2024,09:38:58,52255.2,52245.6,75,52263.45,30,0,14355
BANKNIFTY-III.NFO,02/09/2024,09:39:00,52255.2,52248.5,75,52265.4,30,0,14355
BANKNIFTY-III.NFO,02/09/2024,09:39:01,52255.2,52249.25,60,52267.6,150,0,14355
BANKNIFTY-III.NFO,02/09/2024,09:39:03,52255.2,52249.3,60,52267.15,30,0,14355
BANKNIFTY-III.NFO,02/09/2024,09:39:05,52255.2,52255,75,52267.95,30,0,14355
BANKNIFTY-III.NFO,02/09/2024,09:39:07,52255.2,52257.05,75,52269.5,15,0,14355
BANKNIFTY-III.NFO,02/09/2024,09:39:08,52255.2,52255.75,75,52269.2,30,0,14355
BANKNIFTY-III.NFO,02/09/2024,09:39:10,52255.2,52256.9,60,52269.1,30,0,14355
BANKNIFTY-III.NFO,02/09/2024,09:39:12,52255.2,52252.55,75,52268.95,30,0,14355
BANKNIFTY-III.NFO,02/09/2024,09:39:13,52255.2,52253.55,60,52270.8,30,0,14355
BANKNIFTY-III.NFO,02/09/2024,09:39:15,52255.2,52252.9,60,52270.7,30,0,14355
BANKNIFTY-III.NFO,02/09/2024,09:39:17,52255.2,52254.75,75,52272.05,15,0,14355
BANKNIFTY-III.NFO,02/09/2024,09:39:18,52255.2,52257.05,75,52274.55,90,0,14355
BANKNIFTY-III.NFO,02/09/2024,09:39:20,52255.2,52252.2,60,52271.2,75,0,14355
BANKNIFTY-III.NFO,02/09/2024,09:39:22,52255.2,52254.95,75,52272.35,15,0,14355
BANKNIFTY-III.NFO,02/09/2024,09:39:23,52255.2,52256.05,60,52274.75,30,0,14355
BANKNIFTY-III.NFO,02/09/2024,09:39:25,52255.2,52251.85,75,52270.05,15,0,14355
BANKNIFTY-III.NFO,02/09/2024,09:39:27,52255.2,52253.15,75,52270.95,15,0,14355
BANKNIFTY-III.NFO,02/09/2024,09:39:28,52255.2,52253.15,75,52270.25,75,0,14355
BANKNIFTY-III.NFO,02/09/2024,09:39:30,52255.2,52253.5,75,52271.35,165,15,14370
BANKNIFTY-III.NFO,02/09/2024,09:39:32,52255.2,52253.55,75,52271.4,90,0,14370
BANKNIFTY-III.NFO,02/09/2024,09:39:33,52255.2,52251.35,75,52268.9,15,0,14370
BANKNIFTY-III.NFO,02/09/2024,09:39:35,52255.2,52252.5,75,52269.6,15,0,14370
BANKNIFTY-III.NFO,02/09/2024,09:39:37,52255.2,52250.9,75,52268.6,15,0,14370
BANKNIFTY-III.NFO,02/09/2024,09:39:40,52255.2,52252.6,60,52272.1,75,0,14370
BANKNIFTY-III.NFO,02/09/2024,09:39:42,52255.2,52253.5,75,52270.9,90,0,14370
BANKNIFTY-III.NFO,02/09/2024,09:39:43,52255.2,52252.7,75,52270.15,15,0,14370
BANKNIFTY-III.NFO,02/09/2024,09:39:45,52255.2,52253.7,60,52272.65,90,0,14370
BANKNIFTY-III.NFO,02/09/2024,09:39:47,52255.2,52257.25,60,52275.45,225,0,14370
BANKNIFTY-III.NFO,02/09/2024,09:39:48,52257.2,52257.5,75,52275.75,60,150,14370
BANKNIFTY-III.NFO,02/09/2024,09:39:50,52257.2,52258.55,75,52276.15,75,0,14370
BANKNIFTY-III.NFO,02/09/2024,09:39:52,52257.2,52255.95,60,52274.3,75,0,14370
BANKNIFTY-III.NFO,02/09/2024,09:39:53,52257.2,52252,75,52270.05,60,0,14370
BANKNIFTY-III.NFO,02/09/2024,09:39:55,52257.2,52249.95,75,52269.1,60,0,14370
BANKNIFTY-III.NFO,02/09/2024,09:39:57,52257.2,52251.4,75,52270.25,135,0,14370
BANKNIFTY-III.NFO,02/09/2024,09:39:58,52257.2,52253.25,75,52270.85,60,0,14370
BANKNIFTY-III.NFO,02/09/2024,09:40:00,52257.2,52254.6,60,52273.35,75,0,14370
BANKNIFTY-III.NFO,02/09/2024,09:40:02,52257.2,52256.8,75,52275.8,60,0,14370
BANKNIFTY-III.NFO,02/09/2024,09:40:03,52257.2,52257.9,75,52275.25,75,0,14370
BANKNIFTY-III.NFO,02/09/2024,09:40:05,52257.2,52258.45,75,52275.05,60,0,14370
BANKNIFTY-III.NFO,02/09/2024,09:40:07,52257.2,52258.7,60,52276.05,60,0,14370
BANKNIFTY-III.NFO,02/09/2024,09:40:08,52257.2,52255.4,60,52275.15,75,0,14370
BANKNIFTY-III.NFO,02/09/2024,09:40:10,52257.2,52255.15,75,52273,75,0,14370
BANKNIFTY-III.NFO,02/09/2024,09:40:12,52257.2,52257.5,75,52274.8,60,0,14370
BANKNIFTY-III.NFO,02/09/2024,09:40:13,52257.2,52259.45,75,52277,60,0,14370
BANKNIFTY-III.NFO,02/09/2024,09:40:15,52257.2,52267.05,60,52281.75,60,0,14370
BANKNIFTY-III.NFO,02/09/2024,09:40:17,52257.2,52268.85,75,52281.25,60,0,14370
BANKNIFTY-III.NFO,02/09/2024,09:40:18,52257.2,52270.2,60,52285.2,75,0,14370
BANKNIFTY-III.NFO,02/09/2024,09:40:20,52257.2,52267.9,60,52283.9,60,0,14370
BANKNIFTY-III.NFO,02/09/2024,09:40:22,52257.2,52269.5,60,52284.3,60,0,14370
BANKNIFTY-III.NFO,02/09/2024,09:40:23,52257.2,52270.3,75,52284.4,60,0,14370
BANKNIFTY-III.NFO,02/09/2024,09:40:25,52257.2,52268.95,75,52284.6,60,0,14370
BANKNIFTY-III.NFO,02/09/2024,09:40:27,52257.2,52269,60,52283.65,75,0,14370
BANKNIFTY-III.NFO,02/09/2024,09:40:28,52257.2,52268.2,75,52283.15,210,0,14370
BANKNIFTY-III.NFO,02/09/2024,09:40:30,52257.2,52266.05,60,52283.45,60,0,14370
BANKNIFTY-III.NFO,02/09/2024,09:40:32,52257.2,52263.05,60,52278.4,60,0,14370
BANKNIFTY-III.NFO,02/09/2024,09:40:33,52257.2,52265.8,75,52282.25,75,0,14370
BANKNIFTY-III.NFO,02/09/2024,09:40:35,52257.2,52264.6,60,52279.5,75,0,14370
BANKNIFTY-III.NFO,02/09/2024,09:40:37,52257.2,52268.05,75,52285.15,60,0,14370
BANKNIFTY-III.NFO,02/09/2024,09:40:40,52257.2,52273.05,120,52285.7,60,0,14370
BANKNIFTY-III.NFO,02/09/2024,09:40:42,52257.2,52271.25,60,52284.75,60,0,14370
BANKNIFTY-III.NFO,02/09/2024,09:40:43,52257.2,52269.9,60,52284.35,60,0,14370
BANKNIFTY-III.NFO,02/09/2024,09:40:45,52257.2,52270.1,60,52284.45,225,0,14370
BANKNIFTY-III.NFO,02/09/2024,09:40:47,52257.2,52268.55,60,52281.9,60,0,14370
BANKNIFTY-III.NFO,02/09/2024,09:40:48,52257.2,52264.15,60,52281.9,75,0,14370
BANKNIFTY-III.NFO,02/09/2024,09:40:50,52257.2,52264.55,75,52278.9,60,0,14370
BANKNIFTY-III.NFO,02/09/2024,09:40:52,52257.2,52266.9,75,52281.3,60,0,14370
BANKNIFTY-III.NFO,02/09/2024,09:40:53,52257.2,52269.75,75,52285.05,75,0,14370
BANKNIFTY-III.NFO,02/09/2024,09:40:55,52257.2,52268.9,60,52283.15,75,0,14370
BANKNIFTY-III.NFO,02/09/2024,09:40:57,52257.2,52267.9,60,52281.4,60,0,14370
BANKNIFTY-III.NFO,02/09/2024,09:40:58,52257.2,52267.1,60,52280.4,210,0,14370
BANKNIFTY-III.NFO,02/09/2024,09:41:00,52281.2,52267.1,60,52280.6,45,15,14370
BANKNIFTY-III.NFO,02/09/2024,09:41:02,52281.2,52266.5,75,52282.55,135,0,14370
BANKNIFTY-III.NFO,02/09/2024,09:41:03,52281.2,52266.65,60,52280.8,45,0,14370
BANKNIFTY-III.NFO,02/09/2024,09:41:05,52281.2,52266.65,60,52280.65,45,0,14370
BANKNIFTY-III.NFO,02/09/2024,09:41:07,52281.2,52265.4,60,52280.05,60,0,14370
BANKNIFTY-III.NFO,02/09/2024,09:41:08,52281.2,52268,60,52281.15,45,0,14370
BANKNIFTY-III.NFO,02/09/2024,09:41:10,52281.2,52268.05,60,52281.2,45,0,14370
BANKNIFTY-III.NFO,02/09/2024,09:41:12,52268.9,52269.75,60,52282.75,60,15,14370
BANKNIFTY-III.NFO,02/09/2024,09:41:13,52268.9,52271.5,75,52286.05,60,0,14370
BANKNIFTY-III.NFO,02/09/2024,09:41:15,52268.9,52271.55,75,52286.65,60,0,14370
BANKNIFTY-III.NFO,02/09/2024,09:41:17,52268.9,52267.7,60,52282.55,75,0,14370
BANKNIFTY-III.NFO,02/09/2024,09:41:19,52268.9,52268.05,75,52282.9,75,0,14370
BANKNIFTY-III.NFO,02/09/2024,09:41:20,52268.9,52267.25,75,52282.95,225,0,14370
BANKNIFTY-III.NFO,02/09/2024,09:41:22,52268.9,52269.7,60,52287.45,75,0,14370
BANKNIFTY-III.NFO,02/09/2024,09:41:23,52268.9,52267.35,60,52286.2,60,0,14370
BANKNIFTY-III.NFO,02/09/2024,09:41:25,52268.9,52268.25,75,52283.8,60,0,14370
BANKNIFTY-III.NFO,02/09/2024,09:41:27,52268.9,52269.95,75,52285.3,60,0,14370
BANKNIFTY-III.NFO,02/09/2024,09:41:28,52268.9,52267.85,60,52285.2,75,0,14370
BANKNIFTY-III.NFO,02/09/2024,09:41:30,52268.9,52267.9,75,52284.5,75,0,14370
BANKNIFTY-III.NFO,02/09/2024,09:41:31,52268.9,52270.2,75,52285.2,60,0,14370
BANKNIFTY-III.NFO,02/09/2024,09:41:33,52268.9,52270.25,75,52285.35,210,0,14370
BANKNIFTY-III.NFO,02/09/2024,09:41:35,52268.9,52272.25,75,52286.45,60,0,14370
BANKNIFTY-III.NFO,02/09/2024,09:41:36,52268.9,52272.8,75,52286.5,60,0,14370
BANKNIFTY-III.NFO,02/09/2024,09:41:38,52268.9,52275,75,52289.45,60,0,14370
BANKNIFTY-III.NFO,02/09/2024,09:41:40,52268.9,52278.25,60,52289.15,60,0,14370
BANKNIFTY-III.NFO,02/09/2024,09:41:41,52268.9,52280.6,60,52289.8,60,0,14370
BANKNIFTY-III.NFO,02/09/2024,09:41:43,52268.9,52280.45,60,52289.85,45,0,14370
BANKNIFTY-III.NFO,02/09/2024,09:41:45,52268.9,52272.8,60,52289,60,0,14370
BANKNIFTY-III.NFO,02/09/2024,09:41:46,52268.9,52274.9,60,52288.95,60,0,14370
BANKNIFTY-III.NFO,02/09/2024,09:41:48,52268.9,52273.4,60,52287.7,225,0,14370
BANKNIFTY-III.NFO,02/09/2024,09:41:50,52268.9,52274.9,75,52289.8,75,0,14370
BANKNIFTY-III.NFO,02/09/2024,09:41:51,52268.9,52276,75,52289.8,60,0,14370
BANKNIFTY-III.NFO,02/09/2024,09:41:53,52289.45,52275.2,60,52289.25,210,15,14370
BANKNIFTY-III.NFO,02/09/2024,09:41:55,52289.45,52275.3,60,52289.8,45,0,14370
BANKNIFTY-III.NFO,02/09/2024,09:41:56,52289.45,52274.45,60,52288.75,45,0,14370
BANKNIFTY-III.NFO,02/09/2024,09:41:58,52289.45,52270.75,60,52286.05,60,0,14370
BANKNIFTY-III.NFO,02/09/2024,09:42:00,52289.45,52272.45,60,52287.1,60,0,14370
BANKNIFTY-III.NFO,02/09/2024,09:42:01,52289.45,52271.1,60,52287.2,60,0,14370
BANKNIFTY-III.NFO,02/09/2024,09:42:03,52289.45,52270.6,75,52287.15,60,0,14370
BANKNIFTY-III.NFO,02/09/2024,09:42:05,52289.45,52274.1,30,52289.8,60,0,14370
BANKNIFTY-III.NFO,02/09/2024,09:42:06,52289.45,52275.35,60,52289.6,45,0,14370
BANKNIFTY-III.NFO,02/09/2024,09:42:08,52289.45,52282.85,60,52289.8,45,0,14370
BANKNIFTY-III.NFO,02/09/2024,09:42:09,52289.45,52279.7,60,52289.8,45,0,14370
BANKNIFTY-III.NFO,02/09/2024,09:42:11,52289.45,52279.85,60,52289.8,45,0,14370
BANKNIFTY-III.NFO,02/09/2024,09:42:13,52289.45,52278.9,60,52289.8,45,0,14370
BANKNIFTY-III.NFO,02/09/2024,09:42:14,52289.45,52280.3,60,52289.4,45,0,14370
BANKNIFTY-III.NFO,02/09/2024,09:42:16,52289.45,52280.35,60,52289.4,45,0,14370
BANKNIFTY-III.NFO,02/09/2024,09:42:17,52289.45,52280.15,60,52289.4,45,0,14370
BANKNIFTY-III.NFO,02/09/2024,09:42:21,52289.45,52279.8,60,52289.4,45,0,14370
BANKNIFTY-III.NFO,02/09/2024,09:42:22,52289.4,52276.25,60,52289.4,30,15,14370
BANKNIFTY-III.NFO,02/09/2024,09:42:24,52289.4,52276.25,60,52289.4,30,0,14370
BANKNIFTY-III.NFO,02/09/2024,09:42:26,52289.4,52272.65,60,52289.4,45,0,14370
BANKNIFTY-III.NFO,02/09/2024,09:42:27,52289.4,52278.7,60,52289.4,30,0,14370
BANKNIFTY-III.NFO,02/09/2024,09:42:29,52289.4,52276.45,75,52289.4,30,0,14370
BANKNIFTY-III.NFO,02/09/2024,09:42:31,52289.4,52274.75,75,52289.4,45,0,14370
BANKNIFTY-III.NFO,02/09/2024,09:42:32,52289.4,52276,75,52289.4,30,0,14370
BANKNIFTY-III.NFO,02/09/2024,09:42:34,52289.4,52276,60,52289.4,30,0,14370
BANKNIFTY-III.NFO,02/09/2024,09:42:36,52289.4,52276.05,60,52289.4,30,0,14370
BANKNIFTY-III.NFO,02/09/2024,09:42:37,52289.4,52276.4,75,52289.4,30,0,14370
BANKNIFTY-III.NFO,02/09/2024,09:42:39,52289.4,52273.8,75,52289.4,45,0,14370
BANKNIFTY-III.NFO,02/09/2024,09:42:40,52289.4,52277.85,75,52289.4,30,0,14370
BANKNIFTY-III.NFO,02/09/2024,09:42:42,52289.4,52277.05,75,52289.4,30,0,14370
BANKNIFTY-III.NFO,02/09/2024,09:42:44,52289.4,52274.15,60,52289.4,45,0,14370
BANKNIFTY-III.NFO,02/09/2024,09:42:45,52289.4,52275,60,52289.4,45,0,14370
BANKNIFTY-III.NFO,02/09/2024,09:42:47,52289.4,52271.9,75,52289.4,45,0,14370
BANKNIFTY-III.NFO,02/09/2024,09:42:49,52289.4,52272.4,75,52289.4,45,0,14370
BANKNIFTY-III.NFO,02/09/2024,09:42:50,52289.4,52274.7,60,52289.4,45,0,14370
BANKNIFTY-III.NFO,02/09/2024,09:42:52,52289.4,52277.65,60,52289.4,30,0,14370
BANKNIFTY-III.NFO,02/09/2024,09:42:54,52289.4,52275.6,60,52289.4,45,0,14370
BANKNIFTY-III.NFO,02/09/2024,09:42:55,52289.4,52274.45,60,52289.4,45,0,14370
BANKNIFTY-III.NFO,02/09/2024,09:42:57,52289.4,52272.05,75,52289.35,30,0,14370
BANKNIFTY-III.NFO,02/09/2024,09:42:59,52289.4,52272.1,75,52289.35,30,0,14370
BANKNIFTY-III.NFO,02/09/2024,09:43:00,52289.4,52272.95,75,52289.4,45,0,14370
BANKNIFTY-III.NFO,02/09/2024,09:43:02,52289.4,52269.9,75,52287.8,30,0,14370
BANKNIFTY-III.NFO,02/09/2024,09:43:04,52289.4,52270.75,75,52287.8,30,0,14370
BANKNIFTY-III.NFO,02/09/2024,09:43:05,52289.4,52270.8,75,52287.8,30,0,14370
BANKNIFTY-III.NFO,02/09/2024,09:43:07,52289.4,52272.2,75,52288.2,30,0,14370
BANKNIFTY-III.NFO,02/09/2024,09:43:09,52289.4,52270.4,60,52287.65,30,0,14370
BANKNIFTY-III.NFO,02/09/2024,09:43:10,52289.4,52265.6,75,52282.9,30,0,14370
BANKNIFTY-III.NFO,02/09/2024,09:43:12,52289.4,52266.05,75,52282.9,30,0,14370
BANKNIFTY-III.NFO,02/09/2024,09:43:14,52289.4,52264,75,52281.4,30,0,14370
BANKNIFTY-III.NFO,02/09/2024,09:43:15,52289.4,52264.4,60,52282.35,30,0,14370
BANKNIFTY-III.NFO,02/09/2024,09:43:17,52289.4,52262.25,75,52280,30,0,14370
BANKNIFTY-III.NFO,02/09/2024,09:43:18,52289.4,52261.45,75,52279.15,30,0,14370
BANKNIFTY-III.NFO,02/09/2024,09:43:20,52289.4,52258.1,75,52275.8,30,0,14370
BANKNIFTY-III.NFO,02/09/2024,09:43:22,52289.4,52255.2,75,52274.2,180,0,14370
BANKNIFTY-III.NFO,02/09/2024,09:43:24,52289.4,52262.55,75,52279.8,30,0,14370
BANKNIFTY-III.NFO,02/09/2024,09:43:25,52289.4,52267.15,90,52285.9,45,0,14370
BANKNIFTY-III.NFO,02/09/2024,09:43:27,52289.4,52268.3,60,52285.4,30,0,14370
BANKNIFTY-III.NFO,02/09/2024,09:43:29,52289.4,52265.8,75,52283.85,45,0,14370
BANKNIFTY-III.NFO,02/09/2024,09:43:30,52289.4,52265,75,52282.05,45,0,14370
BANKNIFTY-III.NFO,02/09/2024,09:43:32,52289.4,52265.25,60,52283.15,45,0,14370
BANKNIFTY-III.NFO,02/09/2024,09:43:34,52289.4,52262.6,60,52281.55,45,0,14370
BANKNIFTY-III.NFO,02/09/2024,09:43:35,52289.4,52262.85,75,52281.3,45,0,14370
BANKNIFTY-III.NFO,02/09/2024,09:43:37,52289.4,52259.2,75,52276.85,30,0,14370
BANKNIFTY-III.NFO,02/09/2024,09:43:39,52289.4,52258.6,75,52276.75,30,0,14370
BANKNIFTY-III.NFO,02/09/2024,09:43:40,52289.4,52257.8,75,52274.95,30,0,14370
BANKNIFTY-III.NFO,02/09/2024,09:43:42,52289.4,52257.8,120,52274.85,30,0,14370
BANKNIFTY-III.NFO,02/09/2024,09:43:44,52289.4,52255.55,75,52273.15,30,0,14370
BANKNIFTY-III.NFO,02/09/2024,09:43:45,52289.4,52256.65,75,52274.3,45,0,14370
BANKNIFTY-III.NFO,02/09/2024,09:43:47,52289.4,52254.15,75,52271.85,45,0,14370
BANKNIFTY-III.NFO,02/09/2024,09:43:49,52289.4,52250.15,60,52269.2,30,0,14370
BANKNIFTY-III.NFO,02/09/2024,09:43:50,52289.4,52254.85,75,52272.25,45,0,14370
BANKNIFTY-III.NFO,02/09/2024,09:43:52,52289.4,52253.85,75,52271.4,45,0,14370
BANKNIFTY-III.NFO,02/09/2024,09:43:54,52289.4,52250.05,60,52267.2,30,0,14370
BANKNIFTY-III.NFO,02/09/2024,09:43:55,52289.4,52250.05,75,52267.95,30,0,14370
BANKNIFTY-III.NFO,02/09/2024,09:43:57,52289.4,52250.05,60,52266.4,180,0,14370
BANKNIFTY-III.NFO,02/09/2024,09:43:59,52289.4,52250.2,75,52268.05,45,0,14370
BANKNIFTY-III.NFO,02/09/2024,09:44:00,52289.4,52252.4,60,52270.2,30,0,14370
BANKNIFTY-III.NFO,02/09/2024,09:44:02,52289.4,52253.3,75,52270.45,45,0,14370
BANKNIFTY-III.NFO,02/09/2024,09:44:04,52289.4,52251.35,75,52268.45,30,0,14370
BANKNIFTY-III.NFO,02/09/2024,09:44:05,52289.4,52252.5,75,52271.95,30,0,14370
BANKNIFTY-III.NFO,02/09/2024,09:44:07,52289.4,52250.05,75,52268.05,45,0,14370
BANKNIFTY-III.NFO,02/09/2024,09:44:10,52289.4,52250.05,60,52267,30,0,14370
BANKNIFTY-III.NFO,02/09/2024,09:44:12,52289.4,52254.1,75,52271.05,45,0,14370
BANKNIFTY-III.NFO,02/09/2024,09:44:14,52289.4,52252.7,75,52270,45,0,14370
BANKNIFTY-III.NFO,02/09/2024,09:44:15,52289.4,52254.4,75,52271.55,45,0,14370
BANKNIFTY-III.NFO,02/09/2024,09:44:17,52289.4,52256.8,75,52273.4,45,0,14370
BANKNIFTY-III.NFO,02/09/2024,09:44:18,52289.4,52259.1,60,52273.1,30,0,14370
BANKNIFTY-III.NFO,02/09/2024,09:44:20,52289.4,52258.35,75,52274,45,0,14370
BANKNIFTY-III.NFO,02/09/2024,09:44:22,52289.4,52253.05,75,52270.25,45,0,14370
BANKNIFTY-III.NFO,02/09/2024,09:44:23,52289.4,52251.4,75,52269.1,30,0,14370
BANKNIFTY-III.NFO,02/09/2024,09:44:25,52249.6,52246.1,30,52269,60,300,14415
BANKNIFTY-III.NFO,02/09/2024,09:44:27,52249.6,52245.8,30,52268.45,60,0,14415
BANKNIFTY-III.NFO,02/09/2024,09:44:28,52249.6,52247.05,45,52267.65,60,0,14415
BANKNIFTY-III.NFO,02/09/2024,09:44:30,52249.6,52251.1,45,52269.05,60,0,14415
BANKNIFTY-III.NFO,02/09/2024,09:44:32,52249.6,52247.7,45,52269.05,60,0,14415
BANKNIFTY-III.NFO,02/09/2024,09:44:33,52249.6,52247.6,45,52269.05,60,0,14415
BANKNIFTY-III.NFO,02/09/2024,09:44:35,52249.6,52248.4,45,52269.05,60,0,14415
BANKNIFTY-III.NFO,02/09/2024,09:44:37,52249.6,52245.25,45,52267.85,60,0,14415
BANKNIFTY-III.NFO,02/09/2024,09:44:38,52249.6,52243,45,52265.1,60,0,14415
BANKNIFTY-III.NFO,02/09/2024,09:44:40,52249.6,52244.25,45,52265.1,60,0,14415
BANKNIFTY-III.NFO,02/09/2024,09:44:42,52249.6,52247.85,45,52266.1,60,0,14415
BANKNIFTY-III.NFO,02/09/2024,09:44:43,52249.6,52246.05,45,52266.1,60,0,14415
BANKNIFTY-III.NFO,02/09/2024,09:44:45,52249.6,52247.35,45,52266.1,60,0,14415
BANKNIFTY-III.NFO,02/09/2024,09:44:47,52249.6,52248.3,105,52266.95,60,0,14415
BANKNIFTY-III.NFO,02/09/2024,09:44:48,52249.6,52245.25,120,52266.95,60,0,14415
BANKNIFTY-III.NFO,02/09/2024,09:44:50,52249.6,52245.5,105,52266.95,60,0,14415
BANKNIFTY-III.NFO,02/09/2024,09:44:52,52249.6,52245.55,120,52266.95,60,0,14415
BANKNIFTY-III.NFO,02/09/2024,09:44:53,52249.6,52246.9,45,52266.95,60,0,14415
BANKNIFTY-III.NFO,02/09/2024,09:44:55,52249.6,52242.35,105,52264.95,60,0,14415
BANKNIFTY-III.NFO,02/09/2024,09:44:57,52249.6,52241.4,45,52263.9,60,0,14415
BANKNIFTY-III.NFO,02/09/2024,09:44:58,52249.6,52240.05,45,52261.55,60,0,14415
BANKNIFTY-III.NFO,02/09/2024,09:45:00,52249.6,52242.5,30,52261.55,60,0,14415
BANKNIFTY-III.NFO,02/09/2024,09:45:02,52249.6,52240.35,30,52261.55,60,0,14415
BANKNIFTY-III.NFO,02/09/2024,09:45:03,52249.6,52245.05,120,52263.9,60,0,14415
BANKNIFTY-III.NFO,02/09/2024,09:45:05,52249.6,52247.95,45,52267.95,60,0,14415
BANKNIFTY-III.NFO,02/09/2024,09:45:07,52249.6,52247.9,30,52267.85,60,0,14415
BANKNIFTY-III.NFO,02/09/2024,09:45:08,52249.6,52241.8,45,52264.95,60,0,14415
BANKNIFTY-III.NFO,02/09/2024,09:45:10,52249.6,52241.45,45,52264,60,0,14415
BANKNIFTY-III.NFO,02/09/2024,09:45:12,52249.6,52242.3,45,52263.05,60,0,14415
BANKNIFTY-III.NFO,02/09/2024,09:45:13,52249.6,52242.35,45,52263.05,60,0,14415
BANKNIFTY-III.NFO,02/09/2024,09:45:15,52249.6,52244.25,105,52263.05,60,0,14415
BANKNIFTY-III.NFO,02/09/2024,09:45:17,52249.6,52243.8,45,52264,60,0,14415
BANKNIFTY-III.NFO,02/09/2024,09:45:19,52249.6,52242.05,45,52264,60,0,14415
BANKNIFTY-III.NFO,02/09/2024,09:45:20,52249.6,52245.3,45,52264.45,60,0,14415
BANKNIFTY-III.NFO,02/09/2024,09:45:22,52249.6,52242.5,30,52264.45,60,0,14415
BANKNIFTY-III.NFO,02/09/2024,09:45:24,52249.6,52240.05,30,52261.65,60,0,14415
BANKNIFTY-III.NFO,02/09/2024,09:45:25,52249.6,52240.05,30,52257.7,60,0,14415
BANKNIFTY-III.NFO,02/09/2024,09:45:29,52249.6,52240.05,30,52257,60,0,14415
BANKNIFTY-III.NFO,02/09/2024,09:45:30,52249.6,52240.05,30,52249.6,45,0,14415
BANKNIFTY-III.NFO,02/09/2024,09:45:44,52249.6,52240.9,30,52249.6,45,0,14415
BANKNIFTY-III.NFO,02/09/2024,09:45:45,52249.6,52240.05,30,52249.6,45,0,14415
BANKNIFTY-III.NFO,02/09/2024,09:45:49,52249.6,52240.05,30,52245,45,0,14415
BANKNIFTY-III.NFO,02/09/2024,09:46:00,52249.6,52240.7,105,52245,45,0,14415
BANKNIFTY-III.NFO,02/09/2024,09:46:02,52241,52241.25,75,52259.15,60,45,14565
BANKNIFTY-III.NFO,02/09/2024,09:46:04,52241,52240.8,15,52259.15,60,0,14565
BANKNIFTY-III.NFO,02/09/2024,09:46:05,52241,52240.4,75,52259.15,60,0,14565
BANKNIFTY-III.NFO,02/09/2024,09:46:07,52241,52242.1,60,52260.3,60,0,14565
BANKNIFTY-III.NFO,02/09/2024,09:46:09,52241,52245.05,90,52262.8,60,0,14565
BANKNIFTY-III.NFO,02/09/2024,09:46:10,52241,52250.9,60,52269.05,60,0,14565
BANKNIFTY-III.NFO,02/09/2024,09:46:12,52241,52252.65,15,52271.55,60,0,14565
BANKNIFTY-III.NFO,02/09/2024,09:46:14,52241,52253.2,15,52272.5,60,0,14565
BANKNIFTY-III.NFO,02/09/2024,09:46:15,52241,52251.7,15,52272.5,60,0,14565
BANKNIFTY-III.NFO,02/09/2024,09:46:17,52241,52251.7,75,52272.5,60,0,14565
BANKNIFTY-III.NFO,02/09/2024,09:46:18,52241,52253,60,52272.95,60,0,14565
BANKNIFTY-III.NFO,02/09/2024,09:46:20,52241,52252.6,60,52272.95,60,0,14565
BANKNIFTY-III.NFO,02/09/2024,09:46:22,52241,52250.75,15,52272.25,60,0,14565
BANKNIFTY-III.NFO,02/09/2024,09:46:23,52241,52248.8,15,52271.9,60,0,14565
BANKNIFTY-III.NFO,02/09/2024,09:46:25,52241,52250.35,60,52270.95,60,0,14565
BANKNIFTY-III.NFO,02/09/2024,09:46:27,52241,52244.95,15,52268.45,60,0,14565
BANKNIFTY-III.NFO,02/09/2024,09:46:28,52241,52243.5,60,52266,60,0,14565
BANKNIFTY-III.NFO,02/09/2024,09:46:30,52241,52244.65,15,52266,60,0,14565
BANKNIFTY-III.NFO,02/09/2024,09:46:31,52241,52246.6,75,52266,60,0,14565
BANKNIFTY-III.NFO,02/09/2024,09:46:33,52241,52248.05,15,52267.1,60,0,14565
BANKNIFTY-III.NFO,02/09/2024,09:46:35,52241,52246.1,75,52267.1,60,0,14565
BANKNIFTY-III.NFO,02/09/2024,09:46:36,52241,52244.75,60,52266,60,0,14565
BANKNIFTY-III.NFO,02/09/2024,09:46:38,52241,52246.3,15,52266,60,0,14565
BANKNIFTY-III.NFO,02/09/2024,09:46:39,52241,52243.15,15,52264.75,60,0,14565
BANKNIFTY-III.NFO,02/09/2024,09:46:41,52241,52243.25,75,52264.35,75,0,14565
BANKNIFTY-III.NFO,02/09/2024,09:46:43,52241,52243.75,15,52264.35,75,0,14565
BANKNIFTY-III.NFO,02/09/2024,09:46:44,52241,52243.85,15,52263.9,75,0,14565
BANKNIFTY-III.NFO,02/09/2024,09:46:46,52241,52246.5,60,52264.3,60,0,14565
BANKNIFTY-III.NFO,02/09/2024,09:46:48,52241,52247.05,75,52264.75,60,0,14565
BANKNIFTY-III.NFO,02/09/2024,09:46:49,52241,52247.9,60,52267.1,60,0,14565
BANKNIFTY-III.NFO,02/09/2024,09:46:51,52241,52247.3,60,52267.1,60,0,14565
BANKNIFTY-III.NFO,02/09/2024,09:46:52,52241,52248.85,75,52268.45,60,0,14565
BANKNIFTY-III.NFO,02/09/2024,09:46:54,52241,52251.85,75,52270.95,60,0,14565
BANKNIFTY-III.NFO,02/09/2024,09:46:56,52241,52254,60,52272.95,75,0,14565
BANKNIFTY-III.NFO,02/09/2024,09:46:57,52241,52253.9,60,52272.8,60,0,14565
BANKNIFTY-III.NFO,02/09/2024,09:46:59,52241,52253.35,60,52272.45,75,0,14565
BANKNIFTY-III.NFO,02/09/2024,09:47:01,52241,52252.5,60,52272.45,60,0,14565
BANKNIFTY-III.NFO,02/09/2024,09:47:02,52241,52253.85,75,52272.45,60,0,14565
BANKNIFTY-III.NFO,02/09/2024,09:47:04,52241,52252.85,15,52273.7,135,0,14565
BANKNIFTY-III.NFO,02/09/2024,09:47:06,52241,52253.3,75,52273.7,60,0,14565
BANKNIFTY-III.NFO,02/09/2024,09:47:07,52241,52249.9,45,52271.6,60,0,14565
BANKNIFTY-III.NFO,02/09/2024,09:47:09,52241,52251.3,15,52271.6,60,0,14565
BANKNIFTY-III.NFO,02/09/2024,09:47:11,52241,52249.45,15,52271.6,60,0,14565
BANKNIFTY-III.NFO,02/09/2024,09:47:12,52241,52249.15,45,52268.7,60,0,14565
BANKNIFTY-III.NFO,02/09/2024,09:47:14,52241,52250.5,15,52270.4,60,0,14565
BANKNIFTY-III.NFO,02/09/2024,09:47:16,52241,52251.3,30,52271.1,60,0,14565
BANKNIFTY-III.NFO,02/09/2024,09:47:17,52241,52251.95,45,52271.1,60,0,14565
BANKNIFTY-III.NFO,02/09/2024,09:47:19,52241,52251.9,15,52272.45,60,0,14565
BANKNIFTY-III.NFO,02/09/2024,09:47:21,52241,52250.8,45,52272.45,60,0,14565
BANKNIFTY-III.NFO,02/09/2024,09:47:22,52241,52252.25,75,52272.45,60,0,14565
BANKNIFTY-III.NFO,02/09/2024,09:47:24,52241,52252.85,15,52272.45,60,0,14565
BANKNIFTY-III.NFO,02/09/2024,09:47:26,52241,52248.35,75,52271.3,60,0,14565
BANKNIFTY-III.NFO,02/09/2024,09:47:27,52241,52246.3,45,52268.55,60,0,14565
BANKNIFTY-III.NFO,02/09/2024,09:47:29,52241,52260,30,52268.55,60,0,14565
BANKNIFTY-III.NFO,02/09/2024,09:47:32,52260,52241.35,45,52264.85,75,30,14565
BANKNIFTY-III.NFO,02/09/2024,09:47:34,52260,52241,60,52262.15,60,0,14565
BANKNIFTY-III.NFO,02/09/2024,09:47:36,52260,52241.65,15,52262.15,60,0,14565
BANKNIFTY-III.NFO,02/09/2024,09:47:37,52260,52242.3,15,52261.7,60,0,14565
BANKNIFTY-III.NFO,02/09/2024,09:47:39,52260,52241,30,52261.5,60,0,14565
BANKNIFTY-III.NFO,02/09/2024,09:47:41,52260,52241.15,30,52260.35,60,0,14565
BANKNIFTY-III.NFO,02/09/2024,09:47:42,52260,52241.8,15,52261,60,0,14565
BANKNIFTY-III.NFO,02/09/2024,09:47:44,52260,52242.3,15,52262.15,60,0,14565
BANKNIFTY-III.NFO,02/09/2024,09:47:46,52260,52242.15,15,52262.55,60,0,14565
BANKNIFTY-III.NFO,02/09/2024,09:47:47,52260,52241.7,45,52262.55,60,0,14565
BANKNIFTY-III.NFO,02/09/2024,09:47:49,52260,52241.15,15,52262.25,60,0,14565
BANKNIFTY-III.NFO,02/09/2024,09:47:51,52260,52241,15,52258.65,60,0,14565
BANKNIFTY-III.NFO,02/09/2024,09:47:52,52260,52241,15,52251.9,60,0,14565
BANKNIFTY-III.NFO,02/09/2024,09:47:54,52240.6,52240,60,52245.2,75,30,14565
BANKNIFTY-III.NFO,02/09/2024,09:47:56,52240.6,52240,60,52245.3,60,0,14565
BANKNIFTY-III.NFO,02/09/2024,09:47:57,52240.6,52240,60,52248.6,75,0,14565
BANKNIFTY-III.NFO,02/09/2024,09:47:59,52240.6,52240,60,52249.2,75,0,14565
BANKNIFTY-III.NFO,02/09/2024,09:48:01,52240.6,52240,75,52256.45,75,0,14565
BANKNIFTY-III.NFO,02/09/2024,09:48:02,52240.6,52240,60,52253,60,0,14565
BANKNIFTY-III.NFO,02/09/2024,09:48:04,52240.6,52240,60,52250.15,60,0,14565
BANKNIFTY-III.NFO,02/09/2024,09:48:06,52240.6,52240,60,52254.4,60,0,14565
BANKNIFTY-III.NFO,02/09/2024,09:48:07,52240.6,52240,60,52256.05,60,0,14565
BANKNIFTY-III.NFO,02/09/2024,09:48:09,52240.6,52240,60,52257.1,60,0,14565
BANKNIFTY-III.NFO,02/09/2024,09:48:11,52240.6,52240,60,52256.2,60,0,14565
BANKNIFTY-III.NFO,02/09/2024,09:48:12,52240.6,52240,60,52259.65,60,0,14565
BANKNIFTY-III.NFO,02/09/2024,09:48:14,52240.6,52240,45,52250.1,60,0,14565
BANKNIFTY-III.NFO,02/09/2024,09:48:16,52240.6,52240,45,52248.95,60,0,14565
BANKNIFTY-III.NFO,02/09/2024,09:48:17,52240.6,52240,45,52251.3,60,0,14565
BANKNIFTY-III.NFO,02/09/2024,09:48:19,52240.6,52240,45,52249.95,75,0,14565
BANKNIFTY-III.NFO,02/09/2024,09:48:21,52240.6,52240,45,52249.95,60,0,14565
BANKNIFTY-III.NFO,02/09/2024,09:48:22,52240.6,52240,45,52251.05,60,0,14565
BANKNIFTY-III.NFO,02/09/2024,09:48:24,52240.6,52240,45,52252.35,60,0,14565
BANKNIFTY-III.NFO,02/09/2024,09:48:25,52240.6,52240,45,52249.65,75,0,14565
BANKNIFTY-III.NFO,02/09/2024,09:48:27,52240.6,52240,45,52248.8,60,0,14565
BANKNIFTY-III.NFO,02/09/2024,09:48:29,52240.6,52240,45,52250.45,60,0,14565
BANKNIFTY-III.NFO,02/09/2024,09:48:30,52240.6,52240,60,52256.6,60,0,14565
BANKNIFTY-III.NFO,02/09/2024,09:48:32,52240.6,52240,60,52256.45,75,0,14565
BANKNIFTY-III.NFO,02/09/2024,09:48:34,52240.6,52240,60,52260.1,75,0,14565
BANKNIFTY-III.NFO,02/09/2024,09:48:35,52240.6,52240,60,52257.55,75,0,14565
BANKNIFTY-III.NFO,02/09/2024,09:48:37,52240.6,52240,45,52253.6,75,0,14565
BANKNIFTY-III.NFO,02/09/2024,09:48:39,52240.6,52240,45,52252.75,75,0,14565
BANKNIFTY-III.NFO,02/09/2024,09:48:40,52240.6,52240,45,52252.1,60,0,14565
BANKNIFTY-III.NFO,02/09/2024,09:48:42,52251.15,52240.05,30,52251.6,60,30,14550
BANKNIFTY-III.NFO,02/09/2024,09:48:43,52251.15,52240.05,30,52252.2,75,0,14550
BANKNIFTY-III.NFO,02/09/2024,09:48:45,52251.15,52240.6,15,52251.35,60,0,14550
BANKNIFTY-III.NFO,02/09/2024,09:48:47,52251.15,52240.6,15,52252.5,60,0,14550
BANKNIFTY-III.NFO,02/09/2024,09:48:48,52251.15,52240.65,30,52252.95,75,0,14550
BANKNIFTY-III.NFO,02/09/2024,09:48:50,52251.15,52240.65,30,52253.4,60,0,14550
BANKNIFTY-III.NFO,02/09/2024,09:48:52,52251.15,52240.65,30,52255.2,60,0,14550
BANKNIFTY-III.NFO,02/09/2024,09:48:53,52251.15,52240.65,45,52257,60,0,14550
BANKNIFTY-III.NFO,02/09/2024,09:48:55,52251.15,52240.65,45,52257.8,75,0,14550
BANKNIFTY-III.NFO,02/09/2024,09:48:56,52251.15,52240.65,30,52255.8,75,0,14550
BANKNIFTY-III.NFO,02/09/2024,09:48:58,52251.15,52240.65,45,52257.85,75,0,14550
BANKNIFTY-III.NFO,02/09/2024,09:49:00,52251.15,52240.65,45,52256.45,75,0,14550
BANKNIFTY-III.NFO,02/09/2024,09:49:01,52251.15,52240.65,30,52253.6,75,0,14550
BANKNIFTY-III.NFO,02/09/2024,09:49:03,52251.15,52240.6,15,52252.2,75,0,14550
BANKNIFTY-III.NFO,02/09/2024,09:49:05,52251.15,52240.65,30,52252.65,75,0,14550
BANKNIFTY-III.NFO,02/09/2024,09:49:06,52251.15,52240.65,30,52254.3,75,0,14550
BANKNIFTY-III.NFO,02/09/2024,09:49:08,52251.15,52240.65,45,52256.75,75,0,14550
BANKNIFTY-III.NFO,02/09/2024,09:49:09,52251.15,52240.65,45,52256,225,0,14550
BANKNIFTY-III.NFO,02/09/2024,09:49:11,52251.15,52240.65,45,52256.5,75,0,14550
BANKNIFTY-III.NFO,02/09/2024,09:49:13,52251.15,52240.65,45,52257.9,60,0,14550
BANKNIFTY-III.NFO,02/09/2024,09:49:14,52251.15,52242,30,52262.05,75,0,14550
BANKNIFTY-III.NFO,02/09/2024,09:49:16,52251.15,52245.15,30,52264.55,60,0,14550
BANKNIFTY-III.NFO,02/09/2024,09:49:18,52251.15,52246.3,30,52264.25,75,0,14550
BANKNIFTY-III.NFO,02/09/2024,09:49:19,52251.15,52245.15,30,52263.75,60,0,14550
BANKNIFTY-III.NFO,02/09/2024,09:49:21,52251.15,52243.85,30,52262.55,60,0,14550
BANKNIFTY-III.NFO,02/09/2024,09:49:24,52251.15,52245.45,30,52266.1,75,0,14550
BANKNIFTY-III.NFO,02/09/2024,09:49:26,52251.15,52246.2,30,52267.3,60,0,14550
BANKNIFTY-III.NFO,02/09/2024,09:49:27,52251.15,52248.25,60,52268.55,60,0,14550
BANKNIFTY-III.NFO,02/09/2024,09:49:29,52251.15,52248.25,30,52267.05,75,0,14550
BANKNIFTY-III.NFO,02/09/2024,09:49:31,52251.15,52252.05,45,52267.25,60,0,14550
BANKNIFTY-III.NFO,02/09/2024,09:49:32,52251.15,52252.05,45,52267.85,60,0,14550
BANKNIFTY-III.NFO,02/09/2024,09:49:34,52251.15,52252,15,52263.45,75,0,14550
BANKNIFTY-III.NFO,02/09/2024,09:49:36,52251.15,52252.05,30,52266.1,135,0,14550
BANKNIFTY-III.NFO,02/09/2024,09:49:37,52251.15,52252.05,30,52265.35,60,0,14550
BANKNIFTY-III.NFO,02/09/2024,09:49:39,52251.15,52252.05,30,52266,210,0,14550
BANKNIFTY-III.NFO,02/09/2024,09:49:41,52251.15,52252.05,45,52267.55,60,0,14550
BANKNIFTY-III.NFO,02/09/2024,09:49:42,52251.15,52252.05,45,52267.55,135,0,14550
BANKNIFTY-III.NFO,02/09/2024,09:49:44,52251.15,52252.05,45,52267.5,60,0,14550
BANKNIFTY-III.NFO,02/09/2024,09:49:46,52251.15,52252.05,45,52269.25,60,0,14550
BANKNIFTY-III.NFO,02/09/2024,09:49:47,52251.15,52252.05,45,52269.35,60,0,14550
BANKNIFTY-III.NFO,02/09/2024,09:49:49,52251.15,52256,15,52265.85,60,0,14550
BANKNIFTY-III.NFO,02/09/2024,09:49:51,52251.15,52256,15,52265.45,60,0,14550
BANKNIFTY-III.NFO,02/09/2024,09:49:54,52251.15,52256,15,52265.55,60,0,14550
BANKNIFTY-III.NFO,02/09/2024,09:49:56,52251.15,52256,15,52265.25,60,0,14550
BANKNIFTY-III.NFO,02/09/2024,09:49:57,52251.15,52256,15,52266.3,60,0,14550
BANKNIFTY-III.NFO,02/09/2024,09:49:59,52251.15,52256,15,52265.85,60,0,14550
BANKNIFTY-III.NFO,02/09/2024,09:50:01,52251.15,52256,15,52265.75,60,0,14550
BANKNIFTY-III.NFO,02/09/2024,09:50:02,52251.15,52256,15,52265.65,60,0,14550
BANKNIFTY-III.NFO,02/09/2024,09:50:04,52251.15,52256,15,52265.3,60,0,14550
BANKNIFTY-III.NFO,02/09/2024,09:50:06,52251.15,52256,15,52267.2,60,0,14550
BANKNIFTY-III.NFO,02/09/2024,09:50:07,52251.15,52256.05,30,52268.85,60,0,14550
BANKNIFTY-III.NFO,02/09/2024,09:50:09,52251.15,52256.05,30,52269.25,60,0,14550
BANKNIFTY-III.NFO,02/09/2024,09:50:11,52251.15,52256,15,52267.15,60,0,14550
BANKNIFTY-III.NFO,02/09/2024,09:50:12,52251.15,52256,15,52265.25,60,0,14550
BANKNIFTY-III.NFO,02/09/2024,09:50:14,52256,52245.5,30,52263.75,60,15,14550
BANKNIFTY-III.NFO,02/09/2024,09:50:16,52256,52245.5,30,52263.75,60,0,14550
BANKNIFTY-III.NFO,02/09/2024,09:50:19,52256,52240.25,30,52259.55,60,0,14550
BANKNIFTY-III.NFO,02/09/2024,09:50:21,52256,52240.25,30,52260.5,60,0,14550
BANKNIFTY-III.NFO,02/09/2024,09:50:22,52256,52241.25,30,52260.5,60,0,14550
BANKNIFTY-III.NFO,02/09/2024,09:50:24,52256,52242.6,30,52261.35,75,0,14550
BANKNIFTY-III.NFO,02/09/2024,09:50:25,52256,52246.95,30,52266.15,60,0,14550
BANKNIFTY-III.NFO,02/09/2024,09:50:27,52256,52246.95,60,52267.85,75,0,14550
BANKNIFTY-III.NFO,02/09/2024,09:50:29,52256,52247.65,30,52266.95,75,0,14550
BANKNIFTY-III.NFO,02/09/2024,09:50:30,52256,52245.35,30,52265.2,60,0,14550
BANKNIFTY-III.NFO,02/09/2024,09:50:32,52256,52246.3,30,52267.35,75,0,14550
BANKNIFTY-III.NFO,02/09/2024,09:50:34,52256,52250.05,30,52265.65,60,0,14550
BANKNIFTY-III.NFO,02/09/2024,09:50:35,52256,52250.05,45,52266.45,75,0,14550
BANKNIFTY-III.NFO,02/09/2024,09:50:37,52256,52250.05,45,52268.45,60,0,14550
BANKNIFTY-III.NFO,02/09/2024,09:50:38,52256,52250.05,30,52265.75,60,0,14550
BANKNIFTY-III.NFO,02/09/2024,09:50:40,52256,52250.05,45,52269.45,75,0,14550
BANKNIFTY-III.NFO,02/09/2024,09:50:42,52256,52250.05,45,52268.4,60,0,14550
BANKNIFTY-III.NFO,02/09/2024,09:50:43,52256,52250.05,45,52266.45,75,0,14550
BANKNIFTY-III.NFO,02/09/2024,09:50:47,52256,52250,15,52260.95,60,0,14550
BANKNIFTY-III.NFO,02/09/2024,09:50:48,52256,52250,15,52263.5,75,0,14550
BANKNIFTY-III.NFO,02/09/2024,09:50:50,52256,52250,15,52262.4,75,0,14550
BANKNIFTY-III.NFO,02/09/2024,09:50:52,52256,52250,15,52261.8,75,0,14550
BANKNIFTY-III.NFO,02/09/2024,09:50:53,52256,52250,15,52261.5,75,0,14550
BANKNIFTY-III.NFO,02/09/2024,09:50:55,52256,52250,15,52261.2,75,0,14550
BANKNIFTY-III.NFO,02/09/2024,09:50:57,52256,52250,15,52261.75,60,0,14550
BANKNIFTY-III.NFO,02/09/2024,09:50:58,52256,52250,15,52262,60,0,14550
BANKNIFTY-III.NFO,02/09/2024,09:51:00,52256,52250,15,52261.35,60,0,14550
BANKNIFTY-III.NFO,02/09/2024,09:51:02,52256,52250,15,52260.15,75,0,14550
BANKNIFTY-III.NFO,02/09/2024,09:51:03,52256,52250,15,52259.5,75,0,14550
BANKNIFTY-III.NFO,02/09/2024,09:51:05,52256,52250,15,52260.55,75,0,14550
BANKNIFTY-III.NFO,02/09/2024,09:51:06,52256,52250,15,52260,150,0,14550
BANKNIFTY-III.NFO,02/09/2024,09:51:08,52256,52250,15,52262.6,75,0,14550
BANKNIFTY-III.NFO,02/09/2024,09:51:10,52256,52250.05,45,52266.45,75,0,14550
BANKNIFTY-III.NFO,02/09/2024,09:51:13,52256,52250.05,45,52267.45,75,0,14550
BANKNIFTY-III.NFO,02/09/2024,09:51:15,52256,52250.05,45,52267.85,60,0,14550
BANKNIFTY-III.NFO,02/09/2024,09:51:17,52267.35,52250.05,60,52267.3,60,15,14550
BANKNIFTY-III.NFO,02/09/2024,09:51:18,52267.35,52250.05,45,52264.8,60,0,14550
BANKNIFTY-III.NFO,02/09/2024,09:51:20,52267.35,52250.05,60,52267.75,60,0,14550
BANKNIFTY-III.NFO,02/09/2024,09:51:22,52267.35,52250.05,45,52264.2,60,0,14550
BANKNIFTY-III.NFO,02/09/2024,09:51:23,52264.5,52250.05,60,52264.15,75,15,14550
BANKNIFTY-III.NFO,02/09/2024,09:51:25,52264.5,52250.05,75,52265.5,60,0,14550
BANKNIFTY-III.NFO,02/09/2024,09:51:27,52264.5,52250.05,75,52267.85,75,0,14550
BANKNIFTY-III.NFO,02/09/2024,09:51:28,52264.5,52250.05,75,52266.95,75,0,14550
BANKNIFTY-III.NFO,02/09/2024,09:51:30,52264.5,52250.55,60,52270.95,75,0,14550
BANKNIFTY-III.NFO,02/09/2024,09:51:32,52264.5,52250.9,60,52272.15,75,0,14550
BANKNIFTY-III.NFO,02/09/2024,09:51:33,52264.5,52252.3,60,52272.7,75,0,14550
BANKNIFTY-III.NFO,02/09/2024,09:51:35,52264.5,52254.3,60,52274.85,60,0,14550
BANKNIFTY-III.NFO,02/09/2024,09:51:37,52264.5,52254.95,60,52273.6,75,0,14550
BANKNIFTY-III.NFO,02/09/2024,09:51:38,52264.5,52252.3,60,52270.4,60,0,14550
BANKNIFTY-III.NFO,02/09/2024,09:51:40,52264.5,52252.3,60,52271.4,75,0,14550
BANKNIFTY-III.NFO,02/09/2024,09:51:42,52264.5,52251.55,60,52269,75,0,14550
BANKNIFTY-III.NFO,02/09/2024,09:51:43,52264.5,52250.55,60,52268.95,75,0,14550
BANKNIFTY-III.NFO,02/09/2024,09:51:45,52264.5,52250.05,75,52267.1,75,0,14550
BANKNIFTY-III.NFO,02/09/2024,09:51:48,52264.5,52253,60,52272.65,75,0,14550
BANKNIFTY-III.NFO,02/09/2024,09:51:50,52264.5,52254.7,60,52274.4,75,0,14550
BANKNIFTY-III.NFO,02/09/2024,09:51:51,52264.5,52254.8,60,52276.15,75,0,14550
BANKNIFTY-III.NFO,02/09/2024,09:51:53,52264.5,52256.85,60,52275.9,75,0,14550
BANKNIFTY-III.NFO,02/09/2024,09:51:55,52264.5,52256.85,60,52276.45,75,0,14550
BANKNIFTY-III.NFO,02/09/2024,09:51:56,52264.5,52256.85,60,52275.7,75,0,14550
BANKNIFTY-III.NFO,02/09/2024,09:51:58,52264.5,52256.85,60,52277.4,75,0,14550
BANKNIFTY-III.NFO,02/09/2024,09:52:00,52264.5,52259.3,60,52280.7,75,0,14550
BANKNIFTY-III.NFO,02/09/2024,09:52:01,52264.5,52260.85,60,52280.75,75,0,14550
BANKNIFTY-III.NFO,02/09/2024,09:52:03,52264.5,52260.85,60,52281.2,75,0,14550
BANKNIFTY-III.NFO,02/09/2024,09:52:05,52264.5,52259.3,60,52278.2,60,0,14550
BANKNIFTY-III.NFO,02/09/2024,09:52:06,52264.5,52258.65,60,52277.3,60,0,14550
BANKNIFTY-III.NFO,02/09/2024,09:52:08,52264.5,52257.3,60,52276.6,60,0,14550
BANKNIFTY-III.NFO,02/09/2024,09:52:10,52264.5,52257.3,60,52276.35,60,0,14550
BANKNIFTY-III.NFO,02/09/2024,09:52:11,52264.5,52255.15,60,52274.55,75,0,14550
BANKNIFTY-III.NFO,02/09/2024,09:52:13,52264.5,52255.15,60,52274.45,60,0,14550
BANKNIFTY-III.NFO,02/09/2024,09:52:15,52264.5,52253,60,52271.7,75,0,14550
BANKNIFTY-III.NFO,02/09/2024,09:52:16,52264.5,52250.05,75,52269.3,60,0,14550
BANKNIFTY-III.NFO,02/09/2024,09:52:18,52264.5,52250.85,60,52271.5,60,0,14550
BANKNIFTY-III.NFO,02/09/2024,09:52:20,52264.5,52251.5,60,52271.65,60,0,14550
BANKNIFTY-III.NFO,02/09/2024,09:52:21,52264.5,52255.5,60,52275.7,60,0,14550
BANKNIFTY-III.NFO,02/09/2024,09:52:23,52264.5,52255.5,60,52274.3,225,0,14550
BANKNIFTY-III.NFO,02/09/2024,09:52:25,52264.5,52253.25,60,52273.15,75,0,14550
BANKNIFTY-III.NFO,02/09/2024,09:52:26,52264.5,52251.8,60,52272.05,60,0,14550
BANKNIFTY-III.NFO,02/09/2024,09:52:28,52264.5,52253.2,60,52272.7,75,0,14550
BANKNIFTY-III.NFO,02/09/2024,09:52:30,52264.5,52251.8,60,52271,60,0,14550
BANKNIFTY-III.NFO,02/09/2024,09:52:31,52264.5,52251.9,60,52272.05,75,0,14550
BANKNIFTY-III.NFO,02/09/2024,09:52:33,52264.5,52250.05,75,52268.8,60,0,14550
BANKNIFTY-III.NFO,02/09/2024,09:52:35,52264.5,52253.2,60,52273.3,60,0,14550
BANKNIFTY-III.NFO,02/09/2024,09:52:36,52264.5,52253.2,60,52273.1,75,0,14550
BANKNIFTY-III.NFO,02/09/2024,09:52:38,52264.5,52253.5,60,52273.65,75,0,14550
BANKNIFTY-III.NFO,02/09/2024,09:52:40,52264.5,52257.05,60,52277.85,75,0,14550
BANKNIFTY-III.NFO,02/09/2024,09:52:41,52264.5,52258.55,60,52279,75,0,14550
BANKNIFTY-III.NFO,02/09/2024,09:52:43,52264.5,52256.35,60,52275.85,75,0,14550
BANKNIFTY-III.NFO,02/09/2024,09:52:45,52264.5,52256.35,60,52275.2,75,0,14550
BANKNIFTY-III.NFO,02/09/2024,09:52:46,52264.5,52256.8,60,52276.9,75,0,14550
BANKNIFTY-III.NFO,02/09/2024,09:52:48,52264.5,52255.7,60,52274.75,75,0,14550
BANKNIFTY-III.NFO,02/09/2024,09:52:50,52264.5,52254.15,60,52273.4,75,0,14550
BANKNIFTY-III.NFO,02/09/2024,09:52:51,52264.5,52254.15,60,52272.75,75,0,14550
BANKNIFTY-III.NFO,02/09/2024,09:52:53,52264.5,52251.05,60,52271.2,75,0,14550
BANKNIFTY-III.NFO,02/09/2024,09:52:54,52264.5,52253.85,60,52274.2,75,0,14550
BANKNIFTY-III.NFO,02/09/2024,09:52:56,52264.5,52253.85,60,52273.55,75,0,14550
BANKNIFTY-III.NFO,02/09/2024,09:52:58,52264.5,52253.85,60,52273.55,225,0,14550
BANKNIFTY-III.NFO,02/09/2024,09:52:59,52264.5,52253.85,60,52272.85,75,0,14550
BANKNIFTY-III.NFO,02/09/2024,09:53:01,52264.5,52253.3,60,52273.35,60,0,14550
BANKNIFTY-III.NFO,02/09/2024,09:53:03,52264.5,52253.3,60,52272.65,75,0,14550
BANKNIFTY-III.NFO,02/09/2024,09:53:04,52264.5,52252.5,60,52264.5,15,0,14550
