Ticker,Date,Time,LTP,BuyPrice,BuyQty,SellPrice,SellQty,LTQ,OpenInterest
NIFTY-III.NFO,13/03/2025,09:15:07,22829.95,22803.8,150,22818.8,75,75,919500
NIFTY-III.NFO,13/03/2025,09:15:07,22829.95,22803.8,150,22818.8,75,0,919500
NIFTY-III.NFO,13/03/2025,09:15:07,22829.95,22803.8,150,22818.8,75,0,919500
NIFTY-III.NFO,13/03/2025,09:15:07,22829.95,22803.8,150,22818.8,75,0,919500
NIFTY-III.NFO,13/03/2025,09:15:08,22829.95,22800.05,150,22811.25,75,0,919500
NIFTY-III.NFO,13/03/2025,09:15:10,22829.95,22800.05,150,22810.7,225,0,919500
NIFTY-III.NFO,13/03/2025,09:15:11,22829.95,22800,75,22808.2,75,0,919500
NIFTY-III.NFO,13/03/2025,09:15:13,22829.95,22800,75,22806.85,75,0,919500
NIFTY-III.NFO,13/03/2025,09:15:14,22829.95,22800.05,150,22808.4,75,0,919500
NIFTY-III.NFO,13/03/2025,09:15:16,22829.95,22800,75,22805.95,75,0,919500
NIFTY-III.NFO,13/03/2025,09:15:17,22829.95,22800.05,75,22807.45,75,0,919500
NIFTY-III.NFO,13/03/2025,09:15:19,22829.95,22796.6,150,22807.4,75,0,919500
NIFTY-III.NFO,13/03/2025,09:15:20,22829.95,22797.4,150,22807.4,75,0,919500
NIFTY-III.NFO,13/03/2025,09:15:22,22829.95,22796.95,150,22807,75,0,919500
NIFTY-III.NFO,13/03/2025,09:15:24,22829.95,22792.85,150,22802.95,75,0,919500
NIFTY-III.NFO,13/03/2025,09:15:25,22829.95,22794.2,150,22804.7,75,0,919500
NIFTY-III.NFO,13/03/2025,09:15:27,22829.95,22794.8,150,22805.9,75,0,919500
NIFTY-III.NFO,13/03/2025,09:15:28,22804.95,22794.9,150,22805,75,75,919575
NIFTY-III.NFO,13/03/2025,09:15:28,22804.95,22794.9,150,22805,75,0,919575
NIFTY-III.NFO,13/03/2025,09:15:30,22804.95,22794.7,150,22804.85,75,0,919575
NIFTY-III.NFO,13/03/2025,09:15:31,22804.95,22793.95,150,22804.4,75,0,919575
NIFTY-III.NFO,13/03/2025,09:15:33,22804.95,22793.45,150,22802.7,75,0,919575
NIFTY-III.NFO,13/03/2025,09:15:34,22804.95,22790.05,150,22799.35,75,0,919575
NIFTY-III.NFO,13/03/2025,09:15:36,22804.95,22790.8,75,22799.35,75,0,919575
NIFTY-III.NFO,13/03/2025,09:15:38,22804.95,22790.95,150,22798.2,150,0,919575
NIFTY-III.NFO,13/03/2025,09:15:39,22804.95,22789.55,150,22796.95,75,0,919575
NIFTY-III.NFO,13/03/2025,09:15:41,22804.95,22787.2,150,22794.5,150,0,919575
NIFTY-III.NFO,13/03/2025,09:15:42,22804.95,22785.75,150,22794.5,75,0,919575
NIFTY-III.NFO,13/03/2025,09:15:44,22804.95,22787.9,150,22796.55,75,0,919575
NIFTY-III.NFO,13/03/2025,09:15:45,22804.95,22788.7,300,22798.05,150,0,919575
NIFTY-III.NFO,13/03/2025,09:15:47,22804.95,22788.8,150,22797.65,75,0,919575
NIFTY-III.NFO,13/03/2025,09:15:48,22804.95,22788.75,150,22797.6,150,0,919575
NIFTY-III.NFO,13/03/2025,09:15:50,22804.95,22787.55,150,22790,75,0,919575
NIFTY-III.NFO,13/03/2025,09:15:51,22804.95,22786.95,150,22790,75,0,919575
NIFTY-III.NFO,13/03/2025,09:15:53,22804.95,22787.95,75,22790,75,0,919575
NIFTY-III.NFO,13/03/2025,09:15:54,22804.95,22787.65,150,22790,75,0,919575
NIFTY-III.NFO,13/03/2025,09:15:56,22804.95,22787.5,150,22790,75,0,919575
NIFTY-III.NFO,13/03/2025,09:15:57,22804.95,22786.35,150,22790,75,0,919575
NIFTY-III.NFO,13/03/2025,09:15:59,22790,22786.15,150,22792.2,75,150,919575
NIFTY-III.NFO,13/03/2025,09:15:59,22786.95,22786.15,150,22792.2,75,0,919575
NIFTY-III.NFO,13/03/2025,09:16:00,22790,22787.9,150,22795.75,150,0,919575
NIFTY-III.NFO,13/03/2025,09:16:02,22790,22788.3,75,22795.7,75,0,919575
NIFTY-III.NFO,13/03/2025,09:16:03,22790,22786.1,375,22794.3,75,0,919575
NIFTY-III.NFO,13/03/2025,09:16:04,22790,22786.1,225,22794.3,75,0,919575
NIFTY-III.NFO,13/03/2025,09:16:06,22790,22786.2,150,22794.3,75,0,919575
NIFTY-III.NFO,13/03/2025,09:16:08,22790,22786.35,75,22794.85,75,0,919575
NIFTY-III.NFO,13/03/2025,09:16:09,22790,22790,75,22795.2,75,0,919575
NIFTY-III.NFO,13/03/2025,09:16:11,22790,22790,75,22794.4,75,0,919575
NIFTY-III.NFO,13/03/2025,09:16:12,22790,22788.1,150,22790,75,75,919575
NIFTY-III.NFO,13/03/2025,09:16:14,22790,22793.6,75,22795,150,0,919575
NIFTY-III.NFO,13/03/2025,09:16:16,22790.4,22789.85,150,22795,150,150,919575
NIFTY-III.NFO,13/03/2025,09:16:17,22790.4,22789.35,225,22795,150,0,919575
NIFTY-III.NFO,13/03/2025,09:16:19,22794.95,22788.45,150,22795,150,150,919575
NIFTY-III.NFO,13/03/2025,09:16:21,22794.95,22788.15,75,22795,225,0,919575
NIFTY-III.NFO,13/03/2025,09:16:22,22794.95,22787.6,75,22794.2,150,0,919575
NIFTY-III.NFO,13/03/2025,09:16:24,22794.95,22787.15,75,22794.2,75,0,919575
NIFTY-III.NFO,13/03/2025,09:16:26,22794.95,22785.6,75,22792,75,0,919575
NIFTY-III.NFO,13/03/2025,09:16:27,22791.15,22784.4,150,22791.15,75,75,919575
NIFTY-III.NFO,13/03/2025,09:16:29,22791.15,22781.4,150,22789.6,225,0,919575
NIFTY-III.NFO,13/03/2025,09:16:30,22791.15,22781.9,150,22790.4,75,0,919575
NIFTY-III.NFO,13/03/2025,09:16:32,22791.15,22781.5,225,22789.45,75,0,919575
NIFTY-III.NFO,13/03/2025,09:16:34,22790.8,22782.45,375,22791.6,225,75,919575
NIFTY-III.NFO,13/03/2025,09:16:35,22790.8,22782.65,75,22790.8,225,0,919575
NIFTY-III.NFO,13/03/2025,09:16:37,22790.8,22782.35,150,22790.8,225,0,919575
NIFTY-III.NFO,13/03/2025,09:16:39,22782.35,22782.8,225,22790.5,75,75,919575
NIFTY-III.NFO,13/03/2025,09:16:39,22782.35,22782.8,225,22790.5,75,0,919575
NIFTY-III.NFO,13/03/2025,09:16:40,22782.35,22781.05,75,22786.75,150,0,919575
NIFTY-III.NFO,13/03/2025,09:16:42,22782.35,22781.05,75,22785.9,75,0,919575
NIFTY-III.NFO,13/03/2025,09:16:44,22780.65,22774.25,75,22780.05,75,150,919575
NIFTY-III.NFO,13/03/2025,09:16:44,22780.65,22774.25,75,22780.05,75,0,919575
NIFTY-III.NFO,13/03/2025,09:16:45,22780.65,22774.8,150,22782.95,150,0,919575
NIFTY-III.NFO,13/03/2025,09:16:47,22774.8,22774.8,150,22782.8,150,75,919575
NIFTY-III.NFO,13/03/2025,09:16:47,22774.8,22774.8,150,22782.8,150,0,919575
NIFTY-III.NFO,13/03/2025,09:16:49,22774.8,22773.8,150,22781.6,150,0,919575
NIFTY-III.NFO,13/03/2025,09:16:50,22774.8,22772.05,150,22779.95,150,0,919575
NIFTY-III.NFO,13/03/2025,09:16:52,22774.8,22771.3,150,22778.95,75,0,919575
NIFTY-III.NFO,13/03/2025,09:16:54,22772.45,22773,450,22781.25,75,150,919575
NIFTY-III.NFO,13/03/2025,09:16:54,22771.3,22773,450,22781.25,75,0,919575
NIFTY-III.NFO,13/03/2025,09:16:55,22772.45,22774,1575,22781.85,225,0,919575
NIFTY-III.NFO,13/03/2025,09:16:57,22772.45,22774.05,75,22782.6,150,0,919575
NIFTY-III.NFO,13/03/2025,09:16:59,22772.45,22774,1575,22781.65,225,0,919575
NIFTY-III.NFO,13/03/2025,09:17:00,22772.45,22774,1575,22781.55,150,0,919575
NIFTY-III.NFO,13/03/2025,09:17:02,22772.45,22774,1500,22779.9,150,0,919575
NIFTY-III.NFO,13/03/2025,09:17:03,22772.45,22774,1575,22781,75,0,919575
NIFTY-III.NFO,13/03/2025,09:17:05,22772.45,22774,1575,22781.9,75,0,919575
NIFTY-III.NFO,13/03/2025,09:17:07,22772.45,22774.05,150,22781.2,75,0,919575
NIFTY-III.NFO,13/03/2025,09:17:08,22774.05,22774.05,75,22782.25,150,75,919575
NIFTY-III.NFO,13/03/2025,09:17:10,22774.05,22774.75,75,22782.85,375,0,919575
NIFTY-III.NFO,13/03/2025,09:17:12,22774.05,22775,75,22782.8,225,0,919575
NIFTY-III.NFO,13/03/2025,09:17:15,22774.05,22776.1,150,22783.2,150,0,919575
NIFTY-III.NFO,13/03/2025,09:17:17,22783.4,22776.75,75,22784.6,375,75,919575
NIFTY-III.NFO,13/03/2025,09:17:19,22783.4,22778,75,22784.8,150,0,919575
NIFTY-III.NFO,13/03/2025,09:17:20,22783.4,22778.7,75,22786.15,150,0,919575
NIFTY-III.NFO,13/03/2025,09:17:22,22783.4,22778,75,22785.9,150,0,919575
NIFTY-III.NFO,13/03/2025,09:17:24,22783.4,22776.8,150,22783.35,225,0,919575
NIFTY-III.NFO,13/03/2025,09:17:25,22783.4,22776.85,75,22783.35,225,0,919575
NIFTY-III.NFO,13/03/2025,09:17:27,22783.4,22775.45,75,22782.95,150,0,919575
NIFTY-III.NFO,13/03/2025,09:17:29,22783.4,22775.45,150,22782.75,225,0,919575
NIFTY-III.NFO,13/03/2025,09:17:30,22783.4,22774.85,150,22782.5,150,0,919575
NIFTY-III.NFO,13/03/2025,09:17:35,22783.4,22775.55,150,22782.35,75,0,919575
NIFTY-III.NFO,13/03/2025,09:17:37,22783.4,22775,75,22782.05,150,0,919575
NIFTY-III.NFO,13/03/2025,09:17:39,22783.4,22775.05,150,22782.45,150,0,919575
NIFTY-III.NFO,13/03/2025,09:17:40,22783.4,22775.7,150,22783.3,225,0,919575
NIFTY-III.NFO,13/03/2025,09:17:42,22783.4,22776.55,150,22783.4,75,0,919575
NIFTY-III.NFO,13/03/2025,09:17:43,22783.4,22777.2,150,22783.4,75,0,919575
NIFTY-III.NFO,13/03/2025,09:17:45,22783.4,22777.25,150,22783.4,75,0,919575
NIFTY-III.NFO,13/03/2025,09:17:47,22783.4,22777.9,150,22783.4,75,0,919575
NIFTY-III.NFO,13/03/2025,09:17:50,22783.4,22778.15,150,22783.4,75,0,919575
NIFTY-III.NFO,13/03/2025,09:17:55,22783.4,22779.4,150,22783.4,75,0,919575
NIFTY-III.NFO,13/03/2025,09:17:57,22783.4,22780.1,150,22783.4,75,0,919575
NIFTY-III.NFO,13/03/2025,09:17:58,22783.4,22780.65,150,22783.4,75,0,919575
NIFTY-III.NFO,13/03/2025,09:18:00,22783.4,22781.75,75,22783.4,75,0,919575
NIFTY-III.NFO,13/03/2025,09:18:02,22782.75,22782.8,75,22791.3,150,150,919575
NIFTY-III.NFO,13/03/2025,09:18:03,22782.75,22782.8,75,22790.55,225,0,919575
NIFTY-III.NFO,13/03/2025,09:18:05,22782.75,22783.3,150,22790.65,225,0,919575
NIFTY-III.NFO,13/03/2025,09:18:07,22782.75,22783.05,150,22790.75,75,0,919575
NIFTY-III.NFO,13/03/2025,09:18:08,22782.75,22783.3,150,22790.95,150,0,919575
NIFTY-III.NFO,13/03/2025,09:18:10,22782.75,22784,75,22790.95,150,0,919575
NIFTY-III.NFO,13/03/2025,09:18:12,22782.75,22784,150,22790.7,150,0,919575
NIFTY-III.NFO,13/03/2025,09:18:13,22782.75,22784,150,22789.4,75,0,919575
NIFTY-III.NFO,13/03/2025,09:18:20,22782.75,22784,75,22789.35,150,0,919575
NIFTY-III.NFO,13/03/2025,09:18:22,22782.75,22782.75,150,22789.3,225,0,919575
NIFTY-III.NFO,13/03/2025,09:18:23,22782.75,22782.75,75,22788.3,150,0,919575
NIFTY-III.NFO,13/03/2025,09:18:25,22782.75,22782.75,75,22786.7,225,0,919575
NIFTY-III.NFO,13/03/2025,09:18:27,22782.75,22782.75,75,22786.3,225,0,919575
NIFTY-III.NFO,13/03/2025,09:18:28,22785.85,22782.75,75,22786.1,225,75,919950
NIFTY-III.NFO,13/03/2025,09:18:30,22785.85,22782.75,75,22786.9,225,0,919950
NIFTY-III.NFO,13/03/2025,09:18:32,22785.85,22782.75,75,22785.9,450,0,919950
NIFTY-III.NFO,13/03/2025,09:18:33,22785.85,22782.75,75,22784.45,150,0,919950
NIFTY-III.NFO,13/03/2025,09:18:35,22785.85,22782.75,75,22784.5,150,0,919950
NIFTY-III.NFO,13/03/2025,09:18:37,22782.75,22784.4,75,22785.2,150,75,919950
NIFTY-III.NFO,13/03/2025,09:18:38,22784.4,22780,1500,22785.75,225,75,919950
NIFTY-III.NFO,13/03/2025,09:18:40,22784.4,22780,1500,22786.35,75,0,919950
NIFTY-III.NFO,13/03/2025,09:18:42,22784.4,22780,1575,22787.1,225,0,919950
NIFTY-III.NFO,13/03/2025,09:18:43,22784.4,22780.25,150,22787.85,75,0,919950
NIFTY-III.NFO,13/03/2025,09:18:45,22784.4,22781.5,150,22789.1,150,0,919950
NIFTY-III.NFO,13/03/2025,09:18:47,22784.4,22781.5,150,22789.2,225,0,919950
NIFTY-III.NFO,13/03/2025,09:18:48,22784.4,22781.5,75,22789.1,225,0,919950
NIFTY-III.NFO,13/03/2025,09:18:50,22784.4,22780.85,150,22788.7,225,0,919950
NIFTY-III.NFO,13/03/2025,09:18:52,22784.4,22780.1,150,22787.6,150,0,919950
NIFTY-III.NFO,13/03/2025,09:18:53,22784.4,22780,1500,22786.6,150,0,919950
NIFTY-III.NFO,13/03/2025,09:18:55,22784.4,22780,1500,22786,600,0,919950
NIFTY-III.NFO,13/03/2025,09:18:57,22784.4,22784.4,900,22785.25,300,0,919950
NIFTY-III.NFO,13/03/2025,09:18:58,22784.4,22784.4,825,22785.25,150,150,919950
NIFTY-III.NFO,13/03/2025,09:19:00,22784.4,22784.4,825,22784.6,150,0,919950
NIFTY-III.NFO,13/03/2025,09:19:03,22782.9,22780,1500,22782.9,75,900,919950
NIFTY-III.NFO,13/03/2025,09:19:05,22782.9,22780,1500,22783.75,225,0,919950
NIFTY-III.NFO,13/03/2025,09:19:06,22782.95,22780,1500,22782.5,150,300,919950
NIFTY-III.NFO,13/03/2025,09:19:08,22780,22780,1350,22780.25,150,150,919950
NIFTY-III.NFO,13/03/2025,09:19:10,22780,22780,900,22782.15,75,450,919950
NIFTY-III.NFO,13/03/2025,09:19:11,22780,22780,900,22780.55,150,0,919950
NIFTY-III.NFO,13/03/2025,09:19:13,22780,22780,1575,22780.65,75,900,919950
NIFTY-III.NFO,13/03/2025,09:19:15,22777,22770.5,75,22777.85,225,2025,919950
NIFTY-III.NFO,13/03/2025,09:19:16,22777,22770,75,22775.2,225,0,919950
NIFTY-III.NFO,13/03/2025,09:19:18,22777,22770.05,150,22776.1,225,0,919950
NIFTY-III.NFO,13/03/2025,09:19:20,22778.3,22770.05,225,22778.55,75,300,919950
NIFTY-III.NFO,13/03/2025,09:19:22,22778.3,22770.05,225,22779.65,75,0,919950
NIFTY-III.NFO,13/03/2025,09:19:25,22781.65,22771.3,225,22781.6,75,300,919950
NIFTY-III.NFO,13/03/2025,09:19:27,22771.3,22771.3,225,22779.85,75,75,919950
NIFTY-III.NFO,13/03/2025,09:19:28,22771.3,22771.3,225,22780.05,75,0,919950
NIFTY-III.NFO,13/03/2025,09:19:30,22771.3,22771.3,600,22781.2,75,0,919950
NIFTY-III.NFO,13/03/2025,09:19:32,22771.3,22771.6,150,22780,75,0,919950
NIFTY-III.NFO,13/03/2025,09:19:33,22771.3,22771.6,150,22779.95,75,0,919950
NIFTY-III.NFO,13/03/2025,09:19:35,22771.3,22771.6,150,22779.75,150,0,919950
NIFTY-III.NFO,13/03/2025,09:19:37,22771.6,22771.6,150,22779.7,150,75,919950
NIFTY-III.NFO,13/03/2025,09:19:38,22771.6,22771.6,150,22779.7,150,0,919950
NIFTY-III.NFO,13/03/2025,09:19:40,22771.6,22772,75,22779.3,225,75,919950
NIFTY-III.NFO,13/03/2025,09:19:42,22771.6,22772.05,75,22779.6,150,0,919950
NIFTY-III.NFO,13/03/2025,09:19:43,22771.6,22772.05,75,22779.5,75,0,919950
NIFTY-III.NFO,13/03/2025,09:19:45,22771.6,22772.05,150,22779.3,150,0,919950
NIFTY-III.NFO,13/03/2025,09:19:47,22771.6,22772.05,150,22779.6,150,0,919950
NIFTY-III.NFO,13/03/2025,09:19:48,22771.6,22772,150,22778.95,225,0,919950
NIFTY-III.NFO,13/03/2025,09:19:50,22771.6,22772.05,150,22777.4,75,0,919950
NIFTY-III.NFO,13/03/2025,09:19:52,22777.4,22772,150,22778.35,150,75,919950
NIFTY-III.NFO,13/03/2025,09:19:53,22777.4,22772.05,75,22778.25,225,0,919950
NIFTY-III.NFO,13/03/2025,09:19:55,22777.4,22778.25,75,22779.4,150,0,919950
NIFTY-III.NFO,13/03/2025,09:19:57,22778.25,22772.05,150,22778.25,75,75,919950
NIFTY-III.NFO,13/03/2025,09:19:58,22778.2,22772.05,150,22777,150,75,919950
NIFTY-III.NFO,13/03/2025,09:20:01,22778.2,22772,75,22776.95,225,0,919950
NIFTY-III.NFO,13/03/2025,09:20:03,22778.2,22772,75,22775.25,225,0,919950
NIFTY-III.NFO,13/03/2025,09:20:05,22778.2,22772,75,22775.75,150,0,919950
NIFTY-III.NFO,13/03/2025,09:20:07,22778.2,22772,75,22775,150,0,919950
NIFTY-III.NFO,13/03/2025,09:20:08,22772,22766.7,75,22775,225,75,919950
NIFTY-III.NFO,13/03/2025,09:20:10,22766.1,22766.1,75,22768.7,75,75,919950
NIFTY-III.NFO,13/03/2025,09:20:10,22766.1,22766.1,75,22768.7,75,0,919950
NIFTY-III.NFO,13/03/2025,09:20:11,22768.7,22766.65,300,22774.8,75,75,919950
NIFTY-III.NFO,13/03/2025,09:20:13,22768.7,22766.95,75,22775.2,75,0,919950
NIFTY-III.NFO,13/03/2025,09:20:15,22768.7,22766.95,75,22774.95,150,0,919950
NIFTY-III.NFO,13/03/2025,09:20:16,22768.7,22766.95,75,22775.45,75,0,919950
NIFTY-III.NFO,13/03/2025,09:20:18,22768.7,22767.05,75,22775.45,75,0,919950
NIFTY-III.NFO,13/03/2025,09:20:20,22768.7,22767.6,75,22776.8,150,0,919950
NIFTY-III.NFO,13/03/2025,09:20:21,22768.7,22769.85,75,22774,150,0,919950
NIFTY-III.NFO,13/03/2025,09:20:23,22769.85,22770.45,150,22774,150,75,919950
NIFTY-III.NFO,13/03/2025,09:20:24,22769.85,22771.15,150,22774,150,0,919950
NIFTY-III.NFO,13/03/2025,09:20:26,22774,22771.4,150,22774,75,225,919950
NIFTY-III.NFO,13/03/2025,09:20:28,22774,22771.65,75,22779.4,150,150,919950
NIFTY-III.NFO,13/03/2025,09:20:29,22772.1,22772.1,75,22780.1,150,75,919950
NIFTY-III.NFO,13/03/2025,09:20:31,22772.1,22772.1,150,22780.9,150,0,919950
NIFTY-III.NFO,13/03/2025,09:20:33,22772.1,22773.45,150,22781.5,150,0,919950
NIFTY-III.NFO,13/03/2025,09:20:34,22772.1,22774.8,150,22783.1,75,0,919950
NIFTY-III.NFO,13/03/2025,09:20:36,22772.1,22775,375,22783.7,150,0,919950
NIFTY-III.NFO,13/03/2025,09:20:38,22772.1,22774.8,75,22783.35,75,0,919950
NIFTY-III.NFO,13/03/2025,09:20:39,22772.1,22774.3,75,22781.9,75,0,919950
NIFTY-III.NFO,13/03/2025,09:20:41,22772.1,22772.75,75,22780.55,225,0,919950
NIFTY-III.NFO,13/03/2025,09:20:43,22772.1,22770.6,75,22779.3,150,0,919950
NIFTY-III.NFO,13/03/2025,09:20:44,22772.1,22770,150,22777.2,225,0,919950
NIFTY-III.NFO,13/03/2025,09:20:46,22772.1,22770,150,22777.25,75,0,919950
NIFTY-III.NFO,13/03/2025,09:20:48,22772.1,22770,75,22775.15,150,0,919950
NIFTY-III.NFO,13/03/2025,09:20:49,22772.1,22770,75,22774.5,150,0,919950
NIFTY-III.NFO,13/03/2025,09:20:51,22772.1,22770,75,22774.4,150,0,919950
NIFTY-III.NFO,13/03/2025,09:20:52,22772.1,22772,750,22774.6,150,0,919950
NIFTY-III.NFO,13/03/2025,09:20:54,22772,22772,525,22773.25,150,225,919950
NIFTY-III.NFO,13/03/2025,09:20:56,22772,22772,450,22775.15,225,75,919950
NIFTY-III.NFO,13/03/2025,09:20:57,22774.2,22772,450,22775.05,150,75,919950
NIFTY-III.NFO,13/03/2025,09:20:59,22774.2,22772,450,22774.2,75,0,919950
NIFTY-III.NFO,13/03/2025,09:21:01,22774.2,22772,450,22775.1,150,0,919950
NIFTY-III.NFO,13/03/2025,09:21:02,22774.2,22772,450,22774.25,150,0,919950
NIFTY-III.NFO,13/03/2025,09:21:04,22774.2,22772,450,22774.55,150,0,919950
NIFTY-III.NFO,13/03/2025,09:21:07,22774.2,22772,450,22774.1,150,0,919950
NIFTY-III.NFO,13/03/2025,09:21:09,22774.2,22772,450,22774.15,75,0,919950
NIFTY-III.NFO,13/03/2025,09:21:10,22774.2,22772,450,22775.35,600,0,919950
NIFTY-III.NFO,13/03/2025,09:21:12,22772,22772,375,22775.35,150,75,919950
NIFTY-III.NFO,13/03/2025,09:21:14,22772,22774.4,75,22775.9,150,0,919950
NIFTY-III.NFO,13/03/2025,09:21:15,22772,22772,375,22774.4,75,0,919950
NIFTY-III.NFO,13/03/2025,09:21:17,22772,22772,375,22774.85,150,0,919950
NIFTY-III.NFO,13/03/2025,09:21:19,22772,22772,375,22773.65,75,0,919950
NIFTY-III.NFO,13/03/2025,09:21:20,22772,22772,375,22773.05,150,0,919950
NIFTY-III.NFO,13/03/2025,09:21:22,22772,22772,375,22773,75,0,919950
NIFTY-III.NFO,13/03/2025,09:21:24,22770,22762.35,75,22769.9,150,525,919950
NIFTY-III.NFO,13/03/2025,09:21:25,22770,22761.1,75,22767.55,150,0,919950
NIFTY-III.NFO,13/03/2025,09:21:27,22767.25,22766.15,75,22767.85,150,75,919950
NIFTY-III.NFO,13/03/2025,09:21:29,22767.25,22766.15,75,22768.1,75,0,919950
NIFTY-III.NFO,13/03/2025,09:21:30,22767.25,22766.15,75,22769.75,225,0,919950
NIFTY-III.NFO,13/03/2025,09:21:32,22767.25,22766.15,75,22767.75,75,0,919950
NIFTY-III.NFO,13/03/2025,09:21:34,22767.25,22761.65,150,22767.75,75,0,919950
NIFTY-III.NFO,13/03/2025,09:21:35,22767.25,22767.6,75,22767.7,150,0,919950
NIFTY-III.NFO,13/03/2025,09:21:37,22767.6,22761.3,150,22768.35,150,75,919875
NIFTY-III.NFO,13/03/2025,09:21:39,22767.6,22761.1,75,22767.3,225,0,919875
NIFTY-III.NFO,13/03/2025,09:21:40,22767.6,22761.15,225,22767.35,75,0,919875
NIFTY-III.NFO,13/03/2025,09:21:42,22767.6,22761.15,150,22767.25,75,0,919875
NIFTY-III.NFO,13/03/2025,09:21:44,22767.6,22761.15,150,22767.3,150,0,919875
NIFTY-III.NFO,13/03/2025,09:21:45,22767.6,22761.1,75,22766.8,75,0,919875
NIFTY-III.NFO,13/03/2025,09:21:47,22767.6,22761.15,225,22767,225,0,919875
NIFTY-III.NFO,13/03/2025,09:21:49,22767.6,22761.15,150,22767,225,0,919875
NIFTY-III.NFO,13/03/2025,09:21:50,22767.6,22761.1,75,22764.8,75,0,919875
NIFTY-III.NFO,13/03/2025,09:21:52,22767.6,22761.1,75,22766.15,75,0,919875
NIFTY-III.NFO,13/03/2025,09:21:54,22767.6,22761.1,75,22763.05,150,0,919875
NIFTY-III.NFO,13/03/2025,09:21:55,22761.1,22761,75,22765.1,150,75,919875
NIFTY-III.NFO,13/03/2025,09:21:55,22761.1,22761,75,22765.1,150,0,919875
NIFTY-III.NFO,13/03/2025,09:21:57,22761.1,22761,75,22765.8,75,0,919875
NIFTY-III.NFO,13/03/2025,09:21:59,22761.1,22765.85,75,22767,75,0,919875
NIFTY-III.NFO,13/03/2025,09:22:00,22761.1,22761.05,150,22766.6,75,0,919875
NIFTY-III.NFO,13/03/2025,09:22:02,22761.1,22761,75,22765.6,225,0,919875
NIFTY-III.NFO,13/03/2025,09:22:04,22762.7,22761,75,22763.45,150,75,919875
NIFTY-III.NFO,13/03/2025,09:22:05,22762.7,22761,75,22761.9,150,0,919875
NIFTY-III.NFO,13/03/2025,09:22:07,22761,22760,75,22761.15,75,75,919875
NIFTY-III.NFO,13/03/2025,09:22:07,22761,22760,75,22761.15,75,0,919875
NIFTY-III.NFO,13/03/2025,09:22:09,22761.15,22760,75,22762.5,75,75,919875
NIFTY-III.NFO,13/03/2025,09:22:10,22761.15,22760,75,22761.55,150,0,919875
NIFTY-III.NFO,13/03/2025,09:22:12,22760,22762,75,22762.55,150,75,919875
NIFTY-III.NFO,13/03/2025,09:22:12,22760,22762,75,22762.55,150,0,919875
NIFTY-III.NFO,13/03/2025,09:22:14,22762,22754.8,225,22761.75,75,75,919875
NIFTY-III.NFO,13/03/2025,09:22:15,22762.4,22754.9,150,22762.5,150,300,919875
NIFTY-III.NFO,13/03/2025,09:22:17,22762.4,22754.9,150,22763.65,75,0,919875
NIFTY-III.NFO,13/03/2025,09:22:19,22762.4,22754.75,150,22762.4,75,0,919875
NIFTY-III.NFO,13/03/2025,09:22:20,22761.1,22753.4,225,22760.6,75,75,919875
NIFTY-III.NFO,13/03/2025,09:22:22,22761.1,22753.4,225,22761.85,225,0,919875
NIFTY-III.NFO,13/03/2025,09:22:24,22761.1,22753.5,150,22760.9,150,0,919875
NIFTY-III.NFO,13/03/2025,09:22:25,22761.1,22754,150,22760,1500,0,919875
NIFTY-III.NFO,13/03/2025,09:22:27,22761.1,22753.95,150,22760,1500,0,919875
NIFTY-III.NFO,13/03/2025,09:22:29,22761.1,22754.05,150,22760,1500,0,919875
NIFTY-III.NFO,13/03/2025,09:22:30,22761.1,22754.3,225,22760,1500,0,919875
NIFTY-III.NFO,13/03/2025,09:22:32,22760,22754.45,75,22760,1200,300,919875
NIFTY-III.NFO,13/03/2025,09:22:34,22760,22754.9,150,22762,1275,0,919875
NIFTY-III.NFO,13/03/2025,09:22:35,22760,22752.15,75,22759.85,75,0,919875
NIFTY-III.NFO,13/03/2025,09:22:37,22760,22752.55,75,22759.85,150,0,919875
NIFTY-III.NFO,13/03/2025,09:22:39,22760.35,22753.25,150,22760.55,150,300,919875
NIFTY-III.NFO,13/03/2025,09:22:39,22759.85,22753.25,150,22760.55,150,0,919875
NIFTY-III.NFO,13/03/2025,09:22:40,22760.35,22753.25,150,22760.55,150,0,919875
NIFTY-III.NFO,13/03/2025,09:22:42,22760.35,22753.45,150,22760.55,150,0,919875
NIFTY-III.NFO,13/03/2025,09:22:44,22761.5,22754.1,225,22761.15,375,300,919875
NIFTY-III.NFO,13/03/2025,09:22:45,22761.5,22755.4,150,22762,1200,0,919875
NIFTY-III.NFO,13/03/2025,09:22:49,22761.5,22756.3,225,22762,1200,0,919875
NIFTY-III.NFO,13/03/2025,09:22:50,22761.5,22755.6,150,22762,1200,0,919875
NIFTY-III.NFO,13/03/2025,09:22:52,22761.5,22756.6,75,22762,1200,0,919875
NIFTY-III.NFO,13/03/2025,09:22:54,22761.5,22757.55,225,22762,1200,0,919875
NIFTY-III.NFO,13/03/2025,09:22:55,22755,22756.5,75,22764.45,150,1200,919875
NIFTY-III.NFO,13/03/2025,09:22:55,22755,22756.5,75,22764.45,150,0,919875
NIFTY-III.NFO,13/03/2025,09:22:57,22755,22756.5,75,22764.45,150,0,919875
NIFTY-III.NFO,13/03/2025,09:22:58,22755,22756.55,150,22764.35,150,0,919875
NIFTY-III.NFO,13/03/2025,09:23:00,22755,22756.85,225,22764.15,150,0,919875
NIFTY-III.NFO,13/03/2025,09:23:02,22755,22757.5,225,22764.7,225,0,919875
NIFTY-III.NFO,13/03/2025,09:23:03,22755,22756.8,225,22764.3,75,0,919875
NIFTY-III.NFO,13/03/2025,09:23:05,22755,22756.5,225,22763.85,150,0,919875
NIFTY-III.NFO,13/03/2025,09:23:07,22755,22755.6,150,22763.85,150,0,919875
NIFTY-III.NFO,13/03/2025,09:23:08,22755,22755.6,225,22763.65,225,0,919875
NIFTY-III.NFO,13/03/2025,09:23:10,22755,22757.25,225,22764.65,150,0,919875
NIFTY-III.NFO,13/03/2025,09:23:12,22755,22759.45,75,22767.5,150,0,919875
NIFTY-III.NFO,13/03/2025,09:23:13,22755,22760.2,225,22768.85,225,0,919875
NIFTY-III.NFO,13/03/2025,09:23:15,22755,22761.85,225,22768.95,150,0,919875
NIFTY-III.NFO,13/03/2025,09:23:17,22755,22762.35,225,22768.95,150,0,919875
NIFTY-III.NFO,13/03/2025,09:23:18,22755,22763.15,225,22768.95,150,0,919875
NIFTY-III.NFO,13/03/2025,09:23:20,22755,22763.9,225,22769,75,0,919875
NIFTY-III.NFO,13/03/2025,09:23:22,22755,22763.95,225,22769,75,0,919875
NIFTY-III.NFO,13/03/2025,09:23:25,22755,22766.05,75,22769,75,0,919875
NIFTY-III.NFO,13/03/2025,09:23:27,22755,22766.3,150,22769,75,0,919875
NIFTY-III.NFO,13/03/2025,09:23:30,22755,22766.55,150,22769,75,0,919875
NIFTY-III.NFO,13/03/2025,09:23:32,22755,22767.05,150,22769,75,0,919875
NIFTY-III.NFO,13/03/2025,09:23:33,22769,22767.2,150,22775.4,150,75,919875
NIFTY-III.NFO,13/03/2025,09:23:35,22769,22768.05,225,22775.1,225,0,919875
NIFTY-III.NFO,13/03/2025,09:23:37,22769,22768.7,225,22776.3,150,0,919875
NIFTY-III.NFO,13/03/2025,09:23:38,22769,22768.7,225,22775.95,150,0,919875
NIFTY-III.NFO,13/03/2025,09:23:40,22769,22769,150,22775.55,150,0,919875
NIFTY-III.NFO,13/03/2025,09:23:42,22769,22766.15,75,22769,75,75,919875
NIFTY-III.NFO,13/03/2025,09:23:44,22765.45,22766.4,225,22769,75,300,919875
NIFTY-III.NFO,13/03/2025,09:23:45,22769,22769,150,22775.85,225,150,919875
NIFTY-III.NFO,13/03/2025,09:23:47,22769,22769.25,150,22776.75,75,0,919875
NIFTY-III.NFO,13/03/2025,09:23:49,22769,22769.25,75,22776.05,225,0,919875
NIFTY-III.NFO,13/03/2025,09:23:50,22769,22768.45,75,22776.05,225,0,919875
NIFTY-III.NFO,13/03/2025,09:23:52,22769,22767.35,75,22775.4,150,0,919875
NIFTY-III.NFO,13/03/2025,09:23:54,22769,22765.8,75,22768.45,75,0,919875
NIFTY-III.NFO,13/03/2025,09:23:55,22768.45,22765,150,22772.45,150,75,919875
NIFTY-III.NFO,13/03/2025,09:23:57,22765,22763.3,75,22772.15,150,75,919875
NIFTY-III.NFO,13/03/2025,09:23:59,22765,22763.75,375,22772,150,0,919875
NIFTY-III.NFO,13/03/2025,09:24:00,22765,22763.65,75,22769,375,0,919875
NIFTY-III.NFO,13/03/2025,09:24:02,22765,22764.4,75,22769,375,0,919875
NIFTY-III.NFO,13/03/2025,09:24:04,22769,22765.1,75,22769,300,150,919875
NIFTY-III.NFO,13/03/2025,09:24:05,22769,22765.15,150,22769,225,75,919875
NIFTY-III.NFO,13/03/2025,09:24:07,22766.1,22766.15,225,22769,225,75,919875
NIFTY-III.NFO,13/03/2025,09:24:08,22769,22766.4,150,22769,150,75,919875
NIFTY-III.NFO,13/03/2025,09:24:10,22769,22766.15,150,22769,75,150,919875
NIFTY-III.NFO,13/03/2025,09:24:12,22766.15,22766.5,75,22769,75,150,919875
NIFTY-III.NFO,13/03/2025,09:24:13,22769,22766.55,150,22774.15,75,75,919875
NIFTY-III.NFO,13/03/2025,09:24:15,22769,22768.6,150,22775.85,75,0,919875
NIFTY-III.NFO,13/03/2025,09:24:17,22769,22769.75,150,22777.2,150,0,919875
NIFTY-III.NFO,13/03/2025,09:24:18,22769,22769.9,75,22778.2,75,0,919875
NIFTY-III.NFO,13/03/2025,09:24:20,22769,22772,150,22779.95,225,0,919875
NIFTY-III.NFO,13/03/2025,09:24:22,22772,22772,75,22779.95,225,75,919875
NIFTY-III.NFO,13/03/2025,09:24:23,22772,22772,75,22779.95,225,0,919875
NIFTY-III.NFO,13/03/2025,09:24:25,22772,22772,75,22780,225,0,919875
NIFTY-III.NFO,13/03/2025,09:24:27,22772,22772.75,150,22779.95,225,0,919875
NIFTY-III.NFO,13/03/2025,09:24:28,22772,22772.7,150,22779.95,225,0,919875
NIFTY-III.NFO,13/03/2025,09:24:30,22772,22772.2,75,22779.95,225,0,919875
NIFTY-III.NFO,13/03/2025,09:24:32,22772,22773,150,22780,150,0,919875
NIFTY-III.NFO,13/03/2025,09:24:33,22772,22774.45,150,22780,150,0,919875
NIFTY-III.NFO,13/03/2025,09:24:35,22772,22776.95,75,22780,150,0,919875
NIFTY-III.NFO,13/03/2025,09:24:37,22776.95,22776.75,150,22780,150,75,921450
NIFTY-III.NFO,13/03/2025,09:24:38,22780,22776.75,75,22780,75,75,921450
NIFTY-III.NFO,13/03/2025,09:24:40,22780,22776.35,150,22782.95,75,150,921450
NIFTY-III.NFO,13/03/2025,09:24:42,22780,22774.95,150,22782.55,150,0,921450
NIFTY-III.NFO,13/03/2025,09:24:43,22780,22774.95,150,22782.9,75,0,921450
NIFTY-III.NFO,13/03/2025,09:24:45,22780,22780,75,22784.45,75,0,921450
NIFTY-III.NFO,13/03/2025,09:24:47,22780,22780,75,22783.85,150,0,921450
NIFTY-III.NFO,13/03/2025,09:24:48,22780,22780,75,22783.1,150,0,921450
NIFTY-III.NFO,13/03/2025,09:24:50,22780,22775.75,75,22783.1,225,150,921450
NIFTY-III.NFO,13/03/2025,09:24:52,22780,22775.6,150,22783.1,225,0,921450
NIFTY-III.NFO,13/03/2025,09:24:53,22780,22775.35,75,22782.6,150,0,921450
NIFTY-III.NFO,13/03/2025,09:24:55,22780,22774.8,75,22781.75,75,0,921450
NIFTY-III.NFO,13/03/2025,09:24:57,22780,22773.35,75,22781.45,150,0,921450
NIFTY-III.NFO,13/03/2025,09:24:58,22780,22773.85,525,22781.7,75,0,921450
NIFTY-III.NFO,13/03/2025,09:25:00,22780,22774.65,75,22782.2,150,0,921450
NIFTY-III.NFO,13/03/2025,09:25:02,22780,22775.65,75,22783.7,75,0,921450
NIFTY-III.NFO,13/03/2025,09:25:03,22780,22778.05,150,22785.95,225,0,921450
NIFTY-III.NFO,13/03/2025,09:25:05,22780,22780.05,75,22787.75,75,0,921450
NIFTY-III.NFO,13/03/2025,09:25:07,22780,22781.35,75,22789.85,150,0,921450
NIFTY-III.NFO,13/03/2025,09:25:08,22780,22782.75,75,22789.35,225,0,921450
NIFTY-III.NFO,13/03/2025,09:25:10,22780,22782.2,150,22788.9,75,0,921450
NIFTY-III.NFO,13/03/2025,09:25:12,22780,22783.9,150,22790.9,150,0,921450
NIFTY-III.NFO,13/03/2025,09:25:13,22780,22784.85,150,22793.5,150,0,921450
NIFTY-III.NFO,13/03/2025,09:25:15,22780,22784.85,150,22792.15,150,0,921450
NIFTY-III.NFO,13/03/2025,09:25:17,22780,22786.15,75,22793.95,225,0,921450
NIFTY-III.NFO,13/03/2025,09:25:18,22780,22784.8,75,22792.55,150,0,921450
NIFTY-III.NFO,13/03/2025,09:25:20,22780,22784.9,75,22791.75,150,0,921450
NIFTY-III.NFO,13/03/2025,09:25:22,22780,22784.45,150,22791.15,75,0,921450
NIFTY-III.NFO,13/03/2025,09:25:23,22780,22785.1,150,22792.55,75,0,921450
NIFTY-III.NFO,13/03/2025,09:25:25,22780,22786.15,150,22793.1,75,0,921450
NIFTY-III.NFO,13/03/2025,09:25:27,22780,22785.95,75,22792.7,150,0,921450
NIFTY-III.NFO,13/03/2025,09:25:28,22780,22786.9,75,22792.7,75,0,921450
NIFTY-III.NFO,13/03/2025,09:25:30,22780,22786.45,150,22792.7,75,0,921450
NIFTY-III.NFO,13/03/2025,09:25:31,22780,22786.45,150,22793.4,75,0,921450
NIFTY-III.NFO,13/03/2025,09:25:33,22780,22787.85,75,22793.4,75,0,921450
NIFTY-III.NFO,13/03/2025,09:25:35,22780,22787.35,150,22793.4,75,0,921450
NIFTY-III.NFO,13/03/2025,09:25:36,22780,22788,150,22793.4,75,0,921450
NIFTY-III.NFO,13/03/2025,09:25:38,22780,22787.95,75,22793.4,75,0,921450
NIFTY-III.NFO,13/03/2025,09:25:40,22780,22787.45,75,22793.3,225,0,921450
NIFTY-III.NFO,13/03/2025,09:25:41,22780,22786.8,75,22793.3,225,0,921450
NIFTY-III.NFO,13/03/2025,09:25:43,22780,22784.55,75,22792.4,150,0,921450
NIFTY-III.NFO,13/03/2025,09:25:45,22780,22783.65,150,22791.25,150,0,921450
NIFTY-III.NFO,13/03/2025,09:25:46,22780,22783.1,75,22790.4,150,0,921450
NIFTY-III.NFO,13/03/2025,09:25:48,22780,22783.75,150,22790.6,75,0,921450
NIFTY-III.NFO,13/03/2025,09:25:50,22780,22785.75,150,22792.4,75,0,921450
NIFTY-III.NFO,13/03/2025,09:25:51,22780,22787.15,150,22792.95,150,0,921450
NIFTY-III.NFO,13/03/2025,09:25:55,22780,22786.8,75,22792.95,150,0,921450
NIFTY-III.NFO,13/03/2025,09:25:56,22780,22787.5,75,22792,75,0,921450
NIFTY-III.NFO,13/03/2025,09:25:58,22780,22787.55,75,22792,75,0,921450
NIFTY-III.NFO,13/03/2025,09:26:00,22780,22788.15,75,22792,75,0,921450
NIFTY-III.NFO,13/03/2025,09:26:01,22792,22787.95,75,22792.4,75,75,921450
NIFTY-III.NFO,13/03/2025,09:26:03,22792,22787.55,75,22792.4,75,0,921450
NIFTY-III.NFO,13/03/2025,09:26:05,22792,22787.15,75,22792.4,75,0,921450
NIFTY-III.NFO,13/03/2025,09:26:06,22792,22785.9,150,22792.4,75,0,921450
NIFTY-III.NFO,13/03/2025,09:26:08,22792,22785.95,75,22792.35,225,0,921450
NIFTY-III.NFO,13/03/2025,09:26:10,22792,22785.35,75,22792.35,225,0,921450
NIFTY-III.NFO,13/03/2025,09:26:11,22792,22785.45,150,22792.15,225,0,921450
NIFTY-III.NFO,13/03/2025,09:26:13,22792,22786.15,150,22792.4,75,0,921450
NIFTY-III.NFO,13/03/2025,09:26:15,22792,22786.35,75,22792.4,75,0,921450
NIFTY-III.NFO,13/03/2025,09:26:16,22792,22785.8,75,22792.35,150,0,921450
NIFTY-III.NFO,13/03/2025,09:26:18,22792,22785.3,150,22792.35,225,0,921450
NIFTY-III.NFO,13/03/2025,09:26:20,22792,22785,75,22792.2,300,0,921450
NIFTY-III.NFO,13/03/2025,09:26:21,22792,22784.45,150,22791.6,225,0,921450
NIFTY-III.NFO,13/03/2025,09:26:23,22792,22784.05,75,22791.2,150,0,921450
NIFTY-III.NFO,13/03/2025,09:26:25,22792,22784.7,150,22791.7,75,0,921450
NIFTY-III.NFO,13/03/2025,09:26:26,22792,22786.2,75,22793.4,150,0,921450
NIFTY-III.NFO,13/03/2025,09:26:28,22792,22786.95,150,22793.55,75,0,921450
NIFTY-III.NFO,13/03/2025,09:26:30,22792,22786.2,75,22793.5,300,0,921450
NIFTY-III.NFO,13/03/2025,09:26:31,22792,22786.9,75,22793.4,225,0,921450
NIFTY-III.NFO,13/03/2025,09:26:33,22792,22785.7,75,22793.1,150,0,921450
NIFTY-III.NFO,13/03/2025,09:26:35,22792,22783.7,150,22791.15,150,0,921450
NIFTY-III.NFO,13/03/2025,09:26:36,22792,22783.7,150,22791.15,225,0,921450
NIFTY-III.NFO,13/03/2025,09:26:38,22792,22782.95,75,22790.15,150,0,921450
NIFTY-III.NFO,13/03/2025,09:26:40,22792,22782.4,150,22789.1,150,0,921450
NIFTY-III.NFO,13/03/2025,09:26:41,22792,22783.1,75,22789.8,150,0,921450
NIFTY-III.NFO,13/03/2025,09:26:43,22792,22783.1,150,22790.2,150,0,921450
NIFTY-III.NFO,13/03/2025,09:26:45,22792,22783.75,150,22791.35,150,0,921450
NIFTY-III.NFO,13/03/2025,09:26:46,22792,22783.95,75,22790.95,75,0,921450
NIFTY-III.NFO,13/03/2025,09:26:48,22790.35,22783.3,225,22790.35,225,75,921450
NIFTY-III.NFO,13/03/2025,09:26:50,22790.35,22783.2,225,22790.35,225,0,921450
NIFTY-III.NFO,13/03/2025,09:26:51,22790.35,22782.7,225,22789.8,150,0,921450
NIFTY-III.NFO,13/03/2025,09:26:53,22790.35,22781.55,150,22789,150,0,921450
NIFTY-III.NFO,13/03/2025,09:26:55,22790.35,22780.4,150,22787.8,150,0,921450
NIFTY-III.NFO,13/03/2025,09:26:56,22790.35,22780.65,225,22787.8,75,0,921450
NIFTY-III.NFO,13/03/2025,09:26:58,22781.8,22782.25,75,22789.8,75,75,921450
NIFTY-III.NFO,13/03/2025,09:27:00,22781.8,22781.8,150,22789,150,0,921450
NIFTY-III.NFO,13/03/2025,09:27:01,22781.8,22779.95,75,22787.55,150,0,921450
NIFTY-III.NFO,13/03/2025,09:27:03,22781.8,22780.4,150,22787.55,300,0,921450
NIFTY-III.NFO,13/03/2025,09:27:04,22781.8,22780.35,150,22787.55,375,0,921450
NIFTY-III.NFO,13/03/2025,09:27:06,22781.8,22779.7,225,22786.75,150,0,921450
NIFTY-III.NFO,13/03/2025,09:27:08,22781.8,22777.55,75,22785.45,150,0,921450
NIFTY-III.NFO,13/03/2025,09:27:09,22781.8,22776.55,75,22784.55,150,0,921450
NIFTY-III.NFO,13/03/2025,09:27:11,22781.8,22774.25,150,22782.05,150,0,921450
NIFTY-III.NFO,13/03/2025,09:27:13,22781.8,22771.85,75,22779.55,150,0,921450
NIFTY-III.NFO,13/03/2025,09:27:14,22781.8,22769.05,75,22777.35,150,0,921450
NIFTY-III.NFO,13/03/2025,09:27:16,22781.8,22766.45,150,22774.6,225,0,921450
NIFTY-III.NFO,13/03/2025,09:27:18,22781.8,22768.55,150,22775.35,75,0,921450
NIFTY-III.NFO,13/03/2025,09:27:19,22781.8,22769.5,225,22776.55,75,0,921450
NIFTY-III.NFO,13/03/2025,09:27:21,22781.8,22768.65,75,22775.85,75,0,921450
NIFTY-III.NFO,13/03/2025,09:27:23,22781.8,22766.35,75,22774.25,150,0,921450
NIFTY-III.NFO,13/03/2025,09:27:24,22781.8,22763.15,150,22770.8,150,0,921450
NIFTY-III.NFO,13/03/2025,09:27:26,22781.8,22764.35,225,22771.9,150,0,921450
NIFTY-III.NFO,13/03/2025,09:27:28,22781.8,22763.95,150,22771.25,225,0,921450
NIFTY-III.NFO,13/03/2025,09:27:29,22781.8,22763.75,150,22771.6,225,0,921450
NIFTY-III.NFO,13/03/2025,09:27:31,22781.8,22763.5,150,22771.1,75,0,921450
NIFTY-III.NFO,13/03/2025,09:27:32,22781.8,22763.2,75,22769.5,225,0,921450
NIFTY-III.NFO,13/03/2025,09:27:34,22781.8,22761.75,150,22768.2,225,0,921450
NIFTY-III.NFO,13/03/2025,09:27:36,22781.8,22761.9,150,22769.55,225,0,921450
NIFTY-III.NFO,13/03/2025,09:27:37,22781.8,22762.05,150,22768.9,225,0,921450
NIFTY-III.NFO,13/03/2025,09:27:39,22781.8,22761.8,150,22769.3,75,0,921450
NIFTY-III.NFO,13/03/2025,09:27:41,22781.8,22761.3,150,22767.95,75,0,921450
NIFTY-III.NFO,13/03/2025,09:27:42,22781.8,22758.6,75,22766.7,150,0,921450
NIFTY-III.NFO,13/03/2025,09:27:44,22781.8,22755.9,75,22762.2,150,0,921450
NIFTY-III.NFO,13/03/2025,09:27:46,22781.8,22755,75,22758.9,225,0,921450
NIFTY-III.NFO,13/03/2025,09:27:47,22781.8,22755,75,22760.85,150,0,921450
NIFTY-III.NFO,13/03/2025,09:27:49,22781.8,22755.35,150,22762.1,150,0,921450
NIFTY-III.NFO,13/03/2025,09:27:51,22781.8,22755,75,22760,75,0,921450
NIFTY-III.NFO,13/03/2025,09:27:52,22781.8,22755,75,22759.95,75,0,921450
NIFTY-III.NFO,13/03/2025,09:27:54,22781.8,22755,150,22760.3,150,0,921450
NIFTY-III.NFO,13/03/2025,09:27:56,22781.8,22755,150,22760.4,75,0,921450
NIFTY-III.NFO,13/03/2025,09:27:57,22781.8,22755.05,225,22761.4,150,0,921450
NIFTY-III.NFO,13/03/2025,09:27:59,22781.8,22755.05,225,22762.1,75,0,921450
NIFTY-III.NFO,13/03/2025,09:28:00,22781.8,22755.45,150,22762.15,150,0,921450
NIFTY-III.NFO,13/03/2025,09:28:02,22781.8,22757.95,150,22762.15,150,0,921450
NIFTY-III.NFO,13/03/2025,09:28:05,22781.8,22758.85,225,22762.15,150,0,921450
NIFTY-III.NFO,13/03/2025,09:28:07,22781.8,22759,150,22762.15,150,0,921450
NIFTY-III.NFO,13/03/2025,09:28:09,22781.8,22757.95,75,22762.15,150,0,921450
NIFTY-III.NFO,13/03/2025,09:28:10,22781.8,22757,150,22762.15,150,0,921450
NIFTY-III.NFO,13/03/2025,09:28:12,22781.8,22755,150,22762.1,225,0,921450
NIFTY-III.NFO,13/03/2025,09:28:14,22781.8,22755,150,22761.85,225,0,921450
NIFTY-III.NFO,13/03/2025,09:28:15,22781.8,22755.55,225,22762.15,150,0,921450
NIFTY-III.NFO,13/03/2025,09:28:17,22781.8,22755.6,150,22762.15,150,0,921450
NIFTY-III.NFO,13/03/2025,09:28:19,22781.8,22756.4,225,22762.15,150,0,921450
NIFTY-III.NFO,13/03/2025,09:28:22,22781.8,22756.55,150,22762.15,150,0,921450
NIFTY-III.NFO,13/03/2025,09:28:24,22757.2,22758,150,22762.15,150,75,921600
NIFTY-III.NFO,13/03/2025,09:28:25,22757.2,22758,150,22762.15,150,0,921600
NIFTY-III.NFO,13/03/2025,09:28:27,22757.2,22759.65,75,22762.15,150,0,921600
NIFTY-III.NFO,13/03/2025,09:28:29,22762.15,22761.5,75,22769.15,150,150,921600
NIFTY-III.NFO,13/03/2025,09:28:30,22762.15,22763.9,150,22771.4,75,0,921600
NIFTY-III.NFO,13/03/2025,09:28:32,22762.15,22764.75,75,22771.9,225,0,921600
NIFTY-III.NFO,13/03/2025,09:28:34,22762.15,22764.6,150,22771.1,75,0,921600
NIFTY-III.NFO,13/03/2025,09:28:35,22762.15,22765.35,75,22772.7,150,0,921600
NIFTY-III.NFO,13/03/2025,09:28:37,22762.15,22766.5,75,22774.1,75,0,921600
NIFTY-III.NFO,13/03/2025,09:28:39,22762.15,22768.15,75,22776.15,150,0,921600
NIFTY-III.NFO,13/03/2025,09:28:40,22762.15,22768.15,75,22776.15,75,0,921600
NIFTY-III.NFO,13/03/2025,09:28:42,22762.15,22768.15,150,22775.4,75,0,921600
NIFTY-III.NFO,13/03/2025,09:28:44,22762.15,22769.3,150,22775.8,225,0,921600
NIFTY-III.NFO,13/03/2025,09:28:45,22762.15,22770.9,75,22778,75,0,921600
NIFTY-III.NFO,13/03/2025,09:28:47,22770.9,22771.65,450,22779.65,75,150,921600
NIFTY-III.NFO,13/03/2025,09:28:49,22770.9,22772.45,450,22779.4,150,0,921600
NIFTY-III.NFO,13/03/2025,09:28:50,22770.9,22773.25,450,22780.85,75,0,921600
NIFTY-III.NFO,13/03/2025,09:28:52,22770.9,22777,375,22781.8,150,0,921600
NIFTY-III.NFO,13/03/2025,09:28:54,22770.9,22776.2,375,22781.8,150,0,921600
NIFTY-III.NFO,13/03/2025,09:28:55,22770.9,22775.8,450,22781.8,150,0,921600
NIFTY-III.NFO,13/03/2025,09:28:57,22770.9,22774.05,450,22781.8,225,0,921600
NIFTY-III.NFO,13/03/2025,09:28:59,22770.9,22775.65,450,22781.8,150,0,921600
NIFTY-III.NFO,13/03/2025,09:29:00,22770.9,22777.25,450,22781.8,150,0,921600
NIFTY-III.NFO,13/03/2025,09:29:02,22770.9,22778.05,375,22781.8,150,0,921600
NIFTY-III.NFO,13/03/2025,09:29:04,22770.9,22779.65,375,22781.8,150,0,921600
NIFTY-III.NFO,13/03/2025,09:29:05,22770.9,22777.75,375,22781.8,150,0,921600
NIFTY-III.NFO,13/03/2025,09:29:07,22781.8,22776.15,825,22781.8,75,75,921600
NIFTY-III.NFO,13/03/2025,09:29:08,22781.8,22776.95,450,22781.8,75,0,921600
NIFTY-III.NFO,13/03/2025,09:29:10,22781.8,22778.55,375,22781.8,75,0,921600
NIFTY-III.NFO,13/03/2025,09:29:12,22778.55,22779.2,375,22781.8,75,75,921600
NIFTY-III.NFO,13/03/2025,09:29:13,22778.55,22780.05,450,22781.8,75,0,921600
NIFTY-III.NFO,13/03/2025,09:29:15,22781.65,22783.2,450,22784,75,150,921600
NIFTY-III.NFO,13/03/2025,09:29:17,22781.65,22783.2,375,22784,75,0,921600
NIFTY-III.NFO,13/03/2025,09:29:18,22784,22784.15,450,22791.7,150,150,921600
NIFTY-III.NFO,13/03/2025,09:29:20,22784,22781.75,75,22788.65,225,0,921600
NIFTY-III.NFO,13/03/2025,09:29:22,22784,22779.25,375,22787.6,150,0,921600
NIFTY-III.NFO,13/03/2025,09:29:23,22784,22777.55,450,22786.2,300,0,921600
NIFTY-III.NFO,13/03/2025,09:29:25,22784,22777.55,450,22785.85,150,0,921600
NIFTY-III.NFO,13/03/2025,09:29:27,22784,22776.25,450,22784.95,300,0,921600
NIFTY-III.NFO,13/03/2025,09:29:28,22784,22776.25,450,22784.35,300,0,921600
NIFTY-III.NFO,13/03/2025,09:29:30,22784,22772.6,75,22780.7,150,0,921600
NIFTY-III.NFO,13/03/2025,09:29:32,22784,22773.55,450,22781.05,75,0,921600
NIFTY-III.NFO,13/03/2025,09:29:33,22784,22772.05,450,22779.95,150,0,921600
NIFTY-III.NFO,13/03/2025,09:29:35,22784,22772,375,22779.95,225,0,921600
NIFTY-III.NFO,13/03/2025,09:29:36,22784,22771.65,375,22779.55,150,0,921600
NIFTY-III.NFO,13/03/2025,09:29:38,22784,22770.8,450,22779.15,300,0,921600
NIFTY-III.NFO,13/03/2025,09:29:40,22784,22769.85,375,22778.45,225,0,921600
NIFTY-III.NFO,13/03/2025,09:29:41,22784,22767.55,75,22775.7,75,0,921600
NIFTY-III.NFO,13/03/2025,09:29:43,22784,22767.6,450,22775.3,150,0,921600
NIFTY-III.NFO,13/03/2025,09:29:45,22784,22769.2,450,22777,75,0,921600
NIFTY-III.NFO,13/03/2025,09:29:46,22784,22771.6,450,22778.75,150,0,921600
NIFTY-III.NFO,13/03/2025,09:29:48,22784,22770.85,450,22778.6,150,0,921600
NIFTY-III.NFO,13/03/2025,09:29:49,22784,22769.35,450,22777.7,150,0,921600
NIFTY-III.NFO,13/03/2025,09:29:51,22777.5,22768.85,150,22777.6,150,150,921600
NIFTY-III.NFO,13/03/2025,09:29:53,22777.5,22770.45,150,22777.95,150,0,921600
NIFTY-III.NFO,13/03/2025,09:29:54,22777.5,22770.45,225,22778.3,150,0,921600
NIFTY-III.NFO,13/03/2025,09:29:58,22777.5,22770.75,150,22778.3,375,0,921600
NIFTY-III.NFO,13/03/2025,09:29:59,22777.5,22768.9,75,22777.2,150,0,921600
NIFTY-III.NFO,13/03/2025,09:30:01,22777.5,22769.2,75,22776.55,150,0,921600
NIFTY-III.NFO,13/03/2025,09:30:02,22777.5,22769.8,225,22776.15,150,0,921600
NIFTY-III.NFO,13/03/2025,09:30:04,22777.5,22768.8,150,22776.85,150,0,921600
NIFTY-III.NFO,13/03/2025,09:30:06,22777.5,22768.8,75,22776.85,150,0,921600
NIFTY-III.NFO,13/03/2025,09:30:07,22777.5,22767.95,150,22776.4,375,0,921600
NIFTY-III.NFO,13/03/2025,09:30:09,22777.5,22764.5,150,22773.1,150,0,921600
NIFTY-III.NFO,13/03/2025,09:30:11,22777.5,22763.1,75,22771.2,150,0,921600
NIFTY-III.NFO,13/03/2025,09:30:12,22770,22761.65,150,22769.05,150,375,921600
NIFTY-III.NFO,13/03/2025,09:30:14,22770,22761.65,75,22768,150,0,921600
NIFTY-III.NFO,13/03/2025,09:30:16,22770,22761.65,75,22767.9,150,0,921600
NIFTY-III.NFO,13/03/2025,09:30:17,22770,22761.65,75,22767.6,225,0,921600
NIFTY-III.NFO,13/03/2025,09:30:19,22770,22761.7,225,22768.45,150,0,921600
NIFTY-III.NFO,13/03/2025,09:30:21,22770,22761.7,225,22768.4,150,0,921600
NIFTY-III.NFO,13/03/2025,09:30:22,22770,22761.65,75,22767.65,225,0,921600
NIFTY-III.NFO,13/03/2025,09:30:24,22770,22761.65,75,22766.25,300,0,921600
NIFTY-III.NFO,13/03/2025,09:30:26,22761.65,22756.15,75,22761.05,375,75,921600
NIFTY-III.NFO,13/03/2025,09:30:27,22761.65,22756.15,75,22760.65,225,0,921600
NIFTY-III.NFO,13/03/2025,09:30:29,22761.65,22756.15,75,22762.9,150,0,921600
NIFTY-III.NFO,13/03/2025,09:30:31,22761.65,22762,150,22764.05,150,0,921600
NIFTY-III.NFO,13/03/2025,09:30:32,22761.65,22762,150,22764.55,150,0,921600
NIFTY-III.NFO,13/03/2025,09:30:34,22761.65,22762,150,22763.85,150,0,921600
NIFTY-III.NFO,13/03/2025,09:30:35,22761.65,22762,150,22764.9,150,0,921600
NIFTY-III.NFO,13/03/2025,09:30:39,22761.65,22762,150,22764.85,150,0,921600
NIFTY-III.NFO,13/03/2025,09:30:40,22761.65,22762,150,22762.85,150,0,921600
NIFTY-III.NFO,13/03/2025,09:30:42,22761.65,22762,150,22763.4,150,0,921600
NIFTY-III.NFO,13/03/2025,09:30:45,22761.65,22762,150,22763.75,150,0,921600
NIFTY-III.NFO,13/03/2025,09:30:47,22764.95,22758.3,150,22765.65,75,150,921750
NIFTY-III.NFO,13/03/2025,09:30:48,22764.95,22758.35,150,22765.6,75,0,921750
NIFTY-III.NFO,13/03/2025,09:30:50,22764.95,22758.35,150,22766.25,75,0,921750
NIFTY-III.NFO,13/03/2025,09:30:52,22764.95,22758.35,150,22766.45,450,0,921750
NIFTY-III.NFO,13/03/2025,09:30:53,22764.95,22758.9,150,22768.2,150,0,921750
NIFTY-III.NFO,13/03/2025,09:30:55,22764.95,22758.9,150,22767.5,150,0,921750
NIFTY-III.NFO,13/03/2025,09:30:57,22764.95,22758.9,150,22767.5,75,0,921750
NIFTY-III.NFO,13/03/2025,09:30:58,22764.95,22759.35,150,22768.75,75,0,921750
NIFTY-III.NFO,13/03/2025,09:31:00,22764.95,22757.55,75,22759.35,75,0,921750
NIFTY-III.NFO,13/03/2025,09:31:02,22764.95,22757.35,150,22759.35,75,0,921750
NIFTY-III.NFO,13/03/2025,09:31:03,22759.35,22758.75,150,22767.6,75,75,921750
NIFTY-III.NFO,13/03/2025,09:31:05,22758.75,22759.55,150,22767.5,75,75,921750
NIFTY-III.NFO,13/03/2025,09:31:07,22758.75,22759.55,150,22767.65,75,0,921750
NIFTY-III.NFO,13/03/2025,09:31:08,22758.75,22760.4,225,22767.75,75,0,921750
NIFTY-III.NFO,13/03/2025,09:31:10,22758.75,22758.75,150,22767.35,75,0,921750
NIFTY-III.NFO,13/03/2025,09:31:12,22758.75,22758.85,150,22767.3,75,0,921750
NIFTY-III.NFO,13/03/2025,09:31:13,22758.75,22759.4,150,22767.75,150,0,921750
NIFTY-III.NFO,13/03/2025,09:31:15,22758.75,22759.4,225,22767.1,75,0,921750
NIFTY-III.NFO,13/03/2025,09:31:17,22758.75,22757.95,150,22765.7,75,0,921750
NIFTY-III.NFO,13/03/2025,09:31:18,22758.75,22757.3,75,22764.4,150,0,921750
NIFTY-III.NFO,13/03/2025,09:31:20,22758.75,22757.05,75,22763.75,150,0,921750
NIFTY-III.NFO,13/03/2025,09:31:22,22758.75,22756,225,22763.1,150,0,921750
NIFTY-III.NFO,13/03/2025,09:31:23,22758.75,22756.65,150,22763.9,75,0,921750
NIFTY-III.NFO,13/03/2025,09:31:25,22758.75,22756.65,150,22763.35,75,0,921750
NIFTY-III.NFO,13/03/2025,09:31:27,22756.65,22755.7,225,22763.35,150,75,921750
NIFTY-III.NFO,13/03/2025,09:31:28,22756.65,22756.25,150,22764.8,75,0,921750
NIFTY-III.NFO,13/03/2025,09:31:30,22756.65,22756.9,150,22764.85,150,0,921750
NIFTY-III.NFO,13/03/2025,09:31:31,22756.65,22756.95,150,22764.6,75,0,921750
NIFTY-III.NFO,13/03/2025,09:31:33,22756.65,22756.5,150,22763.7,150,0,921750
NIFTY-III.NFO,13/03/2025,09:31:35,22756.65,22756.05,150,22763.8,75,0,921750
NIFTY-III.NFO,13/03/2025,09:31:36,22756.65,22756.15,150,22764.25,150,0,921750
NIFTY-III.NFO,13/03/2025,09:31:40,22756.65,22757.05,150,22764.4,225,0,921750
NIFTY-III.NFO,13/03/2025,09:31:41,22756.65,22757.05,150,22764.3,75,0,921750
NIFTY-III.NFO,13/03/2025,09:31:43,22756.65,22756.85,150,22764.1,150,0,921750
NIFTY-III.NFO,13/03/2025,09:31:44,22756.65,22756.85,300,22765.25,150,0,921750
NIFTY-III.NFO,13/03/2025,09:31:46,22756.65,22758.15,150,22766.4,150,0,921750
NIFTY-III.NFO,13/03/2025,09:31:48,22756.65,22759.75,150,22767.8,150,0,921750
NIFTY-III.NFO,13/03/2025,09:31:51,22756.65,22758.95,150,22766.5,150,0,921750
NIFTY-III.NFO,13/03/2025,09:31:53,22756.65,22759,225,22766.95,150,0,921750
NIFTY-III.NFO,13/03/2025,09:31:54,22756.65,22760.6,150,22768.2,150,0,921750
NIFTY-III.NFO,13/03/2025,09:31:56,22766.3,22765.3,75,22770.85,150,75,921750
NIFTY-III.NFO,13/03/2025,09:31:58,22766.3,22764,150,22771.55,150,0,921750
NIFTY-III.NFO,13/03/2025,09:31:59,22766.3,22765.6,150,22773,225,0,921750
NIFTY-III.NFO,13/03/2025,09:32:01,22766.3,22765.65,150,22773.1,150,0,921750
NIFTY-III.NFO,13/03/2025,09:32:03,22766.3,22768.05,150,22776.05,75,0,921750
NIFTY-III.NFO,13/03/2025,09:32:04,22766.3,22768.4,150,22775.5,150,0,921750
NIFTY-III.NFO,13/03/2025,09:32:06,22766.3,22767.3,75,22774.65,150,0,921750
NIFTY-III.NFO,13/03/2025,09:32:08,22766.3,22767.4,1650,22772.5,150,0,921750
NIFTY-III.NFO,13/03/2025,09:32:09,22767.4,22767.4,150,22772.85,150,1500,921750
NIFTY-III.NFO,13/03/2025,09:32:11,22767.4,22767.4,150,22773,150,0,921750
NIFTY-III.NFO,13/03/2025,09:32:13,22767.4,22767.4,150,22773.55,150,0,921750
NIFTY-III.NFO,13/03/2025,09:32:14,22767.4,22767.4,150,22773.4,225,0,921750
NIFTY-III.NFO,13/03/2025,09:32:16,22767.4,22767.45,225,22775.65,150,0,921750
NIFTY-III.NFO,13/03/2025,09:32:18,22767.4,22770,1800,22775.3,225,0,921750
NIFTY-III.NFO,13/03/2025,09:32:19,22767.4,22770.05,150,22773.9,225,0,921750
NIFTY-III.NFO,13/03/2025,09:32:21,22767.4,22770.05,150,22772.35,75,0,921750
NIFTY-III.NFO,13/03/2025,09:32:23,22767.4,22770.05,150,22773.05,75,0,921750
NIFTY-III.NFO,13/03/2025,09:32:24,22770.05,22770.05,75,22773.75,75,75,921750
NIFTY-III.NFO,13/03/2025,09:32:26,22773.75,22770.05,75,22774.5,150,75,921750
NIFTY-III.NFO,13/03/2025,09:32:28,22770.05,22770,1800,22773.45,75,75,921750
NIFTY-III.NFO,13/03/2025,09:32:29,22770,22770,1725,22774.85,150,150,921750
NIFTY-III.NFO,13/03/2025,09:32:31,22774.55,22770.05,225,22774.45,150,75,921750
NIFTY-III.NFO,13/03/2025,09:32:33,22774.55,22770.05,225,22772.95,150,0,921750
NIFTY-III.NFO,13/03/2025,09:32:34,22773.7,22770.05,150,22773.75,150,150,921750
NIFTY-III.NFO,13/03/2025,09:32:36,22773,22770.05,150,22773,75,150,921750
NIFTY-III.NFO,13/03/2025,09:32:38,22773,22770.05,150,22772.1,150,0,921750
NIFTY-III.NFO,13/03/2025,09:32:39,22770.05,22770.05,75,22772.1,225,75,921750
NIFTY-III.NFO,13/03/2025,09:32:41,22771.3,22770,1725,22771,150,75,921750
NIFTY-III.NFO,13/03/2025,09:32:43,22770,22770,1275,22770.3,150,450,921750
NIFTY-III.NFO,13/03/2025,09:32:44,22770,22770,975,22770.3,225,300,921750
NIFTY-III.NFO,13/03/2025,09:32:46,22770,22770,900,22772.6,150,75,921750
NIFTY-III.NFO,13/03/2025,09:32:48,22770,22770,825,22770.95,150,75,921750
NIFTY-III.NFO,13/03/2025,09:32:49,22769.8,22762.75,150,22771.2,75,900,921750
NIFTY-III.NFO,13/03/2025,09:32:51,22769.8,22763,225,22769.95,225,0,921750
NIFTY-III.NFO,13/03/2025,09:32:53,22769.8,22762.15,150,22769.15,225,0,921750
NIFTY-III.NFO,13/03/2025,09:32:54,22769.8,22762.4,150,22770.65,225,0,921750
NIFTY-III.NFO,13/03/2025,09:32:56,22770.65,22762.4,150,22770.4,225,75,921750
NIFTY-III.NFO,13/03/2025,09:32:58,22770.65,22762.5,225,22769.6,225,0,921750
NIFTY-III.NFO,13/03/2025,09:32:59,22770.65,22759.75,75,22767.15,225,0,921750
NIFTY-III.NFO,13/03/2025,09:33:01,22770.65,22758.95,225,22766.35,225,0,921750
NIFTY-III.NFO,13/03/2025,09:33:03,22770.65,22759.55,150,22767,225,0,921750
NIFTY-III.NFO,13/03/2025,09:33:04,22770.65,22759.55,150,22767,75,0,921750
NIFTY-III.NFO,13/03/2025,09:33:06,22770.65,22765.9,75,22771,150,0,921750
NIFTY-III.NFO,13/03/2025,09:33:07,22770.65,22765.9,75,22770.85,150,0,921750
NIFTY-III.NFO,13/03/2025,09:33:09,22770.65,22765.9,75,22770.9,150,0,921750
NIFTY-III.NFO,13/03/2025,09:33:11,22770.65,22765.9,75,22770.1,225,0,921750
NIFTY-III.NFO,13/03/2025,09:33:12,22770.65,22765.9,75,22768.5,150,0,921750
NIFTY-III.NFO,13/03/2025,09:33:14,22770.65,22765.9,75,22769.05,375,0,921750
NIFTY-III.NFO,13/03/2025,09:33:16,22770.65,22765.9,75,22769.35,150,0,921750
NIFTY-III.NFO,13/03/2025,09:33:17,22770.65,22765.9,75,22770.15,150,0,921750
NIFTY-III.NFO,13/03/2025,09:33:21,22770.65,22765.9,75,22770.85,375,0,921750
NIFTY-III.NFO,13/03/2025,09:33:22,22770.65,22769,75,22770.05,75,0,921750
NIFTY-III.NFO,13/03/2025,09:33:26,22769,22763.05,75,22770.05,150,75,921750
NIFTY-III.NFO,13/03/2025,09:33:27,22769,22762.35,75,22769.65,225,0,921750
NIFTY-III.NFO,13/03/2025,09:33:29,22769.05,22761.5,225,22769.1,225,75,921750
NIFTY-III.NFO,13/03/2025,09:33:31,22769.05,22761.65,150,22769.1,75,0,921750
NIFTY-III.NFO,13/03/2025,09:33:32,22769.05,22761.65,150,22769.7,450,0,921750
NIFTY-III.NFO,13/03/2025,09:33:34,22769.05,22761.35,150,22769.05,225,0,921750
NIFTY-III.NFO,13/03/2025,09:33:36,22769.05,22761.35,150,22769.05,75,0,921750
NIFTY-III.NFO,13/03/2025,09:33:39,22769.05,22761.35,150,22770,150,0,921750
NIFTY-III.NFO,13/03/2025,09:33:41,22769.05,22761.65,150,22770.5,150,0,921750
NIFTY-III.NFO,13/03/2025,09:33:42,22769.05,22762.05,225,22770.75,75,0,921750
NIFTY-III.NFO,13/03/2025,09:33:44,22769.05,22762.25,300,22771.95,75,0,921750
NIFTY-III.NFO,13/03/2025,09:33:45,22769.05,22763.4,150,22772.85,75,0,921750
NIFTY-III.NFO,13/03/2025,09:33:47,22769.05,22766.75,300,22776.25,75,0,921750
NIFTY-III.NFO,13/03/2025,09:33:49,22769.05,22769.15,300,22778.05,75,0,921750
NIFTY-III.NFO,13/03/2025,09:33:50,22769.05,22772.4,300,22782.1,75,0,921750
NIFTY-III.NFO,13/03/2025,09:33:52,22769.05,22773.2,150,22782.1,75,0,921750
NIFTY-III.NFO,13/03/2025,09:33:54,22769.05,22774.3,150,22783.25,75,0,921750
NIFTY-III.NFO,13/03/2025,09:33:55,22769.05,22775.1,225,22783.5,150,0,921750
NIFTY-III.NFO,13/03/2025,09:33:57,22769.05,22775.85,225,22783.35,75,0,921750
NIFTY-III.NFO,13/03/2025,09:33:59,22769.05,22773.55,150,22781.75,375,0,921750
NIFTY-III.NFO,13/03/2025,09:34:00,22769.05,22774.45,150,22783.35,75,0,921750
NIFTY-III.NFO,13/03/2025,09:34:02,22769.05,22774.55,150,22783.35,75,0,921750
NIFTY-III.NFO,13/03/2025,09:34:04,22769.05,22773.7,225,22781.6,150,0,921750
NIFTY-III.NFO,13/03/2025,09:34:05,22769.05,22774.6,150,22782.4,150,0,921750
NIFTY-III.NFO,13/03/2025,09:34:07,22769.05,22774.15,150,22781.55,450,0,921750
NIFTY-III.NFO,13/03/2025,09:34:09,22769.05,22773.8,150,22781.55,75,0,921750
NIFTY-III.NFO,13/03/2025,09:34:10,22769.05,22775.65,150,22785.2,75,0,921750
NIFTY-III.NFO,13/03/2025,09:34:12,22769.05,22777,225,22786.45,75,0,921750
NIFTY-III.NFO,13/03/2025,09:34:15,22769.05,22777.15,150,22785.25,225,0,921750
NIFTY-III.NFO,13/03/2025,09:34:17,22769.05,22777.15,150,22785.25,75,0,921750
NIFTY-III.NFO,13/03/2025,09:34:19,22769.05,22777.25,150,22785.25,75,0,921750
NIFTY-III.NFO,13/03/2025,09:34:20,22769.05,22774.9,150,22782.95,225,0,921750
NIFTY-III.NFO,13/03/2025,09:34:22,22769.05,22774.95,225,22782.6,75,0,921750
NIFTY-III.NFO,13/03/2025,09:34:24,22769.05,22774.25,150,22783.55,75,0,921750
NIFTY-III.NFO,13/03/2025,09:34:26,22769.05,22774.2,150,22782.8,150,0,921750
NIFTY-III.NFO,13/03/2025,09:34:27,22769.05,22774.35,150,22782.8,75,0,921750
NIFTY-III.NFO,13/03/2025,09:34:32,22769.05,22774.95,300,22783.9,75,0,921750
NIFTY-III.NFO,13/03/2025,09:34:34,22769.05,22775.75,150,22784.7,75,0,921750
NIFTY-III.NFO,13/03/2025,09:34:36,22769.05,22774.05,150,22782.6,525,0,921750
NIFTY-III.NFO,13/03/2025,09:34:37,22769.05,22775.05,75,22782.75,450,0,921750
NIFTY-III.NFO,13/03/2025,09:34:39,22769.05,22774.8,150,22782.75,75,0,921750
NIFTY-III.NFO,13/03/2025,09:34:40,22769.05,22774.65,150,22782.75,75,0,921750
NIFTY-III.NFO,13/03/2025,09:34:42,22769.05,22774.9,150,22782.75,75,0,921750
NIFTY-III.NFO,13/03/2025,09:34:44,22769.05,22773.65,75,22781.2,225,0,921750
NIFTY-III.NFO,13/03/2025,09:34:45,22769.05,22772.3,225,22779.65,225,0,921750
NIFTY-III.NFO,13/03/2025,09:34:47,22769.05,22771.15,150,22778.75,75,0,921750
NIFTY-III.NFO,13/03/2025,09:34:50,22769.05,22771.15,150,22780.2,450,0,921750
NIFTY-III.NFO,13/03/2025,09:34:52,22769.05,22771.35,150,22778.8,225,0,921750
NIFTY-III.NFO,13/03/2025,09:34:54,22769.05,22771.6,150,22780.05,525,0,921750
NIFTY-III.NFO,13/03/2025,09:34:55,22769.05,22771.95,150,22779.35,600,0,921750
NIFTY-III.NFO,13/03/2025,09:34:57,22769.05,22770.15,75,22777.8,225,0,921750
NIFTY-III.NFO,13/03/2025,09:34:59,22769.05,22770,150,22778.05,450,0,921750
NIFTY-III.NFO,13/03/2025,09:35:00,22769.05,22769.65,150,22776.5,225,0,921750
NIFTY-III.NFO,13/03/2025,09:35:02,22769.05,22769.3,150,22777,600,0,921750
NIFTY-III.NFO,13/03/2025,09:35:03,22769.05,22766.2,150,22774.6,225,0,921750
NIFTY-III.NFO,13/03/2025,09:35:05,22769.05,22766.6,75,22773.95,600,0,921750
NIFTY-III.NFO,13/03/2025,09:35:07,22769.05,22765.1,150,22773,150,0,921750
NIFTY-III.NFO,13/03/2025,09:35:08,22769.05,22764.8,150,22772.9,225,0,921750
NIFTY-III.NFO,13/03/2025,09:35:10,22769.05,22765,225,22774.6,75,0,921750
NIFTY-III.NFO,13/03/2025,09:35:12,22769.05,22765.8,75,22773.85,225,0,921750
NIFTY-III.NFO,13/03/2025,09:35:13,22769.05,22765.05,150,22773.6,75,0,921750
NIFTY-III.NFO,13/03/2025,09:35:15,22769.05,22764.4,150,22773.1,600,0,921750
NIFTY-III.NFO,13/03/2025,09:35:17,22769.05,22764.35,75,22773,150,0,921750
NIFTY-III.NFO,13/03/2025,09:35:18,22769.05,22762.25,150,22770.5,225,0,921750
NIFTY-III.NFO,13/03/2025,09:35:20,22769.05,22760.8,150,22769.4,150,0,921750
NIFTY-III.NFO,13/03/2025,09:35:22,22769.05,22759.15,150,22767.8,225,0,921750
NIFTY-III.NFO,13/03/2025,09:35:23,22769.05,22758.4,75,22766.3,225,0,921750
NIFTY-III.NFO,13/03/2025,09:35:25,22769.05,22755.6,150,22763.85,225,0,921750
NIFTY-III.NFO,13/03/2025,09:35:27,22769.05,22755.7,300,22765.9,75,0,921750
NIFTY-III.NFO,13/03/2025,09:35:28,22769.05,22760.8,150,22769.7,75,0,921750
NIFTY-III.NFO,13/03/2025,09:35:30,22769.05,22762.1,150,22771.35,75,0,921750
NIFTY-III.NFO,13/03/2025,09:35:32,22769.05,22762.75,150,22772.55,225,0,921750
NIFTY-III.NFO,13/03/2025,09:35:33,22769.05,22764.45,150,22774.1,75,0,921750
NIFTY-III.NFO,13/03/2025,09:35:35,22769.05,22764.45,300,22773.6,225,0,921750
NIFTY-III.NFO,13/03/2025,09:35:37,22769.05,22764.45,300,22773.4,375,0,921750
NIFTY-III.NFO,13/03/2025,09:35:38,22769.05,22764.5,150,22772.35,450,0,921750
NIFTY-III.NFO,13/03/2025,09:35:40,22769.05,22764.8,225,22772.35,375,0,921750
NIFTY-III.NFO,13/03/2025,09:35:42,22769.05,22764.8,75,22772.35,450,0,921750
NIFTY-III.NFO,13/03/2025,09:35:43,22769.05,22763.75,150,22771.6,750,0,921750
NIFTY-III.NFO,13/03/2025,09:35:45,22769.05,22763.75,150,22773.05,75,0,921750
NIFTY-III.NFO,13/03/2025,09:35:47,22769.05,22764.95,150,22774.85,75,0,921750
NIFTY-III.NFO,13/03/2025,09:35:48,22769.05,22766.25,150,22775.6,150,0,921750
NIFTY-III.NFO,13/03/2025,09:35:50,22769.05,22766.25,150,22775.55,375,0,921750
NIFTY-III.NFO,13/03/2025,09:35:52,22769.05,22766.75,150,22776.1,75,0,921750
NIFTY-III.NFO,13/03/2025,09:35:53,22769.05,22767,150,22776.1,75,0,921750
NIFTY-III.NFO,13/03/2025,09:35:55,22769.05,22768.15,150,22777.7,75,0,921750
NIFTY-III.NFO,13/03/2025,09:35:57,22769.05,22769.3,150,22779.15,75,0,921750
NIFTY-III.NFO,13/03/2025,09:35:58,22769.05,22770.7,150,22780.2,450,0,921750
NIFTY-III.NFO,13/03/2025,09:36:00,22769.05,22771.7,300,22781.5,75,0,921750
NIFTY-III.NFO,13/03/2025,09:36:02,22769.05,22772.75,150,22782.05,75,0,921750
NIFTY-III.NFO,13/03/2025,09:36:03,22769.05,22772.75,150,22781.4,225,0,921750
NIFTY-III.NFO,13/03/2025,09:36:05,22769.05,22772.75,150,22781.4,75,0,921750
NIFTY-III.NFO,13/03/2025,09:36:07,22769.05,22772.1,150,22779.7,375,0,921750
NIFTY-III.NFO,13/03/2025,09:36:08,22769.05,22772.2,150,22779.7,75,0,921750
NIFTY-III.NFO,13/03/2025,09:36:10,22769.05,22772.05,150,22781.4,225,0,921750
NIFTY-III.NFO,13/03/2025,09:36:12,22769.05,22772.95,150,22780,75,0,921750
NIFTY-III.NFO,13/03/2025,09:36:13,22769.05,22773.8,150,22780,75,0,921750
NIFTY-III.NFO,13/03/2025,09:36:15,22780,22776.7,375,22784.5,75,75,923925
NIFTY-III.NFO,13/03/2025,09:36:17,22780,22776.9,300,22786.1,75,0,923925
NIFTY-III.NFO,13/03/2025,09:36:18,22780,22778.85,150,22788,75,0,923925
NIFTY-III.NFO,13/03/2025,09:36:20,22780,22779.45,150,22788.3,75,0,923925
NIFTY-III.NFO,13/03/2025,09:36:22,22780,22776.95,150,22785.05,225,0,923925
NIFTY-III.NFO,13/03/2025,09:36:23,22780,22777.35,150,22785.05,225,0,923925
NIFTY-III.NFO,13/03/2025,09:36:25,22780,22777.75,150,22785.9,225,0,923925
NIFTY-III.NFO,13/03/2025,09:36:27,22780,22777.75,150,22785.9,75,0,923925
NIFTY-III.NFO,13/03/2025,09:36:28,22780,22777.75,150,22786.35,150,0,923925
NIFTY-III.NFO,13/03/2025,09:36:30,22780,22777.75,150,22786.85,75,0,923925
NIFTY-III.NFO,13/03/2025,09:36:32,22780,22777.8,150,22786.55,450,0,923925
NIFTY-III.NFO,13/03/2025,09:36:33,22780,22777.75,75,22785.6,225,0,923925
NIFTY-III.NFO,13/03/2025,09:36:35,22780,22777.7,150,22785.5,900,0,923925
NIFTY-III.NFO,13/03/2025,09:36:37,22780,22776.25,150,22784,225,0,923925
NIFTY-III.NFO,13/03/2025,09:36:38,22780,22776.55,150,22785.2,75,0,923925
NIFTY-III.NFO,13/03/2025,09:36:40,22780,22777,225,22784.85,150,0,923925
NIFTY-III.NFO,13/03/2025,09:36:42,22780,22776.75,150,22785.2,75,0,923925
NIFTY-III.NFO,13/03/2025,09:36:43,22780,22777.8,150,22786.85,75,0,923925
NIFTY-III.NFO,13/03/2025,09:36:47,22780,22777,150,22786.05,150,0,923925
NIFTY-III.NFO,13/03/2025,09:36:48,22780,22777,150,22786.1,825,0,923925
NIFTY-III.NFO,13/03/2025,09:36:50,22780,22777.3,150,22786.85,75,0,923925
NIFTY-III.NFO,13/03/2025,09:36:52,22780,22779,150,22788.3,75,0,923925
NIFTY-III.NFO,13/03/2025,09:36:53,22780,22779.1,150,22788.3,75,0,923925
NIFTY-III.NFO,13/03/2025,09:36:55,22780,22779,150,22788.3,600,0,923925
NIFTY-III.NFO,13/03/2025,09:36:56,22780,22778.75,75,22786.75,150,0,923925
NIFTY-III.NFO,13/03/2025,09:36:58,22780,22779.4,150,22786.9,450,0,923925
NIFTY-III.NFO,13/03/2025,09:37:00,22780,22778.4,150,22786.9,450,0,923925
NIFTY-III.NFO,13/03/2025,09:37:01,22780,22778.4,150,22786.9,75,0,923925
NIFTY-III.NFO,13/03/2025,09:37:03,22780,22778.8,150,22787.75,300,0,923925
NIFTY-III.NFO,13/03/2025,09:37:05,22780,22778.8,150,22787.75,75,0,923925
NIFTY-III.NFO,13/03/2025,09:37:06,22780,22779.05,150,22788.3,75,0,923925
NIFTY-III.NFO,13/03/2025,09:37:08,22780,22779.35,150,22787.05,450,0,923925
NIFTY-III.NFO,13/03/2025,09:37:09,22780,22779.6,150,22787.9,75,0,923925
NIFTY-III.NFO,13/03/2025,09:37:11,22780,22780.05,150,22789.1,150,300,923925
NIFTY-III.NFO,13/03/2025,09:37:13,22780,22780.05,150,22789.1,150,0,923925
NIFTY-III.NFO,13/03/2025,09:37:14,22780,22778.65,150,22788.15,75,0,923925
NIFTY-III.NFO,13/03/2025,09:37:16,22780,22779.5,150,22788.35,75,0,923925
NIFTY-III.NFO,13/03/2025,09:37:18,22780,22780.4,150,22788.35,75,0,923925
NIFTY-III.NFO,13/03/2025,09:37:19,22780,22780.45,150,22789.1,150,0,923925
NIFTY-III.NFO,13/03/2025,09:37:24,22780,22780.8,150,22789.1,150,0,923925
NIFTY-III.NFO,13/03/2025,09:37:26,22780,22780.75,150,22789.1,150,0,923925
NIFTY-III.NFO,13/03/2025,09:37:29,22780.8,22781.15,75,22789.05,150,450,923925
NIFTY-III.NFO,13/03/2025,09:37:31,22780.8,22780.75,225,22789.05,225,0,923925
NIFTY-III.NFO,13/03/2025,09:37:33,22780.8,22779.5,150,22789.05,225,0,923925
NIFTY-III.NFO,13/03/2025,09:37:34,22780.8,22779.6,150,22789.05,225,0,923925
NIFTY-III.NFO,13/03/2025,09:37:36,22780.8,22780.55,150,22789.05,225,0,923925
NIFTY-III.NFO,13/03/2025,09:37:39,22780.8,22779.45,75,22788.25,150,0,923925
NIFTY-III.NFO,13/03/2025,09:37:41,22780.8,22777,150,22786,150,0,923925
NIFTY-III.NFO,13/03/2025,09:37:43,22786,22776.15,75,22784.5,75,75,923925
NIFTY-III.NFO,13/03/2025,09:37:44,22786,22776.2,150,22784.5,75,0,923925
NIFTY-III.NFO,13/03/2025,09:37:46,22786,22776.15,75,22784.5,75,0,923925
NIFTY-III.NFO,13/03/2025,09:37:48,22786,22775.7,150,22784.3,150,0,923925
NIFTY-III.NFO,13/03/2025,09:37:49,22784.3,22775.7,150,22783.85,75,75,923925
NIFTY-III.NFO,13/03/2025,09:37:51,22784.3,22775.8,150,22785.7,450,0,923925
NIFTY-III.NFO,13/03/2025,09:37:53,22784.3,22777.9,150,22787.75,150,0,923925
NIFTY-III.NFO,13/03/2025,09:37:54,22784.3,22777.15,150,22785.95,450,0,923925
NIFTY-III.NFO,13/03/2025,09:37:56,22784.3,22775,75,22783.75,150,0,923925
NIFTY-III.NFO,13/03/2025,09:37:58,22784.3,22774.85,150,22783.45,75,0,923925
NIFTY-III.NFO,13/03/2025,09:37:59,22784.3,22774.8,75,22783.45,75,0,923925
NIFTY-III.NFO,13/03/2025,09:38:01,22784.3,22772.95,150,22781.5,150,0,923925
NIFTY-III.NFO,13/03/2025,09:38:02,22780.85,22773.05,75,22780,150,75,923925
NIFTY-III.NFO,13/03/2025,09:38:04,22780.85,22770,75,22777.8,150,0,923925
NIFTY-III.NFO,13/03/2025,09:38:06,22780.85,22769.6,150,22777.8,75,0,923925
NIFTY-III.NFO,13/03/2025,09:38:08,22780.85,22768.7,150,22776.95,75,0,923925
NIFTY-III.NFO,13/03/2025,09:38:09,22780.85,22768.15,75,22776.35,450,0,923925
NIFTY-III.NFO,13/03/2025,09:38:11,22780.85,22767.05,150,22775.15,75,0,923925
NIFTY-III.NFO,13/03/2025,09:38:13,22780.85,22767,75,22775.75,150,0,923925
NIFTY-III.NFO,13/03/2025,09:38:14,22780.85,22766.75,150,22774.95,75,0,923925
NIFTY-III.NFO,13/03/2025,09:38:16,22766.75,22766.55,150,22774.65,75,75,923925
NIFTY-III.NFO,13/03/2025,09:38:18,22766.75,22766.25,150,22774.65,75,0,923925
NIFTY-III.NFO,13/03/2025,09:38:19,22766.75,22767.35,300,22775.55,150,0,923925
NIFTY-III.NFO,13/03/2025,09:38:21,22766.75,22767.35,300,22775.35,75,0,923925
NIFTY-III.NFO,13/03/2025,09:38:23,22766.75,22767.55,150,22775.05,75,0,923925
NIFTY-III.NFO,13/03/2025,09:38:24,22766.75,22767.75,300,22775.15,75,0,923925
NIFTY-III.NFO,13/03/2025,09:38:26,22766.75,22767.75,300,22775.35,75,0,923925
NIFTY-III.NFO,13/03/2025,09:38:28,22766.75,22768.55,225,22775.75,75,0,923925
NIFTY-III.NFO,13/03/2025,09:38:29,22766.75,22768.7,150,22776.1,150,0,923925
NIFTY-III.NFO,13/03/2025,09:38:31,22766.75,22768.9,150,22776.85,75,0,923925
NIFTY-III.NFO,13/03/2025,09:38:33,22766.75,22770.5,150,22778.35,75,0,923925
NIFTY-III.NFO,13/03/2025,09:38:34,22766.75,22771.65,150,22779.3,150,0,923925
NIFTY-III.NFO,13/03/2025,09:38:36,22766.75,22772.4,150,22780.3,75,0,923925
NIFTY-III.NFO,13/03/2025,09:38:38,22766.75,22772.4,225,22779.75,75,0,923925
NIFTY-III.NFO,13/03/2025,09:38:39,22766.75,22773.8,150,22781.45,150,0,923925
NIFTY-III.NFO,13/03/2025,09:38:41,22766.75,22774.15,150,22781.15,150,0,923925
NIFTY-III.NFO,13/03/2025,09:38:43,22766.75,22774.8,75,22781.45,75,0,923925
NIFTY-III.NFO,13/03/2025,09:38:44,22766.75,22774.75,150,22781.65,75,0,923925
NIFTY-III.NFO,13/03/2025,09:38:46,22766.75,22774.8,150,22782.35,75,0,923925
NIFTY-III.NFO,13/03/2025,09:38:48,22766.75,22775.6,150,22784,75,0,923925
NIFTY-III.NFO,13/03/2025,09:38:49,22766.75,22776.7,150,22785.15,75,0,923925
NIFTY-III.NFO,13/03/2025,09:38:51,22766.75,22778.2,150,22786.75,150,0,923925
NIFTY-III.NFO,13/03/2025,09:38:53,22766.75,22778.5,150,22786.85,75,0,923925
NIFTY-III.NFO,13/03/2025,09:38:54,22766.75,22779.25,150,22786.9,150,0,923925
NIFTY-III.NFO,13/03/2025,09:38:56,22766.75,22780.95,150,22786.9,150,0,923925
NIFTY-III.NFO,13/03/2025,09:38:59,22766.75,22781.6,150,22789,150,0,923925
NIFTY-III.NFO,13/03/2025,09:39:01,22766.75,22783.2,150,22789,150,0,923925
NIFTY-III.NFO,13/03/2025,09:39:03,22766.75,22783.5,150,22789,150,0,923925
NIFTY-III.NFO,13/03/2025,09:39:06,22766.75,22784,150,22789.1,75,0,923925
NIFTY-III.NFO,13/03/2025,09:39:07,22766.75,22784,225,22789.05,150,0,923925
NIFTY-III.NFO,13/03/2025,09:39:09,22766.75,22781.55,75,22789,150,0,923925
NIFTY-III.NFO,13/03/2025,09:39:11,22766.75,22781.85,150,22789.05,150,0,923925
NIFTY-III.NFO,13/03/2025,09:39:12,22766.75,22781.55,75,22788.95,75,0,923925
NIFTY-III.NFO,13/03/2025,09:39:14,22766.75,22781.75,150,22789.05,150,0,923925
NIFTY-III.NFO,13/03/2025,09:39:16,22766.75,22780.9,75,22789.05,150,0,923925
NIFTY-III.NFO,13/03/2025,09:39:17,22766.75,22780.9,150,22789.05,150,0,923925
NIFTY-III.NFO,13/03/2025,09:39:19,22766.75,22782.1,150,22789.1,75,0,923925
NIFTY-III.NFO,13/03/2025,09:39:21,22766.75,22782.1,300,22789.05,150,0,923925
NIFTY-III.NFO,13/03/2025,09:39:22,22766.75,22782.1,150,22789.05,150,0,923925
NIFTY-III.NFO,13/03/2025,09:39:26,22766.75,22781.45,225,22789.05,150,0,923925
NIFTY-III.NFO,13/03/2025,09:39:29,22766.75,22782.1,150,22789.1,75,0,923925
NIFTY-III.NFO,13/03/2025,09:39:32,22766.75,22782.1,150,22789.05,150,0,923925
NIFTY-III.NFO,13/03/2025,09:39:34,22766.75,22782.55,150,22789.05,75,0,923925
NIFTY-III.NFO,13/03/2025,09:39:35,22766.75,22781.35,150,22789.05,150,0,923925
NIFTY-III.NFO,13/03/2025,09:39:37,22766.75,22782.1,225,22789.05,150,0,923925
NIFTY-III.NFO,13/03/2025,09:39:39,22766.75,22781,150,22789.05,150,0,923925
NIFTY-III.NFO,13/03/2025,09:39:42,22766.75,22781.45,150,22789.05,150,0,923925
NIFTY-III.NFO,13/03/2025,09:39:44,22766.75,22781.45,150,22789.05,75,0,923925
NIFTY-III.NFO,13/03/2025,09:39:45,22766.75,22781,150,22789.05,150,0,923925
NIFTY-III.NFO,13/03/2025,09:39:47,22766.75,22780.2,75,22789.05,150,0,923925
NIFTY-III.NFO,13/03/2025,09:39:49,22766.75,22779.65,150,22789,75,0,923925
NIFTY-III.NFO,13/03/2025,09:39:52,22766.75,22781.65,225,22788.95,75,0,923925
NIFTY-III.NFO,13/03/2025,09:39:54,22766.75,22780.45,225,22788.35,75,0,923925
NIFTY-III.NFO,13/03/2025,09:39:55,22766.75,22780.7,225,22788.25,150,0,923925
NIFTY-III.NFO,13/03/2025,09:39:57,22766.75,22780.85,150,22788.25,150,0,923925
NIFTY-III.NFO,13/03/2025,09:39:59,22766.75,22781.55,225,22788.25,150,0,923925
NIFTY-III.NFO,13/03/2025,09:40:00,22766.75,22781.2,75,22788.25,150,0,923925
NIFTY-III.NFO,13/03/2025,09:40:02,22766.75,22780.95,150,22788.25,150,0,923925
NIFTY-III.NFO,13/03/2025,09:40:04,22766.75,22782,150,22788.25,75,0,923925
NIFTY-III.NFO,13/03/2025,09:40:05,22766.75,22782.8,225,22788.3,150,0,923925
NIFTY-III.NFO,13/03/2025,09:40:07,22766.75,22781.4,225,22788.25,150,0,923925
NIFTY-III.NFO,13/03/2025,09:40:09,22766.75,22780.05,150,22788,150,0,923925
NIFTY-III.NFO,13/03/2025,09:40:10,22766.75,22780.05,225,22788,150,0,923925
NIFTY-III.NFO,13/03/2025,09:40:15,22766.75,22780.05,225,22787.9,75,0,923925
NIFTY-III.NFO,13/03/2025,09:40:19,22780.05,22780,75,22787.9,150,75,923550
NIFTY-III.NFO,13/03/2025,09:40:20,22780.05,22780.05,225,22787.9,150,0,923550
NIFTY-III.NFO,13/03/2025,09:40:22,22780.05,22780.05,225,22787.75,225,0,923550
NIFTY-III.NFO,13/03/2025,09:40:24,22780.05,22780.05,150,22786.85,150,0,923550
NIFTY-III.NFO,13/03/2025,09:40:25,22780.05,22780,75,22786.95,150,0,923550
NIFTY-III.NFO,13/03/2025,09:40:27,22780.05,22780,75,22785.6,150,0,923550
NIFTY-III.NFO,13/03/2025,09:40:29,22780.05,22780,75,22785.1,150,0,923550
NIFTY-III.NFO,13/03/2025,09:40:32,22780.05,22780,75,22783.9,225,0,923550
NIFTY-III.NFO,13/03/2025,09:40:35,22780.05,22780,75,22783.8,150,0,923550
NIFTY-III.NFO,13/03/2025,09:40:37,22780.05,22780,75,22782.65,150,0,923550
NIFTY-III.NFO,13/03/2025,09:40:39,22780,22773.15,225,22780.65,225,75,923550
NIFTY-III.NFO,13/03/2025,09:40:40,22780,22772.75,75,22780.5,150,0,923550
NIFTY-III.NFO,13/03/2025,09:40:42,22780,22773,150,22779.95,225,0,923550
NIFTY-III.NFO,13/03/2025,09:40:44,22780,22774.7,150,22782.25,150,0,923550
NIFTY-III.NFO,13/03/2025,09:40:45,22780,22775.25,150,22783.8,150,0,923550
NIFTY-III.NFO,13/03/2025,09:40:47,22780,22777.7,150,22783.85,150,0,923550
NIFTY-III.NFO,13/03/2025,09:40:49,22780,22778.85,150,22783.85,150,0,923550
NIFTY-III.NFO,13/03/2025,09:40:50,22780,22779,75,22786.2,150,0,923550
NIFTY-III.NFO,13/03/2025,09:40:52,22780,22778.55,150,22785.95,225,0,923550
NIFTY-III.NFO,13/03/2025,09:40:54,22780,22780.25,225,22788.35,75,0,923550
NIFTY-III.NFO,13/03/2025,09:40:55,22780,22780.25,225,22788.2,150,0,923550
NIFTY-III.NFO,13/03/2025,09:40:57,22780,22781.5,150,22789.1,75,0,923550
NIFTY-III.NFO,13/03/2025,09:40:59,22780,22782.2,150,22789.05,150,0,923550
NIFTY-III.NFO,13/03/2025,09:41:00,22780,22782.2,150,22789.05,225,0,923550
NIFTY-III.NFO,13/03/2025,09:41:02,22780,22782.4,150,22789.1,75,0,923550
NIFTY-III.NFO,13/03/2025,09:41:04,22780,22782.4,225,22789.05,150,0,923550
NIFTY-III.NFO,13/03/2025,09:41:05,22780,22782.8,225,22789.05,150,0,923550
NIFTY-III.NFO,13/03/2025,09:41:07,22780,22781.7,225,22789.05,225,0,923550
NIFTY-III.NFO,13/03/2025,09:41:08,22780,22782.25,150,22789.1,75,0,923550
NIFTY-III.NFO,13/03/2025,09:41:10,22780,22782.3,225,22789.05,225,0,923550
NIFTY-III.NFO,13/03/2025,09:41:12,22780,22782.5,75,22789.05,150,0,923550
NIFTY-III.NFO,13/03/2025,09:41:13,22780,22782.3,150,22789.05,150,0,923550
NIFTY-III.NFO,13/03/2025,09:41:15,22780,22782.35,150,22789.05,150,0,923550
NIFTY-III.NFO,13/03/2025,09:41:17,22780,22782.45,150,22789.1,75,0,923550
NIFTY-III.NFO,13/03/2025,09:41:18,22780,22783.1,150,22789.1,75,0,923550
NIFTY-III.NFO,13/03/2025,09:41:20,22780,22785.25,225,22789.1,75,0,923550
NIFTY-III.NFO,13/03/2025,09:41:21,22780,22786.7,225,22789.1,75,0,923550
NIFTY-III.NFO,13/03/2025,09:41:23,22789.1,22787.65,75,22796.4,150,150,923550
NIFTY-III.NFO,13/03/2025,09:41:25,22789.1,22791,75,22798.95,150,0,923550
NIFTY-III.NFO,13/03/2025,09:41:26,22789.1,22791.4,150,22798.95,225,0,923550
NIFTY-III.NFO,13/03/2025,09:41:28,22789.1,22789.5,75,22797.7,150,0,923550
NIFTY-III.NFO,13/03/2025,09:41:30,22789.1,22787.6,75,22795.85,150,0,923550
NIFTY-III.NFO,13/03/2025,09:41:31,22789.1,22786.85,150,22794.1,225,0,923550
NIFTY-III.NFO,13/03/2025,09:41:33,22789.1,22787.4,75,22795.55,150,0,923550
NIFTY-III.NFO,13/03/2025,09:41:35,22789.1,22787.65,75,22795.35,150,0,923550
NIFTY-III.NFO,13/03/2025,09:41:36,22789.1,22787.1,150,22794.95,150,0,923550
NIFTY-III.NFO,13/03/2025,09:41:38,22789.1,22786.85,75,22794.95,150,0,923550
NIFTY-III.NFO,13/03/2025,09:41:40,22789.1,22787.15,150,22794.85,150,0,923550
NIFTY-III.NFO,13/03/2025,09:41:41,22789.1,22786.9,75,22794.85,150,0,923550
NIFTY-III.NFO,13/03/2025,09:41:43,22789.1,22786.85,150,22794.85,150,0,923550
NIFTY-III.NFO,13/03/2025,09:41:45,22789.1,22787.5,75,22794.85,225,0,923550
NIFTY-III.NFO,13/03/2025,09:41:46,22789.1,22786.5,150,22793.95,225,0,923550
NIFTY-III.NFO,13/03/2025,09:41:48,22789.1,22787.4,75,22793.95,225,0,923550
NIFTY-III.NFO,13/03/2025,09:41:50,22789.1,22787.25,75,22794,150,0,923550
NIFTY-III.NFO,13/03/2025,09:41:51,22789.1,22787.95,75,22794,75,0,923550
NIFTY-III.NFO,13/03/2025,09:41:53,22789.1,22787.65,75,22794,150,0,923550
NIFTY-III.NFO,13/03/2025,09:41:55,22789.1,22787.1,75,22794,150,0,923550
NIFTY-III.NFO,13/03/2025,09:41:56,22789.1,22786.3,150,22793.95,225,0,923550
NIFTY-III.NFO,13/03/2025,09:41:58,22789.1,22786.9,75,22793.95,300,0,923550
NIFTY-III.NFO,13/03/2025,09:42:00,22789.1,22787.5,75,22794,75,0,923550
NIFTY-III.NFO,13/03/2025,09:42:01,22789.1,22787.8,75,22794,75,0,923550
NIFTY-III.NFO,13/03/2025,09:42:03,22789.1,22788.65,150,22793.95,150,0,923550
NIFTY-III.NFO,13/03/2025,09:42:05,22789.1,22789.35,75,22793.95,150,0,923550
NIFTY-III.NFO,13/03/2025,09:42:06,22789.1,22788.35,75,22793.95,150,0,923550
NIFTY-III.NFO,13/03/2025,09:42:08,22789.1,22787,75,22793.9,225,0,923550
NIFTY-III.NFO,13/03/2025,09:42:10,22789.1,22786.35,75,22793.7,150,0,923550
NIFTY-III.NFO,13/03/2025,09:42:11,22789.1,22786.1,75,22793.6,150,0,923550
NIFTY-III.NFO,13/03/2025,09:42:13,22789.1,22785.35,75,22793.6,150,0,923550
NIFTY-III.NFO,13/03/2025,09:42:15,22789.1,22786.3,150,22793.4,225,0,923550
NIFTY-III.NFO,13/03/2025,09:42:16,22789.1,22785.4,75,22792.95,150,0,923550
NIFTY-III.NFO,13/03/2025,09:42:18,22789.1,22784.8,150,22792.5,150,0,923550
NIFTY-III.NFO,13/03/2025,09:42:20,22789.1,22785.5,75,22792.25,75,0,923550
NIFTY-III.NFO,13/03/2025,09:42:21,22789.1,22785,75,22792.95,225,0,923550
NIFTY-III.NFO,13/03/2025,09:42:23,22789.1,22785.3,75,22792.95,225,0,923550
NIFTY-III.NFO,13/03/2025,09:42:25,22789.1,22785.2,150,22792.95,225,0,923550
NIFTY-III.NFO,13/03/2025,09:42:26,22789.05,22784.05,75,22791,225,75,923550
NIFTY-III.NFO,13/03/2025,09:42:28,22789.05,22783.85,75,22791.05,150,0,923550
NIFTY-III.NFO,13/03/2025,09:42:30,22789.05,22783.15,75,22790.7,150,0,923550
NIFTY-III.NFO,13/03/2025,09:42:31,22789.05,22782.55,75,22790.7,150,0,923550
NIFTY-III.NFO,13/03/2025,09:42:33,22789.05,22782.8,75,22789.9,150,0,923550
NIFTY-III.NFO,13/03/2025,09:42:35,22789.05,22783,150,22790.4,150,0,923550
NIFTY-III.NFO,13/03/2025,09:42:36,22789.05,22784.7,150,22791,75,0,923550
NIFTY-III.NFO,13/03/2025,09:42:38,22789.05,22785.5,150,22791,75,0,923550
NIFTY-III.NFO,13/03/2025,09:42:40,22785.7,22784.15,150,22790.95,225,75,923550
NIFTY-III.NFO,13/03/2025,09:42:41,22785.7,22783.9,75,22790.95,150,0,923550
NIFTY-III.NFO,13/03/2025,09:42:43,22785.7,22784.15,75,22791,75,0,923550
NIFTY-III.NFO,13/03/2025,09:42:45,22785.7,22784.15,150,22790.8,75,0,923550
NIFTY-III.NFO,13/03/2025,09:42:46,22785.7,22785.3,150,22791,75,0,923550
NIFTY-III.NFO,13/03/2025,09:42:48,22785.7,22784.95,75,22791,150,0,923550
NIFTY-III.NFO,13/03/2025,09:42:49,22785.7,22784.25,75,22790.95,225,0,923550
NIFTY-III.NFO,13/03/2025,09:42:51,22785.7,22783.2,75,22790.95,225,0,923550
NIFTY-III.NFO,13/03/2025,09:42:53,22785.7,22783.15,75,22790.9,150,0,923550
NIFTY-III.NFO,13/03/2025,09:42:54,22785.7,22782.75,75,22790.9,150,0,923550
NIFTY-III.NFO,13/03/2025,09:42:56,22785.7,22782.55,75,22790.35,150,0,923550
NIFTY-III.NFO,13/03/2025,09:42:58,22785.7,22780.75,75,22788.65,375,0,923550
NIFTY-III.NFO,13/03/2025,09:42:59,22785.7,22780.05,75,22788.45,150,0,923550
NIFTY-III.NFO,13/03/2025,09:43:01,22785.7,22779.15,150,22787.15,150,0,923550
NIFTY-III.NFO,13/03/2025,09:43:03,22785.7,22779.5,75,22787.15,225,0,923550
NIFTY-III.NFO,13/03/2025,09:43:04,22785.7,22778.9,75,22786.55,150,0,923550
NIFTY-III.NFO,13/03/2025,09:43:06,22785.7,22779,150,22786.55,225,0,923550
NIFTY-III.NFO,13/03/2025,09:43:07,22785.7,22778.75,75,22786.8,225,0,923550
NIFTY-III.NFO,13/03/2025,09:43:09,22785.7,22778.75,75,22786.7,150,0,923550
NIFTY-III.NFO,13/03/2025,09:43:13,22785.7,22778.75,75,22786.7,525,0,923550
NIFTY-III.NFO,13/03/2025,09:43:14,22785.7,22778.35,150,22786.25,225,0,923550
NIFTY-III.NFO,13/03/2025,09:43:16,22785.7,22778.65,75,22786.25,225,0,923550
NIFTY-III.NFO,13/03/2025,09:43:18,22785.7,22777.1,150,22785.1,150,0,923550
NIFTY-III.NFO,13/03/2025,09:43:19,22785.7,22776.3,75,22784.55,150,0,923550
NIFTY-III.NFO,13/03/2025,09:43:21,22785.7,22775.75,75,22783.9,225,0,923550
NIFTY-III.NFO,13/03/2025,09:43:23,22785.7,22774.95,150,22783.15,150,0,923550
NIFTY-III.NFO,13/03/2025,09:43:24,22785.7,22772.9,150,22781.45,525,0,923550
NIFTY-III.NFO,13/03/2025,09:43:26,22785.7,22771,75,22779.35,375,0,923550
NIFTY-III.NFO,13/03/2025,09:43:28,22785.7,22770.1,75,22778.1,150,0,923550
NIFTY-III.NFO,13/03/2025,09:43:29,22785.7,22769.55,75,22777.75,150,0,923550
NIFTY-III.NFO,13/03/2025,09:43:34,22785.7,22770.05,75,22777.7,75,0,923550
NIFTY-III.NFO,13/03/2025,09:43:36,22785.7,22771.35,75,22778.95,150,0,923550
NIFTY-III.NFO,13/03/2025,09:43:38,22785.7,22771.8,75,22779.5,75,0,923550
NIFTY-III.NFO,13/03/2025,09:43:39,22785.7,22772.8,75,22779.85,150,0,923550
NIFTY-III.NFO,13/03/2025,09:43:41,22785.7,22773.4,75,22781.3,150,0,923550
NIFTY-III.NFO,13/03/2025,09:43:43,22785.7,22773.5,75,22781.5,75,0,923550
NIFTY-III.NFO,13/03/2025,09:43:44,22785.7,22775,75,22783,75,0,923550
NIFTY-III.NFO,13/03/2025,09:43:46,22785.7,22775.8,75,22783.8,150,0,923550
NIFTY-III.NFO,13/03/2025,09:43:47,22785.7,22776.85,75,22786.2,150,0,923550
NIFTY-III.NFO,13/03/2025,09:43:49,22785.7,22776.65,75,22784.4,150,0,923550
NIFTY-III.NFO,13/03/2025,09:43:51,22785.7,22775,75,22783.3,150,0,923550
NIFTY-III.NFO,13/03/2025,09:43:52,22785.7,22774.5,75,22782.5,150,0,923550
NIFTY-III.NFO,13/03/2025,09:43:54,22785.7,22774.55,75,22782.5,150,0,923550
NIFTY-III.NFO,13/03/2025,09:43:56,22785.7,22773.2,75,22781.15,150,0,923550
NIFTY-III.NFO,13/03/2025,09:43:57,22785.7,22774.4,75,22781.15,75,0,923550
NIFTY-III.NFO,13/03/2025,09:43:59,22785.7,22775.35,75,22783.55,150,0,923550
NIFTY-III.NFO,13/03/2025,09:44:01,22785.7,22776.6,150,22783.4,75,0,923550
NIFTY-III.NFO,13/03/2025,09:44:02,22785.7,22776.95,150,22783.55,75,0,923550
NIFTY-III.NFO,13/03/2025,09:44:04,22785.7,22775.85,75,22782.7,150,0,923550
NIFTY-III.NFO,13/03/2025,09:44:06,22785.7,22775.6,75,22782.35,150,0,923550
NIFTY-III.NFO,13/03/2025,09:44:07,22785.7,22775.75,75,22783.8,225,0,923550
NIFTY-III.NFO,13/03/2025,09:44:09,22785.7,22776.1,75,22784.6,150,0,923550
NIFTY-III.NFO,13/03/2025,09:44:11,22785.7,22777.9,150,22785.6,75,0,923550
NIFTY-III.NFO,13/03/2025,09:44:12,22785.7,22779.4,75,22785.7,75,0,923550
NIFTY-III.NFO,13/03/2025,09:44:14,22785.7,22780.25,75,22785.7,75,0,923550
NIFTY-III.NFO,13/03/2025,09:44:16,22785.7,22779.65,75,22785.7,75,0,923550
NIFTY-III.NFO,13/03/2025,09:44:17,22785.7,22779.3,75,22785.65,225,0,923550
NIFTY-III.NFO,13/03/2025,09:44:19,22785.7,22777.5,150,22785.65,225,0,923550
NIFTY-III.NFO,13/03/2025,09:44:21,22785.7,22778.6,150,22785.65,225,0,923550
NIFTY-III.NFO,13/03/2025,09:44:22,22785.7,22778.45,75,22785.65,225,0,923550
NIFTY-III.NFO,13/03/2025,09:44:24,22785.7,22777.95,75,22785.65,225,0,923550
NIFTY-III.NFO,13/03/2025,09:44:26,22785.7,22778.15,150,22785.65,225,0,923550
NIFTY-III.NFO,13/03/2025,09:44:27,22785.7,22779.6,150,22785.7,75,0,923550
NIFTY-III.NFO,13/03/2025,09:44:29,22785.7,22782.85,75,22785.7,75,0,923550
NIFTY-III.NFO,13/03/2025,09:44:31,22785.7,22782.95,75,22785.7,75,0,923550
NIFTY-III.NFO,13/03/2025,09:44:32,22785.7,22782.85,75,22787,300,150,923550
NIFTY-III.NFO,13/03/2025,09:44:34,22782.9,22783.25,150,22787,300,75,923550
NIFTY-III.NFO,13/03/2025,09:44:36,22782.9,22782.85,75,22787,300,0,923550
NIFTY-III.NFO,13/03/2025,09:44:37,22782.9,22782.6,225,22787,300,0,923550
NIFTY-III.NFO,13/03/2025,09:44:39,22782.9,22783.25,225,22787,300,0,923550
NIFTY-III.NFO,13/03/2025,09:44:40,22782.9,22784.9,225,22787,300,0,923550
NIFTY-III.NFO,13/03/2025,09:44:42,22785.6,22785.9,75,22787,225,225,923550
NIFTY-III.NFO,13/03/2025,09:44:44,22787,22787.7,150,22795,150,225,923550
NIFTY-III.NFO,13/03/2025,09:44:45,22787,22787.1,225,22794.95,150,0,923550
NIFTY-III.NFO,13/03/2025,09:44:47,22787,22784.6,75,22794.05,150,0,923550
NIFTY-III.NFO,13/03/2025,09:44:49,22787,22784,75,22793.5,150,0,923550
NIFTY-III.NFO,13/03/2025,09:44:50,22787,22783.3,75,22792.65,150,0,923550
NIFTY-III.NFO,13/03/2025,09:44:52,22787,22782.7,150,22791.95,150,0,923550
NIFTY-III.NFO,13/03/2025,09:44:54,22787,22787,75,22791.5,150,0,923550
NIFTY-III.NFO,13/03/2025,09:44:55,22787,22787,75,22791.3,150,0,923550
NIFTY-III.NFO,13/03/2025,09:44:57,22787,22787,75,22791.05,150,0,923550
NIFTY-III.NFO,13/03/2025,09:44:59,22787,22783.5,150,22791.05,150,75,923550
NIFTY-III.NFO,13/03/2025,09:45:00,22787,22784.35,150,22792.4,150,0,923550
NIFTY-III.NFO,13/03/2025,09:45:02,22787,22784.35,75,22792.4,150,0,923550
NIFTY-III.NFO,13/03/2025,09:45:04,22787,22784.8,150,22792.3,150,0,923550
NIFTY-III.NFO,13/03/2025,09:45:05,22787,22784,150,22792.3,150,0,923550
NIFTY-III.NFO,13/03/2025,09:45:07,22787,22784.05,150,22792.3,150,0,923550
NIFTY-III.NFO,13/03/2025,09:45:09,22787,22784.85,150,22791.65,225,0,923550
NIFTY-III.NFO,13/03/2025,09:45:10,22787,22785.7,150,22792.95,225,0,923550
NIFTY-III.NFO,13/03/2025,09:45:12,22787,22790.05,75,22793,75,0,923550
NIFTY-III.NFO,13/03/2025,09:45:14,22787.05,22785.8,75,22787,150,150,923550
NIFTY-III.NFO,13/03/2025,09:45:15,22787,22785.8,150,22792.95,75,150,923550
NIFTY-III.NFO,13/03/2025,09:45:17,22787,22786.25,150,22793,150,0,923550
NIFTY-III.NFO,13/03/2025,09:45:19,22787,22788.95,150,22793,75,0,923550
NIFTY-III.NFO,13/03/2025,09:45:22,22787,22788,75,22793,75,0,923550
NIFTY-III.NFO,13/03/2025,09:45:24,22787,22785.4,75,22793,150,300,923550
NIFTY-III.NFO,13/03/2025,09:45:26,22787,22785.4,75,22792.95,150,0,923550
NIFTY-III.NFO,13/03/2025,09:45:27,22787,22785.4,150,22793,150,0,923550
NIFTY-III.NFO,13/03/2025,09:45:29,22787,22786.2,75,22793,150,0,923550
NIFTY-III.NFO,13/03/2025,09:45:31,22787,22785.05,75,22792.95,150,0,923550
NIFTY-III.NFO,13/03/2025,09:45:34,22787,22785.2,450,22792.95,225,0,923550
NIFTY-III.NFO,13/03/2025,09:45:36,22787,22786,75,22792,75,0,923550
NIFTY-III.NFO,13/03/2025,09:45:37,22787,22786.05,450,22792,75,0,923550
NIFTY-III.NFO,13/03/2025,09:45:39,22787,22785.55,75,22792,150,0,923550
NIFTY-III.NFO,13/03/2025,09:45:42,22787,22785.55,150,22792,150,0,923550
NIFTY-III.NFO,13/03/2025,09:45:44,22787,22785.55,150,22792,75,0,923550
NIFTY-III.NFO,13/03/2025,09:45:46,22787,22785.55,150,22792,150,0,923550
NIFTY-III.NFO,13/03/2025,09:45:49,22787,22786.35,75,22792,75,0,923550
NIFTY-III.NFO,13/03/2025,09:45:51,22787,22784.4,75,22791.8,150,0,923550
NIFTY-III.NFO,13/03/2025,09:45:54,22787,22782.35,75,22791.7,150,0,923550
NIFTY-III.NFO,13/03/2025,09:45:56,22787,22782.1,75,22791.05,150,0,923550
NIFTY-III.NFO,13/03/2025,09:45:57,22787,22781.55,150,22790.2,150,0,923550
NIFTY-III.NFO,13/03/2025,09:45:59,22787,22784,150,22791,150,0,923550
NIFTY-III.NFO,13/03/2025,09:46:01,22787,22783.85,150,22791.55,150,0,923550
NIFTY-III.NFO,13/03/2025,09:46:02,22787,22782.85,150,22790.6,150,0,923550
NIFTY-III.NFO,13/03/2025,09:46:04,22787,22781.2,150,22789.95,150,0,923550
NIFTY-III.NFO,13/03/2025,09:46:07,22787,22781.3,150,22789.95,225,0,923550
NIFTY-III.NFO,13/03/2025,09:46:09,22787,22782.9,150,22789.95,225,0,923550
NIFTY-III.NFO,13/03/2025,09:46:11,22787,22782.35,75,22789.95,225,0,923550
NIFTY-III.NFO,13/03/2025,09:46:12,22787,22781.7,150,22789.95,225,0,923550
NIFTY-III.NFO,13/03/2025,09:46:16,22787,22782.5,150,22789.95,225,0,923550
NIFTY-III.NFO,13/03/2025,09:46:17,22787,22781.75,75,22789.95,225,0,923550
NIFTY-III.NFO,13/03/2025,09:46:19,22787,22780.9,150,22789.95,225,0,923550
NIFTY-III.NFO,13/03/2025,09:46:21,22787,22780,150,22789.05,150,0,923550
NIFTY-III.NFO,13/03/2025,09:46:22,22787,22779.9,150,22788.95,150,0,923550
NIFTY-III.NFO,13/03/2025,09:46:24,22787,22780,75,22788.95,150,0,923550
NIFTY-III.NFO,13/03/2025,09:46:26,22787,22780,75,22789.05,150,0,923550
NIFTY-III.NFO,13/03/2025,09:46:27,22787,22779.15,75,22788.7,150,0,923550
NIFTY-III.NFO,13/03/2025,09:46:32,22787,22779.15,75,22788.3,150,0,923550
NIFTY-III.NFO,13/03/2025,09:46:34,22787,22776.35,75,22785.35,150,0,923550
NIFTY-III.NFO,13/03/2025,09:46:37,22787,22775.6,75,22784.7,150,0,923550
NIFTY-III.NFO,13/03/2025,09:46:39,22787,22774.85,75,22783.85,150,0,923550
NIFTY-III.NFO,13/03/2025,09:46:41,22787,22773.25,75,22782.45,150,0,923550
NIFTY-III.NFO,13/03/2025,09:46:42,22787,22773.35,375,22782.45,150,0,923550
NIFTY-III.NFO,13/03/2025,09:46:44,22787,22774.25,150,22782.35,150,0,923550
NIFTY-III.NFO,13/03/2025,09:46:46,22787,22774.25,75,22782.35,150,0,923550
NIFTY-III.NFO,13/03/2025,09:46:47,22787,22773.5,75,22782.35,150,0,923550
NIFTY-III.NFO,13/03/2025,09:46:51,22787,22774.3,150,22782.3,150,0,923550
NIFTY-III.NFO,13/03/2025,09:46:52,22787,22774.1,75,22781.9,150,0,923550
NIFTY-III.NFO,13/03/2025,09:46:56,22781.9,22773.4,150,22781.9,150,75,923025
NIFTY-III.NFO,13/03/2025,09:46:57,22781.9,22773.65,75,22781.15,150,0,923025
NIFTY-III.NFO,13/03/2025,09:46:59,22781.9,22774.2,75,22781.5,150,0,923025
NIFTY-III.NFO,13/03/2025,09:47:00,22781.9,22774.9,150,22782.05,225,0,923025
NIFTY-III.NFO,13/03/2025,09:47:02,22781.9,22773.8,75,22781.6,150,0,923025
NIFTY-III.NFO,13/03/2025,09:47:04,22781.9,22771.9,75,22779.65,150,0,923025
NIFTY-III.NFO,13/03/2025,09:47:05,22781.9,22772.3,75,22779.55,150,0,923025
NIFTY-III.NFO,13/03/2025,09:47:07,22781.9,22773.4,75,22780.35,75,0,923025
NIFTY-III.NFO,13/03/2025,09:47:09,22781.9,22774.2,150,22782.05,150,0,923025
NIFTY-III.NFO,13/03/2025,09:47:10,22781.9,22775,75,22783.15,150,0,923025
NIFTY-III.NFO,13/03/2025,09:47:12,22781.9,22775.9,75,22784,150,0,923025
NIFTY-III.NFO,13/03/2025,09:47:15,22781.9,22776.7,75,22784.25,75,0,923025
NIFTY-III.NFO,13/03/2025,09:47:17,22781.9,22777.4,300,22784.7,75,0,923025
NIFTY-III.NFO,13/03/2025,09:47:19,22781.9,22779.8,75,22787.55,150,0,923025
NIFTY-III.NFO,13/03/2025,09:47:20,22781.9,22781.4,75,22788.95,75,0,923025
NIFTY-III.NFO,13/03/2025,09:47:22,22781.9,22782,150,22789.65,150,0,923025
NIFTY-III.NFO,13/03/2025,09:47:24,22781.9,22781.9,75,22789,150,0,923025
NIFTY-III.NFO,13/03/2025,09:47:25,22781.9,22781.95,150,22789.65,150,0,923025
NIFTY-III.NFO,13/03/2025,09:47:27,22781.9,22782.35,75,22790,150,0,923025
NIFTY-III.NFO,13/03/2025,09:47:29,22781.9,22782.35,75,22789.85,150,0,923025
NIFTY-III.NFO,13/03/2025,09:47:30,22781.9,22783.15,150,22790,150,0,923025
NIFTY-III.NFO,13/03/2025,09:47:32,22781.9,22783.95,150,22790,75,0,923025
NIFTY-III.NFO,13/03/2025,09:47:34,22781.9,22785.15,75,22790,75,0,923025
NIFTY-III.NFO,13/03/2025,09:47:35,22781.9,22786.35,75,22790,75,0,923025
NIFTY-III.NFO,13/03/2025,09:47:39,22781.9,22785.6,75,22790,75,0,923025
NIFTY-III.NFO,13/03/2025,09:47:40,22781.9,22785.6,150,22790,75,0,923025
NIFTY-III.NFO,13/03/2025,09:47:42,22781.9,22786.4,150,22790,75,0,923025
NIFTY-III.NFO,13/03/2025,09:47:44,22781.9,22786.55,75,22790,75,0,923025
NIFTY-III.NFO,13/03/2025,09:47:47,22781.9,22786.55,150,22790,75,0,923025
NIFTY-III.NFO,13/03/2025,09:47:49,22781.9,22785.7,75,22790,75,0,923025
NIFTY-III.NFO,13/03/2025,09:47:50,22781.9,22786.5,75,22790,75,0,923025
NIFTY-III.NFO,13/03/2025,09:47:52,22781.9,22786.3,75,22787,300,0,923025
NIFTY-III.NFO,13/03/2025,09:47:54,22781.9,22785.55,75,22787,300,0,923025
NIFTY-III.NFO,13/03/2025,09:47:55,22785.55,22785.6,75,22790,75,75,923025
NIFTY-III.NFO,13/03/2025,09:47:57,22790,22785.6,150,22792.85,75,75,923025
NIFTY-III.NFO,13/03/2025,09:47:59,22790,22786.4,150,22793.95,75,0,923025
NIFTY-III.NFO,13/03/2025,09:48:00,22790,22786.4,150,22793.8,75,0,923025
NIFTY-III.NFO,13/03/2025,09:48:02,22789.65,22790.15,75,22795,75,300,923025
NIFTY-III.NFO,13/03/2025,09:48:04,22789.65,22791.75,75,22795,75,0,923025
NIFTY-III.NFO,13/03/2025,09:48:07,22791.8,22791.3,75,22795,75,75,923025
NIFTY-III.NFO,13/03/2025,09:48:09,22795,22791.3,75,22797.95,150,75,923025
NIFTY-III.NFO,13/03/2025,09:48:10,22795,22791.3,150,22798.35,150,0,923025
NIFTY-III.NFO,13/03/2025,09:48:12,22795,22791.3,75,22797.2,75,75,923025
NIFTY-III.NFO,13/03/2025,09:48:14,22795,22790.8,75,22798.05,150,0,923025
NIFTY-III.NFO,13/03/2025,09:48:15,22795,22788.95,150,22798.05,150,0,923025
NIFTY-III.NFO,13/03/2025,09:48:20,22795,22789,150,22798.05,150,0,923025
NIFTY-III.NFO,13/03/2025,09:48:22,22795,22789.05,150,22798.05,150,0,923025
NIFTY-III.NFO,13/03/2025,09:48:24,22795,22787.75,150,22797.2,150,0,923025
NIFTY-III.NFO,13/03/2025,09:48:25,22795,22787.75,150,22797,225,0,923025
NIFTY-III.NFO,13/03/2025,09:48:27,22795,22786.95,150,22796.35,150,0,923025
NIFTY-III.NFO,13/03/2025,09:48:30,22795,22788.55,150,22796.35,150,0,923025
NIFTY-III.NFO,13/03/2025,09:48:32,22795,22789.35,150,22796.15,75,0,923025
NIFTY-III.NFO,13/03/2025,09:48:34,22795,22789.35,75,22795.7,150,0,923025
NIFTY-III.NFO,13/03/2025,09:48:35,22795,22788.6,150,22796.35,150,0,923025
NIFTY-III.NFO,13/03/2025,09:48:37,22795,22788.6,75,22796.35,150,0,923025
NIFTY-III.NFO,13/03/2025,09:48:39,22795,22789.45,150,22797.2,150,0,923025
NIFTY-III.NFO,13/03/2025,09:48:40,22795,22788.5,150,22797.2,150,0,923025
NIFTY-III.NFO,13/03/2025,09:48:42,22795,22787.75,75,22797.1,150,0,923025
NIFTY-III.NFO,13/03/2025,09:48:44,22795,22788.5,150,22797.2,150,0,923025
NIFTY-III.NFO,13/03/2025,09:48:45,22795,22789.3,75,22797.2,150,0,923025
NIFTY-III.NFO,13/03/2025,09:48:47,22795,22789.3,150,22797.2,150,0,923025
NIFTY-III.NFO,13/03/2025,09:48:49,22795,22789.3,75,22797.2,150,0,923025
NIFTY-III.NFO,13/03/2025,09:48:50,22795,22789.3,150,22797.2,150,0,923025
NIFTY-III.NFO,13/03/2025,09:48:52,22795,22795,75,22796.95,150,0,923025
NIFTY-III.NFO,13/03/2025,09:48:55,22796.95,22788.8,75,22796.95,150,150,923100
NIFTY-III.NFO,13/03/2025,09:48:57,22796.95,22788.8,75,22796.95,150,0,923100
NIFTY-III.NFO,13/03/2025,09:48:58,22796.95,22790.4,150,22797.45,150,0,923100
NIFTY-III.NFO,13/03/2025,09:49:00,22796.95,22790.4,150,22796.95,75,0,923100
NIFTY-III.NFO,13/03/2025,09:49:02,22796.95,22791.25,150,22796.95,75,0,923100
NIFTY-III.NFO,13/03/2025,09:49:03,22796.95,22792.05,75,22796,75,0,923100
NIFTY-III.NFO,13/03/2025,09:49:05,22796,22793.9,150,22796.95,75,75,923100
NIFTY-III.NFO,13/03/2025,09:49:07,22796.95,22797.4,75,22799,150,75,923100
NIFTY-III.NFO,13/03/2025,09:49:09,22799,22796.2,75,22799,75,150,923100
NIFTY-III.NFO,13/03/2025,09:49:10,22799,22796.2,75,22799,75,0,923100
NIFTY-III.NFO,13/03/2025,09:49:12,22795.65,22796.7,75,22799,75,300,923100
NIFTY-III.NFO,13/03/2025,09:49:14,22795.65,22796.7,225,22799,75,0,923100
NIFTY-III.NFO,13/03/2025,09:49:17,22795.65,22798.3,150,22799,75,0,923100
NIFTY-III.NFO,13/03/2025,09:49:19,22799.1,22799.6,75,22800,150,150,923100
NIFTY-III.NFO,13/03/2025,09:49:20,22799.1,22799.6,75,22800,150,0,923100
NIFTY-III.NFO,13/03/2025,09:49:22,22800,22797.4,75,22800,75,150,923100
NIFTY-III.NFO,13/03/2025,09:49:24,22800,22794.9,150,22802.65,150,75,923100
NIFTY-III.NFO,13/03/2025,09:49:25,22800,22794.9,75,22802.65,150,0,923100
NIFTY-III.NFO,13/03/2025,09:49:29,22800,22795.9,75,22802.5,150,0,923100
NIFTY-III.NFO,13/03/2025,09:49:30,22800,22796.85,225,22804.15,75,0,923100
NIFTY-III.NFO,13/03/2025,09:49:32,22800,22796.85,75,22804.1,150,0,923100
NIFTY-III.NFO,13/03/2025,09:49:33,22800,22795.15,75,22803.85,150,0,923100
NIFTY-III.NFO,13/03/2025,09:49:35,22800,22794.1,75,22803.85,300,0,923100
NIFTY-III.NFO,13/03/2025,09:49:37,22800,22794.1,75,22800,450,0,923100
NIFTY-III.NFO,13/03/2025,09:49:38,22800,22794.1,75,22799.95,75,0,923100
NIFTY-III.NFO,13/03/2025,09:49:40,22800,22794.1,75,22799.95,225,0,923100
NIFTY-III.NFO,13/03/2025,09:49:42,22800,22793.5,375,22799.95,75,0,923100
NIFTY-III.NFO,13/03/2025,09:49:44,22800,22793.5,375,22799.9,150,0,923100
NIFTY-III.NFO,13/03/2025,09:49:45,22800,22792.85,75,22799.95,225,0,923100
NIFTY-III.NFO,13/03/2025,09:49:49,22800,22792.05,75,22799.95,225,0,923100
NIFTY-III.NFO,13/03/2025,09:49:50,22800,22792.05,150,22799.95,225,0,923100
NIFTY-III.NFO,13/03/2025,09:49:52,22800,22791.05,150,22799.85,150,0,923100
NIFTY-III.NFO,13/03/2025,09:49:54,22800,22790.35,525,22799.7,225,0,923100
NIFTY-III.NFO,13/03/2025,09:49:55,22800,22791.15,150,22799.7,225,0,923100
NIFTY-III.NFO,13/03/2025,09:49:57,22800,22790.45,150,22799.7,225,0,923100
NIFTY-III.NFO,13/03/2025,09:49:59,22800,22789.7,150,22798.9,150,0,923100
NIFTY-III.NFO,13/03/2025,09:50:00,22800,22788.15,75,22797.7,150,0,923100
NIFTY-III.NFO,13/03/2025,09:50:02,22800,22788.15,150,22796.95,150,0,923100
NIFTY-III.NFO,13/03/2025,09:50:07,22800,22788.1,150,22796.95,300,0,923100
NIFTY-III.NFO,13/03/2025,09:50:09,22800,22786.4,150,22795.45,150,0,923100
NIFTY-III.NFO,13/03/2025,09:50:10,22800,22784.7,150,22793.9,150,0,923100
NIFTY-III.NFO,13/03/2025,09:50:12,22800,22783.95,150,22792.45,150,0,923100
NIFTY-III.NFO,13/03/2025,09:50:15,22800,22785.65,150,22792.75,150,0,923100
NIFTY-III.NFO,13/03/2025,09:50:17,22800,22784.65,150,22792.75,150,0,923100
NIFTY-III.NFO,13/03/2025,09:50:19,22800,22783.05,150,22792.3,150,0,923100
NIFTY-III.NFO,13/03/2025,09:50:20,22800,22782.25,150,22791.4,150,0,923100
NIFTY-III.NFO,13/03/2025,09:50:24,22800,22783.05,150,22791.4,150,0,923100
NIFTY-III.NFO,13/03/2025,09:50:25,22800,22784.65,150,22792.25,150,0,923100
NIFTY-III.NFO,13/03/2025,09:50:27,22800,22784.85,150,22792.5,150,0,923100
NIFTY-III.NFO,13/03/2025,09:50:29,22800,22785.65,150,22793.9,150,0,923100
NIFTY-III.NFO,13/03/2025,09:50:30,22800,22785.65,75,22793.9,150,0,923100
NIFTY-III.NFO,13/03/2025,09:50:32,22800,22784.9,150,22793.9,150,0,923100
NIFTY-III.NFO,13/03/2025,09:50:34,22800,22784.05,75,22793.45,150,0,923100
NIFTY-III.NFO,13/03/2025,09:50:35,22800,22783.3,150,22792.8,150,0,923100
NIFTY-III.NFO,13/03/2025,09:50:39,22800,22782.55,150,22791.9,150,0,923100
NIFTY-III.NFO,13/03/2025,09:50:40,22800,22784.15,150,22791.8,225,0,923100
NIFTY-III.NFO,13/03/2025,09:50:42,22800,22784.15,150,22792.15,150,0,923100
NIFTY-III.NFO,13/03/2025,09:50:44,22800,22783.3,150,22792.15,150,0,923100
NIFTY-III.NFO,13/03/2025,09:50:47,22800,22784.1,150,22792.15,150,0,923100
NIFTY-III.NFO,13/03/2025,09:50:49,22800,22782.8,150,22792.15,150,0,923100
NIFTY-III.NFO,13/03/2025,09:50:50,22800,22782.1,150,22791.35,150,0,923100
NIFTY-III.NFO,13/03/2025,09:50:52,22800,22780.3,150,22789.3,150,0,923100
NIFTY-III.NFO,13/03/2025,09:50:54,22800,22781.1,150,22789.3,150,0,923100
NIFTY-III.NFO,13/03/2025,09:50:55,22800,22781.9,150,22790.05,150,0,923100
NIFTY-III.NFO,13/03/2025,09:50:59,22800,22780,150,22789.4,150,0,923100
NIFTY-III.NFO,13/03/2025,09:51:00,22800,22780,75,22788.25,150,0,923100
NIFTY-III.NFO,13/03/2025,09:51:02,22800,22780,75,22786.95,150,0,923100
NIFTY-III.NFO,13/03/2025,09:51:04,22800,22780,75,22785.65,150,0,923100
NIFTY-III.NFO,13/03/2025,09:51:05,22800,22780,75,22784.9,150,0,923100
NIFTY-III.NFO,13/03/2025,09:51:07,22800,22780,75,22784.1,300,0,923100
NIFTY-III.NFO,13/03/2025,09:51:09,22800,22780,75,22783.6,150,0,923100
NIFTY-III.NFO,13/03/2025,09:51:10,22800,22780,75,22784.55,75,0,923100
NIFTY-III.NFO,13/03/2025,09:51:12,22800,22780,75,22785.35,75,0,923100
NIFTY-III.NFO,13/03/2025,09:51:14,22800,22780,75,22786.15,150,0,923100
NIFTY-III.NFO,13/03/2025,09:51:18,22800,22780,75,22786.35,225,0,923100
NIFTY-III.NFO,13/03/2025,09:51:20,22800,22780,75,22785.75,75,0,923100
NIFTY-III.NFO,13/03/2025,09:51:22,22800,22780,75,22786.35,75,0,923100
NIFTY-III.NFO,13/03/2025,09:51:23,22800,22780,150,22786.95,75,0,923100
NIFTY-III.NFO,13/03/2025,09:51:25,22800,22781.2,150,22788.55,75,0,923100
NIFTY-III.NFO,13/03/2025,09:51:27,22800,22782.85,150,22790.3,225,0,923100
NIFTY-III.NFO,13/03/2025,09:51:28,22800,22781.95,75,22789.5,150,0,923100
NIFTY-III.NFO,13/03/2025,09:51:30,22800,22781.15,75,22789.45,75,0,923100
NIFTY-III.NFO,13/03/2025,09:51:32,22800,22780.5,150,22789.1,150,0,923100
NIFTY-III.NFO,13/03/2025,09:51:33,22800,22782.1,150,22789.4,75,0,923100
NIFTY-III.NFO,13/03/2025,09:51:35,22800,22782.1,150,22788.4,75,0,923100
NIFTY-III.NFO,13/03/2025,09:51:38,22800,22782.9,150,22788.4,75,0,923100
NIFTY-III.NFO,13/03/2025,09:51:40,22800,22784.5,150,22788.4,75,0,923100
NIFTY-III.NFO,13/03/2025,09:51:42,22800,22783.65,150,22791.6,150,0,923100
NIFTY-III.NFO,13/03/2025,09:51:43,22800,22784.45,150,22791.3,75,0,923100
NIFTY-III.NFO,13/03/2025,09:51:45,22800,22784.45,150,22792.15,75,0,923100
NIFTY-III.NFO,13/03/2025,09:51:47,22800,22786.05,150,22793.1,75,0,923100
NIFTY-III.NFO,13/03/2025,09:51:48,22800,22785.3,75,22793.45,150,0,923100
NIFTY-III.NFO,13/03/2025,09:51:50,22800,22784,150,22793.1,150,0,923100
NIFTY-III.NFO,13/03/2025,09:51:52,22800,22784.05,150,22792.8,150,0,923100
NIFTY-III.NFO,13/03/2025,09:51:53,22800,22785.65,150,22792.8,150,0,923100
NIFTY-III.NFO,13/03/2025,09:51:55,22800,22785.1,150,22792.8,150,0,923100
NIFTY-III.NFO,13/03/2025,09:51:57,22800,22785.7,150,22793.45,150,0,923100
NIFTY-III.NFO,13/03/2025,09:51:59,22800,22785.7,75,22793.45,150,0,923100
NIFTY-III.NFO,13/03/2025,09:52:00,22800,22785.75,75,22793.45,225,0,923100
NIFTY-III.NFO,13/03/2025,09:52:02,22800,22787.45,150,22793.5,75,0,923100
NIFTY-III.NFO,13/03/2025,09:52:04,22800,22789.1,75,22793.5,75,0,923100
NIFTY-III.NFO,13/03/2025,09:52:05,22800,22789.15,150,22793.5,75,0,923100
NIFTY-III.NFO,13/03/2025,09:52:07,22800,22791.55,75,22793.5,75,0,923100
NIFTY-III.NFO,13/03/2025,09:52:08,22793.5,22792.35,150,22799.45,75,75,923100
NIFTY-III.NFO,13/03/2025,09:52:10,22792.35,22791.65,150,22799.6,150,75,923100
NIFTY-III.NFO,13/03/2025,09:52:12,22792.35,22790.25,150,22799.6,150,0,923100
NIFTY-III.NFO,13/03/2025,09:52:13,22792.35,22790.25,150,22799.4,225,0,923100
NIFTY-III.NFO,13/03/2025,09:52:15,22792.35,22792.65,150,22799.65,150,0,923100
NIFTY-III.NFO,13/03/2025,09:52:16,22792.35,22791.9,150,22799.6,225,0,923100
NIFTY-III.NFO,13/03/2025,09:52:20,22792.35,22791.1,75,22799.6,225,0,923100
NIFTY-III.NFO,13/03/2025,09:52:21,22793.5,22793.65,150,22799.65,75,75,923100
NIFTY-III.NFO,13/03/2025,09:52:23,22799.65,22793.8,150,22800.75,225,75,923100
NIFTY-III.NFO,13/03/2025,09:52:25,22799.65,22793.8,150,22801.35,150,0,923100
NIFTY-III.NFO,13/03/2025,09:52:26,22799.65,22793.1,150,22801.35,150,0,923100
NIFTY-III.NFO,13/03/2025,09:52:28,22799.65,22794.45,75,22801.25,225,0,923100
NIFTY-III.NFO,13/03/2025,09:52:29,22799.65,22794.6,150,22801.05,225,0,923100
NIFTY-III.NFO,13/03/2025,09:52:31,22799.65,22794.6,75,22799.55,75,0,923100
NIFTY-III.NFO,13/03/2025,09:52:33,22799.65,22796.2,150,22799.55,75,0,923100
NIFTY-III.NFO,13/03/2025,09:52:34,22799.65,22796.2,75,22799.55,75,0,923100
NIFTY-III.NFO,13/03/2025,09:52:36,22799.65,22795.4,75,22799.55,75,0,923100
NIFTY-III.NFO,13/03/2025,09:52:38,22799.55,22794.6,75,22800.85,75,75,923100
NIFTY-III.NFO,13/03/2025,09:52:39,22799.55,22794.6,150,22801.75,75,0,923100
NIFTY-III.NFO,13/03/2025,09:52:41,22799.55,22793.7,75,22801.25,150,0,923100
NIFTY-III.NFO,13/03/2025,09:52:42,22799.55,22793.7,150,22801.25,150,0,923100
NIFTY-III.NFO,13/03/2025,09:52:46,22799.55,22793.95,150,22801.25,150,0,923100
NIFTY-III.NFO,13/03/2025,09:52:47,22799.55,22793.95,150,22800.85,225,0,923100
NIFTY-III.NFO,13/03/2025,09:52:49,22799.55,22795.55,75,22802.25,150,0,923100
NIFTY-III.NFO,13/03/2025,09:52:51,22799.55,22795.55,75,22802.55,150,0,923100
NIFTY-III.NFO,13/03/2025,09:52:52,22799.55,22794.85,150,22801.8,150,0,923100
NIFTY-III.NFO,13/03/2025,09:52:54,22799.55,22794.75,75,22801.5,150,0,923100
NIFTY-III.NFO,13/03/2025,09:52:56,22799.55,22794.7,75,22800.8,150,0,923100
NIFTY-III.NFO,13/03/2025,09:52:57,22799.55,22793.85,150,22800.55,150,0,923100
NIFTY-III.NFO,13/03/2025,09:52:59,22799.55,22793.85,150,22801.85,150,0,923100
NIFTY-III.NFO,13/03/2025,09:53:01,22799.55,22795.45,150,22802.15,75,0,923100
NIFTY-III.NFO,13/03/2025,09:53:02,22799.55,22796.25,150,22803.45,150,0,923100
NIFTY-III.NFO,13/03/2025,09:53:04,22799.55,22794.85,150,22803.45,150,0,923100
NIFTY-III.NFO,13/03/2025,09:53:05,22799.55,22794.1,150,22803.2,150,0,923100
NIFTY-III.NFO,13/03/2025,09:53:09,22799.55,22792.5,150,22801.65,150,0,923100
NIFTY-III.NFO,13/03/2025,09:53:13,22799.55,22792.5,150,22801.5,150,0,923100
NIFTY-III.NFO,13/03/2025,09:53:17,22799.55,22790.9,150,22799.75,150,0,923100
NIFTY-III.NFO,13/03/2025,09:53:18,22799.55,22790.95,150,22799.55,225,0,923100
NIFTY-III.NFO,13/03/2025,09:53:23,22799.55,22790.05,150,22798.7,75,0,923100
NIFTY-III.NFO,13/03/2025,09:53:25,22799.55,22790.05,150,22798.65,150,0,923100
NIFTY-III.NFO,13/03/2025,09:53:29,22799.55,22789.3,150,22798.3,150,0,923100
NIFTY-III.NFO,13/03/2025,09:53:31,22799.55,22790.1,150,22798.3,150,0,923100
NIFTY-III.NFO,13/03/2025,09:53:33,22799.55,22790.9,150,22798.65,150,0,923100
NIFTY-III.NFO,13/03/2025,09:53:34,22799.55,22791.7,150,22799.2,150,0,923100
NIFTY-III.NFO,13/03/2025,09:53:36,22799.55,22791.05,150,22799.2,150,0,923100
NIFTY-III.NFO,13/03/2025,09:53:37,22799.55,22791.85,150,22799.15,150,0,923100
NIFTY-III.NFO,13/03/2025,09:53:39,22799.55,22791.85,150,22799.5,150,0,923100
NIFTY-III.NFO,13/03/2025,09:53:41,22799.55,22792.65,150,22800.45,150,0,923100
NIFTY-III.NFO,13/03/2025,09:53:42,22799.55,22793.45,150,22801.15,150,0,923100
NIFTY-III.NFO,13/03/2025,09:53:45,22799.55,22793.45,75,22801.15,150,0,923100
NIFTY-III.NFO,13/03/2025,09:53:47,22799.55,22794.3,150,22802.25,75,0,923100
NIFTY-III.NFO,13/03/2025,09:53:49,22799.55,22794.4,150,22802.4,150,0,923100
NIFTY-III.NFO,13/03/2025,09:53:50,22799.55,22793.6,75,22800,150,0,923100
NIFTY-III.NFO,13/03/2025,09:53:52,22799.55,22794.4,150,22800,75,0,923100
NIFTY-III.NFO,13/03/2025,09:53:53,22799.55,22794.4,75,22800,75,0,923100
NIFTY-III.NFO,13/03/2025,09:53:55,22799.55,22795.2,75,22800,75,0,923100
NIFTY-III.NFO,13/03/2025,09:54:00,22799.55,22796.9,75,22800,75,0,923100
NIFTY-III.NFO,13/03/2025,09:54:02,22799.55,22798.5,75,22800,75,0,923100
NIFTY-III.NFO,13/03/2025,09:54:03,22798.5,22796.7,150,22800,75,150,923100
NIFTY-III.NFO,13/03/2025,09:54:05,22798.5,22796.7,150,22800,75,0,923100
NIFTY-III.NFO,13/03/2025,09:54:07,22798.5,22798.05,150,22800,75,0,923100
NIFTY-III.NFO,13/03/2025,09:54:08,22798.05,22798,150,22804.95,225,150,923100
NIFTY-III.NFO,13/03/2025,09:54:10,22798.05,22797.15,75,22804.95,225,0,923100
NIFTY-III.NFO,13/03/2025,09:54:12,22798.05,22796.6,75,22804.95,225,0,923100
NIFTY-III.NFO,13/03/2025,09:54:15,22798.05,22795.05,75,22804.8,150,0,923100
NIFTY-III.NFO,13/03/2025,09:54:17,22798.05,22795.7,375,22804.8,150,0,923100
