Ticker,Date,Time,LTP,BuyPrice,BuyQty,SellPrice,SellQty,LTQ,OpenInterest
NIFTY-I.NFO,13/03/2025,09:15:00,22550,22560.3,300,22578.6,75,2400,17460150
NIFTY-I.NFO,13/03/2025,09:15:00,22550,22560.3,300,22578.6,75,0,17460150
NIFTY-I.NFO,13/03/2025,09:15:00,22579,22560.3,300,22578.6,75,0,17460150
NIFTY-I.NFO,13/03/2025,09:15:00,22550,22560.3,300,22578.6,75,0,17460150
NIFTY-I.NFO,13/03/2025,09:15:01,22573.8,22562.8,300,22573,75,5550,17460150
NIFTY-I.NFO,13/03/2025,09:15:03,22560.05,22560.05,600,22560.6,150,3900,17460150
NIFTY-I.NFO,13/03/2025,09:15:04,22560,22559.05,300,22560,600,4500,17460150
NIFTY-I.NFO,13/03/2025,09:15:06,22561,22559,9825,22563.85,75,2625,17460150
NIFTY-I.NFO,13/03/2025,09:15:07,22564.1,22559,9000,22564.1,525,2400,17460150
NIFTY-I.NFO,13/03/2025,09:15:09,22551.45,22553.1,225,22558.55,150,13275,17460150
NIFTY-I.NFO,13/03/2025,09:15:10,22551.05,22551.05,300,22554.9,75,450,17460150
NIFTY-I.NFO,13/03/2025,09:15:12,22555,22551,450,22555.1,75,2625,17460150
NIFTY-I.NFO,13/03/2025,09:15:13,22555.35,22550.05,300,22555.35,225,4350,17460150
NIFTY-I.NFO,13/03/2025,09:15:15,22550.05,22550,225,22555.6,375,1875,17460150
NIFTY-I.NFO,13/03/2025,09:15:16,22551,22552,150,22555,375,900,17460150
NIFTY-I.NFO,13/03/2025,09:15:18,22552,22551,75,22556.65,375,4050,17460150
NIFTY-I.NFO,13/03/2025,09:15:19,22551,22550,75,22556.05,600,1275,17460150
NIFTY-I.NFO,13/03/2025,09:15:21,22555,22555,225,22557.15,675,1875,17460150
NIFTY-I.NFO,13/03/2025,09:15:22,22551.05,22551,75,22551.7,75,825,17460150
NIFTY-I.NFO,13/03/2025,09:15:24,22551.55,22549,975,22551,300,4200,17460150
NIFTY-I.NFO,13/03/2025,09:15:24,22549.5,22549,975,22551,300,0,17460150
NIFTY-I.NFO,13/03/2025,09:15:26,22555,22551,75,22555,375,3150,17460150
NIFTY-I.NFO,13/03/2025,09:15:26,22549,22551,75,22555,375,0,17460150
NIFTY-I.NFO,13/03/2025,09:15:27,22554.95,22549,600,22555.1,75,1200,17457525
NIFTY-I.NFO,13/03/2025,09:15:29,22549.05,22549.05,75,22553.45,75,1275,17457525
NIFTY-I.NFO,13/03/2025,09:15:30,22550.95,22549.1,225,22551,75,1425,17457525
NIFTY-I.NFO,13/03/2025,09:15:32,22552.75,22549.1,225,22553,75,1350,17457525
NIFTY-I.NFO,13/03/2025,09:15:33,22550,22545,75,22548.6,75,1875,17457525
NIFTY-I.NFO,13/03/2025,09:15:33,22545,22545,75,22548.6,75,0,17457525
NIFTY-I.NFO,13/03/2025,09:15:35,22545.05,22545.05,150,22547.3,300,150,17457525
NIFTY-I.NFO,13/03/2025,09:15:36,22547.4,22545,1200,22547.35,75,450,17457525
NIFTY-I.NFO,13/03/2025,09:15:38,22545,22541.35,225,22547.05,225,2175,17457525
NIFTY-I.NFO,13/03/2025,09:15:38,22541.6,22541.35,225,22547.05,225,0,17457525
NIFTY-I.NFO,13/03/2025,09:15:39,22541.4,22541.4,225,22544.35,75,225,17457525
NIFTY-I.NFO,13/03/2025,09:15:39,22541.4,22541.4,225,22544.35,75,0,17457525
NIFTY-I.NFO,13/03/2025,09:15:41,22541.45,22541.45,150,22542.4,75,1425,17457525
NIFTY-I.NFO,13/03/2025,09:15:43,22544.95,22537.9,75,22544.95,225,8100,17457525
NIFTY-I.NFO,13/03/2025,09:15:43,22534,22537.9,75,22544.95,225,0,17457525
NIFTY-I.NFO,13/03/2025,09:15:44,22540.45,22540.7,300,22547.15,300,1575,17457525
NIFTY-I.NFO,13/03/2025,09:15:46,22547.45,22547.15,75,22547.25,150,975,17457525
NIFTY-I.NFO,13/03/2025,09:15:47,22542.1,22542.1,450,22547.25,150,1200,17457525
NIFTY-I.NFO,13/03/2025,09:15:49,22547.1,22542.4,450,22547.1,75,1650,17457525
NIFTY-I.NFO,13/03/2025,09:15:50,22542.45,22542.45,150,22545.35,375,900,17457525
NIFTY-I.NFO,13/03/2025,09:15:52,22545.2,22542.4,225,22545.65,225,450,17457525
NIFTY-I.NFO,13/03/2025,09:15:53,22542.4,22542.4,150,22544,75,375,17457525
NIFTY-I.NFO,13/03/2025,09:15:55,22544,22542.4,150,22546.15,750,825,17457525
NIFTY-I.NFO,13/03/2025,09:15:56,22545.45,22542.45,75,22545.75,225,1725,17457525
NIFTY-I.NFO,13/03/2025,09:15:58,22545,22545.2,75,22545.45,150,675,17457525
NIFTY-I.NFO,13/03/2025,09:15:59,22544.3,22542,375,22542.45,75,375,17457525
NIFTY-I.NFO,13/03/2025,09:16:01,22542.4,22540.05,75,22542.4,75,2175,17457525
NIFTY-I.NFO,13/03/2025,09:16:02,22545.65,22541.05,300,22545.65,75,900,17457525
NIFTY-I.NFO,13/03/2025,09:16:04,22541.45,22541,75,22541.45,150,975,17457525
NIFTY-I.NFO,13/03/2025,09:16:05,22542.4,22542.4,75,22543.35,75,450,17457525
NIFTY-I.NFO,13/03/2025,09:16:07,22542.4,22542.45,75,22544.8,375,1275,17457525
NIFTY-I.NFO,13/03/2025,09:16:09,22541,22540.05,75,22542.45,300,1125,17457525
NIFTY-I.NFO,13/03/2025,09:16:10,22543.35,22542.45,75,22543.3,300,1050,17457525
NIFTY-I.NFO,13/03/2025,09:16:12,22543.05,22540.4,75,22541,1050,1950,17457525
NIFTY-I.NFO,13/03/2025,09:16:14,22543.1,22542.05,300,22543.1,750,1950,17457525
NIFTY-I.NFO,13/03/2025,09:16:15,22545,22543.2,75,22545,75,3225,17457525
NIFTY-I.NFO,13/03/2025,09:16:17,22542,22543.75,75,22546.15,525,2325,17457525
NIFTY-I.NFO,13/03/2025,09:16:19,22542.1,22540.5,75,22542.1,300,900,17457525
NIFTY-I.NFO,13/03/2025,09:16:20,22540,22540,1425,22544,450,825,17457525
NIFTY-I.NFO,13/03/2025,09:16:22,22540,22540,675,22544,300,1275,17457525
NIFTY-I.NFO,13/03/2025,09:16:24,22540,22538.35,300,22539.95,75,2175,17457525
NIFTY-I.NFO,13/03/2025,09:16:25,22541,22541,600,22543.4,75,675,17457525
NIFTY-I.NFO,13/03/2025,09:16:27,22539.95,22538.4,375,22541.9,375,900,17457525
NIFTY-I.NFO,13/03/2025,09:16:28,22539.15,22535,525,22539.1,225,4275,17457525
NIFTY-I.NFO,13/03/2025,09:16:30,22534.95,22534.2,300,22536.05,75,1950,17457525
NIFTY-I.NFO,13/03/2025,09:16:32,22539.1,22535.15,75,22538.95,225,1200,17457525
NIFTY-I.NFO,13/03/2025,09:16:33,22533.35,22533.55,375,22540,75,1800,17457525
NIFTY-I.NFO,13/03/2025,09:16:33,22533.35,22533.55,375,22540,75,0,17457525
NIFTY-I.NFO,13/03/2025,09:16:35,22536.1,22535.05,75,22540.35,75,750,17457525
NIFTY-I.NFO,13/03/2025,09:16:37,22533.6,22532.85,75,22539.9,375,5925,17457525
NIFTY-I.NFO,13/03/2025,09:16:37,22532.75,22532.85,75,22539.9,375,0,17457525
NIFTY-I.NFO,13/03/2025,09:16:38,22540,22534.2,75,22540.8,75,1050,17457525
NIFTY-I.NFO,13/03/2025,09:16:40,22535,22531.7,300,22536.05,75,4200,17457525
NIFTY-I.NFO,13/03/2025,09:16:40,22532.5,22531.7,300,22536.05,75,0,17457525
NIFTY-I.NFO,13/03/2025,09:16:42,22533,22529.55,75,22533,2025,11025,17457525
NIFTY-I.NFO,13/03/2025,09:16:42,22527.95,22529.55,75,22533,2025,0,17457525
NIFTY-I.NFO,13/03/2025,09:16:43,22527.95,22526.1,150,22528.25,300,1125,17457525
NIFTY-I.NFO,13/03/2025,09:16:43,22526.05,22526.1,150,22528.25,300,0,17457525
NIFTY-I.NFO,13/03/2025,09:16:45,22526,22528.5,75,22530,975,2325,17457525
NIFTY-I.NFO,13/03/2025,09:16:45,22526,22528.5,75,22530,975,0,17457525
NIFTY-I.NFO,13/03/2025,09:16:47,22525,22526.05,75,22530,75,2550,17457525
NIFTY-I.NFO,13/03/2025,09:16:47,22525,22526.05,75,22530,75,0,17457525
NIFTY-I.NFO,13/03/2025,09:16:48,22526.05,22526.05,225,22532.2,75,2775,17457525
NIFTY-I.NFO,13/03/2025,09:16:50,22530,22526.05,225,22530,750,825,17457525
NIFTY-I.NFO,13/03/2025,09:16:52,22529.45,22527,225,22529.6,300,1575,17457525
NIFTY-I.NFO,13/03/2025,09:16:53,22530,22528.5,75,22530,450,375,17457525
NIFTY-I.NFO,13/03/2025,09:16:55,22525.05,22525.2,300,22529,75,1275,17457525
NIFTY-I.NFO,13/03/2025,09:16:57,22526.05,22526.05,225,22530,75,1200,17457525
NIFTY-I.NFO,13/03/2025,09:16:58,22526.4,22526.4,75,22530,150,450,17457525
NIFTY-I.NFO,13/03/2025,09:17:00,22526,22525,525,22525.95,975,3525,17457525
NIFTY-I.NFO,13/03/2025,09:17:01,22525.95,22525,150,22529.55,150,1200,17457525
NIFTY-I.NFO,13/03/2025,09:17:03,22527,22527,150,22529.25,75,600,17457525
NIFTY-I.NFO,13/03/2025,09:17:05,22525.8,22525.8,600,22529.2,75,675,17457525
NIFTY-I.NFO,13/03/2025,09:17:06,22530,22528.5,75,22530,1425,450,17457525
NIFTY-I.NFO,13/03/2025,09:17:08,22526.05,22526.05,525,22529,75,2700,17457525
NIFTY-I.NFO,13/03/2025,09:17:10,22529,22526.3,225,22529.9,375,2100,17457525
NIFTY-I.NFO,13/03/2025,09:17:11,22529.7,22526.3,600,22529,75,75,17457525
NIFTY-I.NFO,13/03/2025,09:17:13,22529,22526.35,600,22530,150,1200,17457525
NIFTY-I.NFO,13/03/2025,09:17:15,22526.35,22526.05,75,22530,150,1575,17457525
NIFTY-I.NFO,13/03/2025,09:17:16,22530,22529.7,75,22531,450,1575,17457525
NIFTY-I.NFO,13/03/2025,09:17:18,22534,22531,150,22534.8,375,2925,17457525
NIFTY-I.NFO,13/03/2025,09:17:20,22531,22531.1,375,22535.95,375,1875,17457525
NIFTY-I.NFO,13/03/2025,09:17:21,22535.9,22531.4,375,22535.85,375,150,17457525
NIFTY-I.NFO,13/03/2025,09:17:23,22531.45,22531.45,150,22535.4,225,1050,17457525
NIFTY-I.NFO,13/03/2025,09:17:25,22531,22531,525,22534.8,225,1200,17457525
NIFTY-I.NFO,13/03/2025,09:17:26,22530,22529,375,22532.9,150,1950,17457525
NIFTY-I.NFO,13/03/2025,09:17:28,22533.5,22531,600,22533.25,75,600,17457525
NIFTY-I.NFO,13/03/2025,09:17:30,22531.55,22531,375,22533.05,75,1125,17457525
NIFTY-I.NFO,13/03/2025,09:17:31,22530,22529,375,22531.95,150,750,17457525
NIFTY-I.NFO,13/03/2025,09:17:33,22530,22530,150,22532.6,75,3525,17457525
NIFTY-I.NFO,13/03/2025,09:17:35,22526.3,22526.3,300,22532.65,300,1125,17457525
NIFTY-I.NFO,13/03/2025,09:17:36,22527.55,22526.45,300,22531.45,225,675,17457525
NIFTY-I.NFO,13/03/2025,09:17:38,22525.95,22526.45,75,22530,75,1200,17457525
NIFTY-I.NFO,13/03/2025,09:17:40,22525.05,22526.55,75,22532.95,375,1275,17457525
NIFTY-I.NFO,13/03/2025,09:17:41,22527.55,22527.65,75,22530,300,1725,17457525
NIFTY-I.NFO,13/03/2025,09:17:43,22530,22528.7,225,22534,450,300,17457525
NIFTY-I.NFO,13/03/2025,09:17:45,22534,22528.7,75,22534,225,300,17457525
NIFTY-I.NFO,13/03/2025,09:17:46,22534,22529,225,22533.95,75,750,17457525
NIFTY-I.NFO,13/03/2025,09:17:48,22534.5,22530,150,22534.5,225,300,17457525
NIFTY-I.NFO,13/03/2025,09:17:49,22534.35,22530.05,450,22534.35,75,300,17457525
NIFTY-I.NFO,13/03/2025,09:17:51,22535,22534.35,75,22535,375,675,17457525
NIFTY-I.NFO,13/03/2025,09:17:53,22535.85,22534.35,75,22535.8,225,900,17457525
NIFTY-I.NFO,13/03/2025,09:17:54,22534.95,22530.8,450,22534.95,75,1125,17457525
NIFTY-I.NFO,13/03/2025,09:17:56,22535.05,22530.9,300,22535.85,75,525,17457525
NIFTY-I.NFO,13/03/2025,09:17:58,22534.95,22532.4,150,22535.05,75,150,17457525
NIFTY-I.NFO,13/03/2025,09:17:59,22535.05,22535.05,75,22537.9,75,1350,17457525
NIFTY-I.NFO,13/03/2025,09:18:01,22539,22537.9,75,22539,300,750,17457525
NIFTY-I.NFO,13/03/2025,09:18:03,22540,22534.8,75,22540.1,75,2550,17457525
NIFTY-I.NFO,13/03/2025,09:18:04,22536.05,22536.1,75,22539.4,150,825,17457525
NIFTY-I.NFO,13/03/2025,09:18:06,22536.1,22536.1,75,22539.4,75,150,17457525
NIFTY-I.NFO,13/03/2025,09:18:08,22539.4,22536.2,75,22539.45,150,150,17457525
NIFTY-I.NFO,13/03/2025,09:18:09,22539.4,22536.1,75,22539.45,150,150,17457525
NIFTY-I.NFO,13/03/2025,09:18:11,22536.1,22536.1,75,22539,825,150,17457525
NIFTY-I.NFO,13/03/2025,09:18:13,22539,22536.1,75,22539,300,525,17457525
NIFTY-I.NFO,13/03/2025,09:18:14,22539.4,22536.2,300,22539.4,75,525,17457525
NIFTY-I.NFO,13/03/2025,09:18:16,22540,22536.2,75,22540.5,375,375,17457525
NIFTY-I.NFO,13/03/2025,09:18:18,22540.5,22536.2,75,22540.1,300,150,17457525
NIFTY-I.NFO,13/03/2025,09:18:19,22536.2,22536.2,75,22539.7,300,225,17457525
NIFTY-I.NFO,13/03/2025,09:18:21,22537.8,22536.15,75,22538.45,225,675,17457525
NIFTY-I.NFO,13/03/2025,09:18:23,22538.5,22536.15,75,22538.15,375,300,17457525
NIFTY-I.NFO,13/03/2025,09:18:24,22536.85,22536.1,150,22536.8,225,750,17457525
NIFTY-I.NFO,13/03/2025,09:18:26,22535.6,22535.05,75,22535.65,300,2175,17457525
NIFTY-I.NFO,13/03/2025,09:18:28,22534.95,22534,75,22534.95,300,1125,17442450
NIFTY-I.NFO,13/03/2025,09:18:29,22534.8,22534,225,22534.8,75,375,17442450
NIFTY-I.NFO,13/03/2025,09:18:31,22534,22534,150,22534.95,300,450,17442450
NIFTY-I.NFO,13/03/2025,09:18:33,22531.15,22531.15,75,22534.8,375,900,17442450
NIFTY-I.NFO,13/03/2025,09:18:34,22531,22530.45,75,22533.6,375,1275,17442450
NIFTY-I.NFO,13/03/2025,09:18:36,22533.55,22530.55,450,22533.55,75,450,17442450
NIFTY-I.NFO,13/03/2025,09:18:38,22532,22530.25,450,22532,75,300,17442450
NIFTY-I.NFO,13/03/2025,09:18:39,22534,22530.6,150,22533.95,150,375,17442450
NIFTY-I.NFO,13/03/2025,09:18:41,22534,22531,600,22533.95,150,600,17442450
NIFTY-I.NFO,13/03/2025,09:18:43,22534,22531.55,750,22535,75,900,17442450
NIFTY-I.NFO,13/03/2025,09:18:44,22534,22531.75,225,22536.2,300,750,17442450
NIFTY-I.NFO,13/03/2025,09:18:46,22536.15,22533.55,150,22536.05,75,225,17442450
NIFTY-I.NFO,13/03/2025,09:18:48,22532.15,22532.15,150,22536.2,225,675,17442450
NIFTY-I.NFO,13/03/2025,09:18:49,22536.2,22532.35,150,22536.2,150,525,17442450
NIFTY-I.NFO,13/03/2025,09:18:51,22532.5,22531.75,75,22534.95,150,750,17442450
NIFTY-I.NFO,13/03/2025,09:18:53,22531.05,22531.05,300,22536.15,225,750,17442450
NIFTY-I.NFO,13/03/2025,09:18:54,22530.2,22530.2,1050,22532.15,75,900,17442450
NIFTY-I.NFO,13/03/2025,09:18:56,22530.05,22530,2850,22532.15,75,975,17442450
NIFTY-I.NFO,13/03/2025,09:18:58,22532.1,22530,1800,22532.1,225,1275,17442450
NIFTY-I.NFO,13/03/2025,09:18:59,22530,22530,1275,22533.55,375,825,17442450
NIFTY-I.NFO,13/03/2025,09:19:01,22530,22530,900,22531.85,750,750,17442450
NIFTY-I.NFO,13/03/2025,09:19:03,22528.3,22528.3,225,22530,525,1200,17442450
NIFTY-I.NFO,13/03/2025,09:19:04,22528.05,22528.05,150,22530,375,600,17442450
NIFTY-I.NFO,13/03/2025,09:19:06,22526.7,22526.75,225,22528,450,1800,17442450
NIFTY-I.NFO,13/03/2025,09:19:07,22526,22525,600,22527.35,750,300,17442450
NIFTY-I.NFO,13/03/2025,09:19:09,22527.8,22525,225,22527.05,75,1125,17442450
NIFTY-I.NFO,13/03/2025,09:19:11,22525,22525,225,22527,225,375,17442450
NIFTY-I.NFO,13/03/2025,09:19:12,22525,22522.65,825,22526.7,75,900,17442450
NIFTY-I.NFO,13/03/2025,09:19:12,22522.6,22522.65,825,22526.7,75,0,17442450
NIFTY-I.NFO,13/03/2025,09:19:14,22522.65,22522.5,75,22522.65,150,1050,17442450
NIFTY-I.NFO,13/03/2025,09:19:16,22520,22518.55,225,22519,825,1875,17442450
NIFTY-I.NFO,13/03/2025,09:19:16,22520,22518.55,225,22519,825,0,17442450
NIFTY-I.NFO,13/03/2025,09:19:17,22518,22517.65,225,22519,750,2025,17442450
NIFTY-I.NFO,13/03/2025,09:19:17,22517.05,22517.65,225,22519,750,0,17442450
NIFTY-I.NFO,13/03/2025,09:19:19,22519.6,22519.7,600,22524.95,525,2100,17442450
NIFTY-I.NFO,13/03/2025,09:19:21,22525.95,22520.9,225,22525.95,375,1350,17442450
NIFTY-I.NFO,13/03/2025,09:19:23,22521.6,22521,75,22527.4,300,1200,17442450
NIFTY-I.NFO,13/03/2025,09:19:24,22522.5,22522.55,525,22528,375,975,17442450
NIFTY-I.NFO,13/03/2025,09:19:26,22521.2,22521.3,225,22527.95,300,600,17442450
NIFTY-I.NFO,13/03/2025,09:19:28,22527.85,22521.75,825,22528,375,1950,17442450
NIFTY-I.NFO,13/03/2025,09:19:29,22524.95,22522.75,225,22524.95,1050,3825,17442450
NIFTY-I.NFO,13/03/2025,09:19:31,22527.85,22523.35,225,22527.85,750,2700,17442450
NIFTY-I.NFO,13/03/2025,09:19:33,22521.75,22521.8,225,22524.95,675,750,17442450
NIFTY-I.NFO,13/03/2025,09:19:34,22524.9,22520.8,75,22524.8,600,1875,17442450
NIFTY-I.NFO,13/03/2025,09:19:36,22524.85,22522.05,75,22524.8,300,150,17442450
NIFTY-I.NFO,13/03/2025,09:19:38,22524.8,22522.05,75,22524.75,375,525,17442450
NIFTY-I.NFO,13/03/2025,09:19:39,22522,22521.65,75,22521.95,300,450,17442450
NIFTY-I.NFO,13/03/2025,09:19:41,22526.9,22522.15,75,22526.9,75,525,17442450
NIFTY-I.NFO,13/03/2025,09:19:43,22523.95,22522.2,75,22527.1,75,225,17442450
NIFTY-I.NFO,13/03/2025,09:19:44,22523.9,22522.25,75,22527.1,75,75,17442450
NIFTY-I.NFO,13/03/2025,09:19:46,22522.1,22522.15,75,22526.95,225,525,17442450
NIFTY-I.NFO,13/03/2025,09:19:48,22523,22523.05,75,22526.1,225,225,17442450
NIFTY-I.NFO,13/03/2025,09:19:49,22523.05,22523.05,75,22525.85,300,375,17442450
NIFTY-I.NFO,13/03/2025,09:19:51,22523.05,22523.05,150,22526.05,300,150,17442450
NIFTY-I.NFO,13/03/2025,09:19:53,22523.05,22523.05,75,22525.25,150,375,17442450
NIFTY-I.NFO,13/03/2025,09:19:54,22526.25,22525.05,75,22526.3,75,675,17442450
NIFTY-I.NFO,13/03/2025,09:19:56,22521.65,22521.75,75,22524.9,150,900,17442450
NIFTY-I.NFO,13/03/2025,09:19:58,22524.95,22521.65,75,22524.9,150,525,17442450
NIFTY-I.NFO,13/03/2025,09:19:59,22521.7,22521.75,75,22524.95,225,675,17442450
NIFTY-I.NFO,13/03/2025,09:20:01,22524.95,22521.65,75,22524.9,300,525,17442450
NIFTY-I.NFO,13/03/2025,09:20:03,22516.6,22521.05,75,22523.6,150,5175,17442450
NIFTY-I.NFO,13/03/2025,09:20:03,22516.6,22521.05,75,22523.6,150,0,17442450
NIFTY-I.NFO,13/03/2025,09:20:04,22522.25,22516.65,375,22522.2,1575,1200,17442450
NIFTY-I.NFO,13/03/2025,09:20:06,22522.2,22516.75,525,22522.1,225,900,17442450
NIFTY-I.NFO,13/03/2025,09:20:08,22516.7,22516.1,300,22519.95,75,750,17442450
NIFTY-I.NFO,13/03/2025,09:20:09,22516.65,22516.2,300,22519.95,300,300,17442450
NIFTY-I.NFO,13/03/2025,09:20:09,22516,22516.2,300,22519.95,300,0,17442450
NIFTY-I.NFO,13/03/2025,09:20:11,22517.2,22517.3,300,22519.95,150,600,17442450
NIFTY-I.NFO,13/03/2025,09:20:12,22516.35,22516.45,600,22519.95,75,300,17442450
NIFTY-I.NFO,13/03/2025,09:20:14,22517.35,22517.35,150,22519.95,150,675,17442450
NIFTY-I.NFO,13/03/2025,09:20:16,22517.55,22517.55,525,22519.95,150,375,17442450
NIFTY-I.NFO,13/03/2025,09:20:17,22520,22517.65,225,22519.95,150,600,17442450
NIFTY-I.NFO,13/03/2025,09:20:19,22519.95,22517.7,825,22519.95,75,150,17442450
NIFTY-I.NFO,13/03/2025,09:20:21,22521.65,22519.3,300,22521.6,450,1350,17442450
NIFTY-I.NFO,13/03/2025,09:20:22,22521.65,22519.8,375,22521.6,150,525,17442450
NIFTY-I.NFO,13/03/2025,09:20:24,22522,22520.6,375,22522.95,300,1125,17442450
NIFTY-I.NFO,13/03/2025,09:20:25,22523,22520.6,150,22522.95,150,525,17442450
NIFTY-I.NFO,13/03/2025,09:20:27,22523,22521.7,75,22522.95,150,0,17442450
NIFTY-I.NFO,13/03/2025,09:20:29,22523,22521.7,75,22522.95,225,600,17442450
NIFTY-I.NFO,13/03/2025,09:20:30,22523,22522,675,22523,675,675,17442450
NIFTY-I.NFO,13/03/2025,09:20:32,22526,22523,75,22525.95,450,1125,17442450
NIFTY-I.NFO,13/03/2025,09:20:34,22525.9,22523.7,150,22525.8,75,300,17442450
NIFTY-I.NFO,13/03/2025,09:20:35,22525.65,22524.2,75,22525.7,75,300,17442450
NIFTY-I.NFO,13/03/2025,09:20:37,22528.95,22525.95,300,22528.95,375,1425,17442450
NIFTY-I.NFO,13/03/2025,09:20:39,22528.9,22525.95,525,22528.75,375,150,17442450
NIFTY-I.NFO,13/03/2025,09:20:40,22526,22526,525,22527.85,150,975,17442450
NIFTY-I.NFO,13/03/2025,09:20:42,22527.75,22526,450,22527.75,525,225,17442450
NIFTY-I.NFO,13/03/2025,09:20:44,22525.25,22523,75,22525.25,525,2925,17442450
NIFTY-I.NFO,13/03/2025,09:20:45,22525.05,22523,75,22525,750,375,17442450
NIFTY-I.NFO,13/03/2025,09:20:47,22522,22521.65,225,22522.85,525,1800,17442450
NIFTY-I.NFO,13/03/2025,09:20:49,22520,22516.9,75,22519.95,1125,825,17442450
NIFTY-I.NFO,13/03/2025,09:20:50,22516.85,22516.35,75,22519.55,75,1275,17442450
NIFTY-I.NFO,13/03/2025,09:20:52,22519.5,22516.35,75,22519.5,450,150,17442450
NIFTY-I.NFO,13/03/2025,09:20:53,22519.35,22516,1350,22519.3,75,1350,17442450
NIFTY-I.NFO,13/03/2025,09:20:55,22519.15,22516.05,150,22519.15,150,675,17442450
NIFTY-I.NFO,13/03/2025,09:20:57,22516.2,22516.15,300,22519,75,225,17442450
NIFTY-I.NFO,13/03/2025,09:20:58,22516.4,22516.35,300,22519.45,150,525,17442450
NIFTY-I.NFO,13/03/2025,09:21:00,22516.35,22518.95,150,22519.45,75,225,17442450
NIFTY-I.NFO,13/03/2025,09:21:02,22516.4,22519,75,22519.95,225,825,17442450
NIFTY-I.NFO,13/03/2025,09:21:03,22519.95,22519,75,22519.85,75,75,17442450
NIFTY-I.NFO,13/03/2025,09:21:05,22516.2,22516.05,975,22519.95,75,450,17442450
NIFTY-I.NFO,13/03/2025,09:21:07,22520,22516.1,825,22520,75,225,17442450
NIFTY-I.NFO,13/03/2025,09:21:08,22516.35,22516.1,825,22521.3,150,375,17442450
NIFTY-I.NFO,13/03/2025,09:21:10,22520.7,22518,750,22520.65,150,225,17442450
NIFTY-I.NFO,13/03/2025,09:21:11,22515,22515.2,300,22520,1125,4125,17442450
NIFTY-I.NFO,13/03/2025,09:21:11,22513.85,22515.2,300,22520,1125,0,17442450
NIFTY-I.NFO,13/03/2025,09:21:13,22519.9,22516.2,600,22519.85,1050,375,17442450
NIFTY-I.NFO,13/03/2025,09:21:15,22516.5,22516.05,300,22518,75,225,17442450
NIFTY-I.NFO,13/03/2025,09:21:16,22517.9,22516.15,150,22517.9,825,300,17442450
NIFTY-I.NFO,13/03/2025,09:21:18,22516.1,22515,300,22516.1,750,300,17442450
NIFTY-I.NFO,13/03/2025,09:21:20,22516,22513.15,600,22515.95,600,300,17442450
NIFTY-I.NFO,13/03/2025,09:21:21,22515.95,22513.15,900,22515.9,375,225,17442450
NIFTY-I.NFO,13/03/2025,09:21:23,22515.8,22512.35,75,22516.65,300,525,17442450
NIFTY-I.NFO,13/03/2025,09:21:23,22513.15,22512.35,75,22516.65,300,0,17442450
NIFTY-I.NFO,13/03/2025,09:21:25,22512.35,22511.05,375,22514.3,300,525,17442450
NIFTY-I.NFO,13/03/2025,09:21:25,22512.35,22511.05,375,22514.3,300,0,17442450
NIFTY-I.NFO,13/03/2025,09:21:26,22514.1,22511.1,75,22514.35,300,525,17442450
NIFTY-I.NFO,13/03/2025,09:21:26,22511.05,22511.1,75,22514.35,300,0,17442450
NIFTY-I.NFO,13/03/2025,09:21:28,22510.05,22510.05,675,22513.45,75,3900,17465025
NIFTY-I.NFO,13/03/2025,09:21:28,22510.05,22510.05,675,22513.45,75,0,17465025
NIFTY-I.NFO,13/03/2025,09:21:30,22515.6,22510.05,300,22515.9,75,900,17465025
NIFTY-I.NFO,13/03/2025,09:21:30,22510,22510.05,300,22515.9,75,0,17465025
NIFTY-I.NFO,13/03/2025,09:21:32,22513.45,22510.05,525,22514.45,75,450,17465025
NIFTY-I.NFO,13/03/2025,09:21:33,22510.05,22510,1425,22514.7,75,300,17465025
NIFTY-I.NFO,13/03/2025,09:21:35,22510,22510,1050,22514.45,75,150,17465025
NIFTY-I.NFO,13/03/2025,09:21:37,22510.05,22510,900,22514.7,75,225,17465025
NIFTY-I.NFO,13/03/2025,09:21:38,22508.65,22508.2,750,22508.75,75,1350,17465025
NIFTY-I.NFO,13/03/2025,09:21:38,22508.1,22508.2,750,22508.75,75,0,17465025
NIFTY-I.NFO,13/03/2025,09:21:40,22510.05,22510.05,75,22514,1350,150,17465025
NIFTY-I.NFO,13/03/2025,09:21:42,22513.95,22510.05,75,22513.95,300,225,17465025
NIFTY-I.NFO,13/03/2025,09:21:43,22510,22508.2,300,22513.95,75,375,17465025
NIFTY-I.NFO,13/03/2025,09:21:45,22508.4,22508.1,450,22513.9,600,900,17465025
NIFTY-I.NFO,13/03/2025,09:21:47,22510,22508.1,375,22513.5,375,225,17465025
NIFTY-I.NFO,13/03/2025,09:21:48,22508.1,22508.05,450,22513.9,300,150,17465025
NIFTY-I.NFO,13/03/2025,09:21:50,22508,22508.05,450,22513.1,300,450,17465025
NIFTY-I.NFO,13/03/2025,09:21:50,22508,22508.05,450,22513.1,300,0,17465025
NIFTY-I.NFO,13/03/2025,09:21:52,22510,22510,75,22513,375,225,17465025
NIFTY-I.NFO,13/03/2025,09:21:53,22511,22510,75,22510.75,150,975,17465025
NIFTY-I.NFO,13/03/2025,09:21:55,22508,22507.5,75,22508,75,675,17465025
NIFTY-I.NFO,13/03/2025,09:21:57,22512.4,22507.5,75,22512.85,300,150,17465025
NIFTY-I.NFO,13/03/2025,09:21:58,22510,22507.55,600,22510,1425,675,17465025
NIFTY-I.NFO,13/03/2025,09:21:58,22507.55,22507.55,600,22510,1425,0,17465025
NIFTY-I.NFO,13/03/2025,09:22:00,22510,22508.05,975,22512,75,1500,17465025
NIFTY-I.NFO,13/03/2025,09:22:02,22513,22508.15,75,22512.4,300,450,17465025
NIFTY-I.NFO,13/03/2025,09:22:03,22510.85,22508.05,150,22510,450,300,17465025
NIFTY-I.NFO,13/03/2025,09:22:05,22508,22508.05,75,22509,450,75,17465025
NIFTY-I.NFO,13/03/2025,09:22:06,22509.05,22507,1725,22509.15,600,1425,17465025
NIFTY-I.NFO,13/03/2025,09:22:06,22507.5,22507,1725,22509.15,600,0,17465025
NIFTY-I.NFO,13/03/2025,09:22:08,22509,22507,1725,22509,375,75,17465025
NIFTY-I.NFO,13/03/2025,09:22:10,22509,22507.05,225,22508.5,375,0,17465025
NIFTY-I.NFO,13/03/2025,09:22:11,22507.1,22507.05,225,22508,675,450,17465025
NIFTY-I.NFO,13/03/2025,09:22:11,22507.1,22507.05,225,22508,675,0,17465025
NIFTY-I.NFO,13/03/2025,09:22:13,22508,22507.05,225,22508,75,600,17465025
NIFTY-I.NFO,13/03/2025,09:22:15,22508,22507.05,150,22509,75,150,17465025
NIFTY-I.NFO,13/03/2025,09:22:15,22507.05,22507.05,150,22509,75,0,17465025
NIFTY-I.NFO,13/03/2025,09:22:16,22507.05,22507.1,375,22509,75,150,17465025
NIFTY-I.NFO,13/03/2025,09:22:18,22509,22508,75,22509.3,600,900,17465025
NIFTY-I.NFO,13/03/2025,09:22:18,22507,22508,75,22509.3,600,0,17465025
NIFTY-I.NFO,13/03/2025,09:22:20,22507,22507,1125,22508,450,375,17465025
NIFTY-I.NFO,13/03/2025,09:22:21,22507,22507,1050,22508.5,225,300,17465025
NIFTY-I.NFO,13/03/2025,09:22:23,22508,22508,75,22508.35,600,375,17465025
NIFTY-I.NFO,13/03/2025,09:22:25,22507,22507,975,22508.45,150,600,17465025
NIFTY-I.NFO,13/03/2025,09:22:26,22508,22507,1125,22508.5,825,225,17465025
NIFTY-I.NFO,13/03/2025,09:22:28,22508.5,22508.5,75,22509.65,600,375,17465025
NIFTY-I.NFO,13/03/2025,09:22:30,22507,22507.5,75,22509.15,375,300,17465025
NIFTY-I.NFO,13/03/2025,09:22:31,22507.05,22507,75,22508,75,1125,17465025
NIFTY-I.NFO,13/03/2025,09:22:33,22509.5,22507,375,22509.25,600,225,17465025
NIFTY-I.NFO,13/03/2025,09:22:35,22507.5,22507,375,22507.5,150,600,17465025
NIFTY-I.NFO,13/03/2025,09:22:36,22506.85,22506,150,22507,75,975,17465025
NIFTY-I.NFO,13/03/2025,09:22:36,22506,22506,150,22507,75,0,17465025
NIFTY-I.NFO,13/03/2025,09:22:38,22506.85,22506.05,150,22508.05,150,300,17465025
NIFTY-I.NFO,13/03/2025,09:22:40,22506.85,22507,300,22507.85,600,0,17465025
NIFTY-I.NFO,13/03/2025,09:22:41,22506.85,22507.5,150,22508,900,0,17465025
NIFTY-I.NFO,13/03/2025,09:22:43,22507,22507,375,22507.95,600,300,17465025
NIFTY-I.NFO,13/03/2025,09:22:45,22505.2,22507,150,22507.4,900,900,17465025
NIFTY-I.NFO,13/03/2025,09:22:45,22505.2,22507,150,22507.4,900,0,17465025
NIFTY-I.NFO,13/03/2025,09:22:46,22507.4,22507.4,375,22508.5,75,1050,17465025
NIFTY-I.NFO,13/03/2025,09:22:48,22507.4,22507.4,750,22509.95,600,600,17465025
NIFTY-I.NFO,13/03/2025,09:22:50,22507.4,22507.4,1200,22507.95,75,675,17465025
NIFTY-I.NFO,13/03/2025,09:22:51,22507.4,22505.35,900,22507.4,75,1350,17465025
NIFTY-I.NFO,13/03/2025,09:22:53,22509.95,22508,225,22510,75,150,17465025
NIFTY-I.NFO,13/03/2025,09:22:55,22509.95,22508,825,22510,75,0,17465025
NIFTY-I.NFO,13/03/2025,09:22:56,22510,22508,225,22511.45,600,150,17465025
NIFTY-I.NFO,13/03/2025,09:22:58,22510,22511,225,22512.8,300,0,17465025
NIFTY-I.NFO,13/03/2025,09:23:00,22512,22511,75,22513.4,375,375,17465025
NIFTY-I.NFO,13/03/2025,09:23:01,22511.45,22511.45,1200,22512.95,150,150,17465025
NIFTY-I.NFO,13/03/2025,09:23:03,22512,22511.45,1050,22512.95,150,375,17465025
NIFTY-I.NFO,13/03/2025,09:23:04,22512.5,22511.45,975,22512.75,600,450,17465025
NIFTY-I.NFO,13/03/2025,09:23:06,22511.95,22511,75,22511.95,150,1350,17465025
NIFTY-I.NFO,13/03/2025,09:23:08,22511.45,22507,75,22511.35,150,825,17465025
NIFTY-I.NFO,13/03/2025,09:23:09,22511.45,22509.95,75,22512.75,75,0,17465025
NIFTY-I.NFO,13/03/2025,09:23:11,22509.15,22509.15,300,22512.95,900,525,17465025
NIFTY-I.NFO,13/03/2025,09:23:13,22512.95,22510.35,150,22514,75,1275,17465025
NIFTY-I.NFO,13/03/2025,09:23:14,22511.4,22511.35,75,22514,75,75,17465025
NIFTY-I.NFO,13/03/2025,09:23:16,22513,22511.45,75,22515,75,1050,17465025
NIFTY-I.NFO,13/03/2025,09:23:18,22513,22512.2,75,22516,75,450,17465025
NIFTY-I.NFO,13/03/2025,09:23:19,22516,22516,150,22516.5,75,225,17465025
NIFTY-I.NFO,13/03/2025,09:23:21,22518,22516.5,225,22518,75,225,17465025
NIFTY-I.NFO,13/03/2025,09:23:23,22519.75,22518,75,22519.8,300,525,17465025
NIFTY-I.NFO,13/03/2025,09:23:24,22519.95,22516.5,300,22520,675,1050,17465025
NIFTY-I.NFO,13/03/2025,09:23:26,22516.55,22516.55,1050,22521.6,225,1575,17465025
NIFTY-I.NFO,13/03/2025,09:23:28,22522.05,22516.65,75,22522.2,150,1425,17465025
NIFTY-I.NFO,13/03/2025,09:23:29,22521.8,22519,75,22521.8,75,225,17465025
NIFTY-I.NFO,13/03/2025,09:23:31,22522.05,22519,225,22522.55,150,525,17465025
NIFTY-I.NFO,13/03/2025,09:23:33,22522.9,22519.05,150,22523.05,450,300,17465025
NIFTY-I.NFO,13/03/2025,09:23:34,22517.45,22523,75,22524,375,825,17465025
NIFTY-I.NFO,13/03/2025,09:23:36,22522.1,22523,150,22524,150,1875,17465025
NIFTY-I.NFO,13/03/2025,09:23:38,22524.15,22523,225,22524.15,525,1200,17465025
NIFTY-I.NFO,13/03/2025,09:23:39,22523,22523,300,22523.8,75,150,17465025
NIFTY-I.NFO,13/03/2025,09:23:41,22517.2,22517,525,22522.05,300,1425,17465025
NIFTY-I.NFO,13/03/2025,09:23:43,22521.55,22518,300,22521.95,75,75,17465025
NIFTY-I.NFO,13/03/2025,09:23:45,22517.25,22518.3,1050,22522,75,675,17465025
NIFTY-I.NFO,13/03/2025,09:23:46,22523.45,22519.2,300,22524.15,75,150,17465025
NIFTY-I.NFO,13/03/2025,09:23:48,22524.15,22519.3,75,22524.35,75,75,17465025
NIFTY-I.NFO,13/03/2025,09:23:50,22524.65,22519.5,150,22524.25,150,750,17465025
NIFTY-I.NFO,13/03/2025,09:23:51,22522.7,22519.55,150,22522.65,75,450,17465025
NIFTY-I.NFO,13/03/2025,09:23:53,22522.15,22520,75,22521.8,75,150,17465025
NIFTY-I.NFO,13/03/2025,09:23:55,22520,22520,75,22520.75,75,75,17465025
NIFTY-I.NFO,13/03/2025,09:23:56,22519.5,22517.2,75,22519.2,75,450,17465025
NIFTY-I.NFO,13/03/2025,09:23:58,22519.95,22517.2,75,22519.95,150,600,17465025
NIFTY-I.NFO,13/03/2025,09:24:00,22520.05,22517.2,75,22520,150,825,17465025
NIFTY-I.NFO,13/03/2025,09:24:01,22517.2,22519.55,150,22520.55,225,14250,17465025
NIFTY-I.NFO,13/03/2025,09:24:03,22517.2,22519.55,150,22520,150,0,17465025
NIFTY-I.NFO,13/03/2025,09:24:05,22522,22520,1350,22522.05,75,525,17465025
NIFTY-I.NFO,13/03/2025,09:24:06,22522,22520,1350,22522.2,75,0,17465025
NIFTY-I.NFO,13/03/2025,09:24:08,22522.4,22520,1350,22523.45,75,150,17465025
NIFTY-I.NFO,13/03/2025,09:24:10,22522.9,22520,1350,22522.5,75,75,17465025
NIFTY-I.NFO,13/03/2025,09:24:11,22520,22520,1200,22521.95,225,600,17465025
NIFTY-I.NFO,13/03/2025,09:24:13,22523.1,22520.05,75,22523.1,150,1575,17465025
NIFTY-I.NFO,13/03/2025,09:24:15,22523.55,22523.45,150,22524,900,225,17465025
NIFTY-I.NFO,13/03/2025,09:24:16,22524,22521.35,750,22524,150,750,17465025
NIFTY-I.NFO,13/03/2025,09:24:18,22521.45,22521.45,525,22525,75,1050,17465025
NIFTY-I.NFO,13/03/2025,09:24:20,22528.3,22528,75,22528.8,225,750,17465025
NIFTY-I.NFO,13/03/2025,09:24:21,22528,22525.05,225,22528.65,300,150,17465025
NIFTY-I.NFO,13/03/2025,09:24:23,22528.45,22525,75,22528.45,75,450,17465025
NIFTY-I.NFO,13/03/2025,09:24:25,22528.85,22525,75,22528.85,225,225,17465025
NIFTY-I.NFO,13/03/2025,09:24:26,22529.9,22525.3,300,22530,600,375,17465025
NIFTY-I.NFO,13/03/2025,09:24:28,22529.3,22525.1,75,22529.3,450,225,17465025
NIFTY-I.NFO,13/03/2025,09:24:29,22529.5,22525.9,150,22528.6,300,675,17474175
NIFTY-I.NFO,13/03/2025,09:24:31,22528.6,22525.05,300,22528.45,75,225,17474175
NIFTY-I.NFO,13/03/2025,09:24:33,22530,22528.6,75,22530,525,750,17474175
NIFTY-I.NFO,13/03/2025,09:24:34,22529,22530,75,22532,75,675,17474175
NIFTY-I.NFO,13/03/2025,09:24:36,22533,22532.5,300,22533.6,75,450,17474175
NIFTY-I.NFO,13/03/2025,09:24:38,22533.1,22532.5,300,22533.25,75,825,17474175
NIFTY-I.NFO,13/03/2025,09:24:39,22532,22532,75,22532.7,75,450,17474175
NIFTY-I.NFO,13/03/2025,09:24:41,22529.7,22528.6,225,22531.1,75,3225,17474175
NIFTY-I.NFO,13/03/2025,09:24:43,22531.45,22528.6,225,22531.45,75,225,17474175
NIFTY-I.NFO,13/03/2025,09:24:44,22532,22528.75,600,22532,525,225,17474175
NIFTY-I.NFO,13/03/2025,09:24:46,22532,22528.8,225,22532,225,375,17474175
NIFTY-I.NFO,13/03/2025,09:24:48,22531.8,22529,150,22531.1,450,75,17474175
NIFTY-I.NFO,13/03/2025,09:24:49,22531.5,22529,225,22531.1,525,225,17474175
NIFTY-I.NFO,13/03/2025,09:24:51,22531.5,22529,225,22531,75,0,17474175
NIFTY-I.NFO,13/03/2025,09:24:53,22531,22529.45,150,22531,525,525,17474175
NIFTY-I.NFO,13/03/2025,09:24:54,22529.45,22530,150,22531,75,1500,17474175
NIFTY-I.NFO,13/03/2025,09:24:56,22529.95,22529,75,22530.4,75,600,17474175
NIFTY-I.NFO,13/03/2025,09:24:58,22530.4,22530,75,22530.6,450,1125,17474175
NIFTY-I.NFO,13/03/2025,09:24:59,22530.35,22528,75,22530.35,225,375,17474175
NIFTY-I.NFO,13/03/2025,09:25:01,22533.6,22530.35,150,22533.6,300,6825,17474175
NIFTY-I.NFO,13/03/2025,09:25:03,22533.75,22530.4,450,22534.85,150,3750,17474175
NIFTY-I.NFO,13/03/2025,09:25:04,22534.95,22532.75,300,22535,225,300,17474175
NIFTY-I.NFO,13/03/2025,09:25:06,22536,22534.25,300,22537,75,600,17474175
NIFTY-I.NFO,13/03/2025,09:25:08,22534.05,22534.1,225,22537.8,75,675,17474175
NIFTY-I.NFO,13/03/2025,09:25:09,22535,22534.4,225,22538,750,525,17474175
NIFTY-I.NFO,13/03/2025,09:25:11,22538,22536.05,375,22538.8,75,975,17474175
NIFTY-I.NFO,13/03/2025,09:25:13,22539.3,22536.85,300,22539.3,825,975,17474175
NIFTY-I.NFO,13/03/2025,09:25:14,22540,22538,225,22540,1275,1275,17474175
NIFTY-I.NFO,13/03/2025,09:25:16,22540,22538.5,150,22540,375,1050,17474175
NIFTY-I.NFO,13/03/2025,09:25:18,22540,22540,225,22541,300,450,17474175
NIFTY-I.NFO,13/03/2025,09:25:19,22538.8,22538,75,22540.55,225,2175,17474175
NIFTY-I.NFO,13/03/2025,09:25:21,22540.4,22538,75,22540.25,75,300,17474175
NIFTY-I.NFO,13/03/2025,09:25:23,22540,22538,75,22541,225,225,17474175
NIFTY-I.NFO,13/03/2025,09:25:24,22541,22538.8,150,22540,1050,225,17474175
NIFTY-I.NFO,13/03/2025,09:25:26,22540,22538.25,75,22540,825,375,17474175
NIFTY-I.NFO,13/03/2025,09:25:28,22540,22538.3,75,22542.95,150,2625,17474175
NIFTY-I.NFO,13/03/2025,09:25:29,22543.7,22538.35,375,22543.4,75,3525,17474175
NIFTY-I.NFO,13/03/2025,09:25:31,22543.5,22538.35,375,22543,75,1875,17474175
NIFTY-I.NFO,13/03/2025,09:25:32,22544.4,22539.6,150,22544.5,75,1875,17474175
NIFTY-I.NFO,13/03/2025,09:25:34,22544.5,22539.65,75,22544.45,225,600,17474175
NIFTY-I.NFO,13/03/2025,09:25:36,22543,22541,150,22544.7,75,525,17474175
NIFTY-I.NFO,13/03/2025,09:25:37,22543.5,22541.05,150,22544,75,75,17474175
NIFTY-I.NFO,13/03/2025,09:25:39,22544.95,22543,75,22544.25,75,150,17474175
NIFTY-I.NFO,13/03/2025,09:25:41,22543,22541.8,150,22542.5,150,1500,17474175
NIFTY-I.NFO,13/03/2025,09:25:42,22541.8,22541,150,22542,225,600,17474175
NIFTY-I.NFO,13/03/2025,09:25:44,22540.9,22540,7575,22540.75,675,1500,17474175
NIFTY-I.NFO,13/03/2025,09:25:46,22538.25,22538,150,22540,900,8100,17474175
NIFTY-I.NFO,13/03/2025,09:25:47,22538,22537.8,75,22540.5,225,1875,17474175
NIFTY-I.NFO,13/03/2025,09:25:49,22537.8,22537.15,975,22540.9,75,150,17474175
NIFTY-I.NFO,13/03/2025,09:25:51,22544.5,22539.15,150,22544.6,75,1575,17474175
NIFTY-I.NFO,13/03/2025,09:25:52,22540.65,22539.2,600,22543.95,225,675,17474175
NIFTY-I.NFO,13/03/2025,09:25:54,22543.65,22539.2,150,22543.7,75,375,17474175
NIFTY-I.NFO,13/03/2025,09:25:56,22545,22539.55,300,22544.7,225,1350,17474175
NIFTY-I.NFO,13/03/2025,09:25:57,22544,22539.55,75,22544,75,225,17474175
NIFTY-I.NFO,13/03/2025,09:25:59,22544.45,22543.9,225,22544.75,225,525,17474175
NIFTY-I.NFO,13/03/2025,09:26:01,22539.05,22539.05,75,22544.4,75,525,17474175
NIFTY-I.NFO,13/03/2025,09:26:02,22544.75,22539.35,150,22544.75,75,225,17474175
NIFTY-I.NFO,13/03/2025,09:26:04,22544.05,22538.35,750,22542.8,150,300,17474175
NIFTY-I.NFO,13/03/2025,09:26:06,22543.15,22540,375,22543.55,75,1950,17474175
NIFTY-I.NFO,13/03/2025,09:26:07,22540,22540,225,22542.9,75,450,17474175
NIFTY-I.NFO,13/03/2025,09:26:09,22542.25,22540,225,22542.3,375,150,17474175
NIFTY-I.NFO,13/03/2025,09:26:11,22542.95,22540,150,22541.75,75,300,17474175
NIFTY-I.NFO,13/03/2025,09:26:12,22539,22539.05,225,22541.75,75,825,17474175
NIFTY-I.NFO,13/03/2025,09:26:14,22539.45,22538.5,150,22542.95,150,525,17474175
NIFTY-I.NFO,13/03/2025,09:26:16,22537.35,22538.3,300,22542.95,225,225,17474175
NIFTY-I.NFO,13/03/2025,09:26:17,22537.05,22537.05,600,22542,75,150,17474175
NIFTY-I.NFO,13/03/2025,09:26:19,22540,22537,300,22540,450,75,17474175
NIFTY-I.NFO,13/03/2025,09:26:21,22540,22537,225,22539.55,300,150,17474175
NIFTY-I.NFO,13/03/2025,09:26:22,22539.55,22537.15,750,22539.55,75,300,17474175
NIFTY-I.NFO,13/03/2025,09:26:24,22540,22537.55,1050,22541.5,75,450,17474175
NIFTY-I.NFO,13/03/2025,09:26:26,22540,22539.55,225,22542.3,75,0,17474175
NIFTY-I.NFO,13/03/2025,09:26:27,22540,22539.55,225,22542.95,225,0,17474175
NIFTY-I.NFO,13/03/2025,09:26:29,22540,22539.55,225,22543.1,300,1950,17474175
NIFTY-I.NFO,13/03/2025,09:26:31,22539.55,22539.25,75,22543.05,225,825,17474175
NIFTY-I.NFO,13/03/2025,09:26:32,22539.55,22538.65,750,22542.6,75,375,17474175
NIFTY-I.NFO,13/03/2025,09:26:34,22541.15,22540,75,22541.15,375,75,17474175
NIFTY-I.NFO,13/03/2025,09:26:36,22540,22540,4575,22540.1,225,3150,17474175
NIFTY-I.NFO,13/03/2025,09:26:37,22538,22537.35,75,22539.25,225,5325,17474175
NIFTY-I.NFO,13/03/2025,09:26:39,22539.25,22537,150,22539.25,150,900,17474175
NIFTY-I.NFO,13/03/2025,09:26:41,22540,22537,150,22539.9,75,225,17474175
NIFTY-I.NFO,13/03/2025,09:26:42,22537,22537,75,22539.05,75,75,17474175
NIFTY-I.NFO,13/03/2025,09:26:44,22540.15,22539.7,75,22540.8,75,1275,17474175
NIFTY-I.NFO,13/03/2025,09:26:46,22540.15,22539.7,75,22540.05,75,225,17474175
NIFTY-I.NFO,13/03/2025,09:26:47,22535,22535.05,2100,22539.05,75,600,17474175
NIFTY-I.NFO,13/03/2025,09:26:49,22535,22535.45,1800,22539.4,150,0,17474175
NIFTY-I.NFO,13/03/2025,09:26:51,22538,22535.3,75,22538.9,375,75,17474175
NIFTY-I.NFO,13/03/2025,09:26:52,22535.3,22535,75,22538.1,75,75,17474175
NIFTY-I.NFO,13/03/2025,09:26:54,22534.1,22534,75,22537.25,75,900,17474175
NIFTY-I.NFO,13/03/2025,09:26:56,22534,22532.45,1425,22537,150,150,17474175
NIFTY-I.NFO,13/03/2025,09:26:57,22534,22533.7,300,22537.95,150,0,17474175
NIFTY-I.NFO,13/03/2025,09:26:59,22534.25,22534.35,975,22538.9,75,600,17474175
NIFTY-I.NFO,13/03/2025,09:27:01,22534.3,22534.2,75,22536.7,75,150,17474175
NIFTY-I.NFO,13/03/2025,09:27:02,22534.2,22534.15,75,22535.7,75,75,17474175
NIFTY-I.NFO,13/03/2025,09:27:04,22534.15,22534,75,22536.05,225,225,17474175
NIFTY-I.NFO,13/03/2025,09:27:06,22535.85,22532.4,75,22535.7,225,225,17474175
NIFTY-I.NFO,13/03/2025,09:27:07,22532,22531,150,22534,1275,225,17474175
NIFTY-I.NFO,13/03/2025,09:27:09,22531,22531,75,22533.7,225,150,17474175
NIFTY-I.NFO,13/03/2025,09:27:11,22526.1,22526.45,75,22531,75,1575,17474175
NIFTY-I.NFO,13/03/2025,09:27:12,22526.5,22525.95,225,22529.15,300,150,17474175
NIFTY-I.NFO,13/03/2025,09:27:14,22525.9,22525.9,75,22526.75,75,900,17474175
NIFTY-I.NFO,13/03/2025,09:27:16,22520,22519.55,1200,22523.45,75,1500,17474175
NIFTY-I.NFO,13/03/2025,09:27:17,22524,22520.65,75,22525,1350,1650,17474175
NIFTY-I.NFO,13/03/2025,09:27:19,22522.1,22522.1,825,22526.75,525,2175,17474175
NIFTY-I.NFO,13/03/2025,09:27:21,22522.35,22522.35,150,22525.55,375,375,17474175
NIFTY-I.NFO,13/03/2025,09:27:22,22522.35,22522,75,22523.9,300,150,17474175
NIFTY-I.NFO,13/03/2025,09:27:24,22522,22520,75,22522.25,75,150,17474175
NIFTY-I.NFO,13/03/2025,09:27:26,22521.1,22516.65,375,22521.85,375,2100,17474175
NIFTY-I.NFO,13/03/2025,09:27:27,22516,22516.05,75,22520.45,75,1800,17474175
NIFTY-I.NFO,13/03/2025,09:27:29,22516,22516.2,75,22519.7,75,0,17474175
NIFTY-I.NFO,13/03/2025,09:27:30,22516.55,22516.55,75,22519.95,375,2025,17500875
NIFTY-I.NFO,13/03/2025,09:27:32,22517.95,22516.55,300,22519.85,375,150,17500875
NIFTY-I.NFO,13/03/2025,09:27:34,22516,22516,75,22517.2,375,750,17500875
NIFTY-I.NFO,13/03/2025,09:27:35,22517.75,22516,75,22518.6,600,1050,17500875
NIFTY-I.NFO,13/03/2025,09:27:37,22519.1,22514.4,375,22519.2,75,450,17500875
NIFTY-I.NFO,13/03/2025,09:27:39,22518.8,22515,75,22518.8,75,75,17500875
NIFTY-I.NFO,13/03/2025,09:27:40,22515.05,22513.95,75,22518.25,75,2400,17500875
NIFTY-I.NFO,13/03/2025,09:27:42,22513.95,22512,75,22517.25,450,750,17500875
NIFTY-I.NFO,13/03/2025,09:27:44,22510.05,22510.1,150,22510.15,150,450,17500875
NIFTY-I.NFO,13/03/2025,09:27:45,22510,22508,525,22509.3,75,1725,17500875
NIFTY-I.NFO,13/03/2025,09:27:47,22507.85,22505.1,1725,22508,75,1350,17500875
NIFTY-I.NFO,13/03/2025,09:27:47,22505.1,22505.1,1725,22508,75,0,17500875
NIFTY-I.NFO,13/03/2025,09:27:49,22507.35,22507.45,375,22512.95,375,1575,17500875
NIFTY-I.NFO,13/03/2025,09:27:50,22506.2,22506.2,525,22511.25,300,2100,17500875
NIFTY-I.NFO,13/03/2025,09:27:52,22505.5,22505.25,525,22510,300,450,17500875
NIFTY-I.NFO,13/03/2025,09:27:54,22507,22506,75,22510,300,225,17500875
NIFTY-I.NFO,13/03/2025,09:27:55,22505.1,22505.15,225,22510.7,450,2250,17500875
NIFTY-I.NFO,13/03/2025,09:27:57,22505.1,22505.35,75,22510,75,150,17500875
NIFTY-I.NFO,13/03/2025,09:27:58,22510,22506.05,300,22511.25,75,75,17500875
NIFTY-I.NFO,13/03/2025,09:28:00,22510,22507.55,75,22512.6,300,150,17500875
NIFTY-I.NFO,13/03/2025,09:28:02,22510,22509.8,150,22515.2,450,150,17500875
NIFTY-I.NFO,13/03/2025,09:28:03,22510,22510.1,750,22515.7,300,0,17500875
NIFTY-I.NFO,13/03/2025,09:28:05,22510.8,22510.15,750,22515.5,150,75,17500875
NIFTY-I.NFO,13/03/2025,09:28:07,22510.75,22511,450,22516,75,450,17500875
NIFTY-I.NFO,13/03/2025,09:28:08,22515.6,22510.05,600,22515.55,300,1125,17500875
NIFTY-I.NFO,13/03/2025,09:28:10,22511,22510.05,75,22515.1,150,450,17500875
NIFTY-I.NFO,13/03/2025,09:28:12,22510.1,22510.05,75,22511.65,300,300,17500875
NIFTY-I.NFO,13/03/2025,09:28:13,22512,22510.1,75,22512.15,300,450,17500875
NIFTY-I.NFO,13/03/2025,09:28:15,22511.7,22510,225,22511.95,600,300,17500875
NIFTY-I.NFO,13/03/2025,09:28:16,22510,22506.4,1050,22510,75,600,17500875
NIFTY-I.NFO,13/03/2025,09:28:18,22508.3,22508.35,450,22514.15,300,450,17500875
NIFTY-I.NFO,13/03/2025,09:28:20,22508.5,22508.15,450,22513.65,150,300,17500875
NIFTY-I.NFO,13/03/2025,09:28:21,22508.5,22509,450,22514.6,150,0,17500875
NIFTY-I.NFO,13/03/2025,09:28:23,22510,22509.65,450,22514.9,150,75,17500875
NIFTY-I.NFO,13/03/2025,09:28:25,22509.7,22509.75,600,22514.9,150,150,17500875
NIFTY-I.NFO,13/03/2025,09:28:26,22515,22511.55,450,22516,525,150,17500875
NIFTY-I.NFO,13/03/2025,09:28:28,22514.9,22513.15,600,22518.1,150,600,17500875
NIFTY-I.NFO,13/03/2025,09:28:30,22513.95,22515.2,600,22520,300,75,17500875
NIFTY-I.NFO,13/03/2025,09:28:31,22520,22516.7,600,22521.3,375,375,17500875
NIFTY-I.NFO,13/03/2025,09:28:33,22516.7,22515.4,600,22520,75,75,17500875
NIFTY-I.NFO,13/03/2025,09:28:35,22520,22520,75,22521.3,375,75,17500875
NIFTY-I.NFO,13/03/2025,09:28:36,22521.3,22518.75,600,22521.65,375,450,17500875
NIFTY-I.NFO,13/03/2025,09:28:38,22520,22519.3,300,22521.65,375,75,17500875
NIFTY-I.NFO,13/03/2025,09:28:40,22521.65,22520.05,600,22522.4,150,525,17500875
NIFTY-I.NFO,13/03/2025,09:28:41,22522.4,22520,75,22522.7,75,75,17500875
NIFTY-I.NFO,13/03/2025,09:28:43,22522.7,22522.4,75,22525,375,75,17500875
NIFTY-I.NFO,13/03/2025,09:28:45,22526,22521.5,150,22526,1125,300,17500875
NIFTY-I.NFO,13/03/2025,09:28:46,22526,22522.85,525,22526,450,750,17500875
NIFTY-I.NFO,13/03/2025,09:28:48,22526,22524.55,600,22529,525,450,17500875
NIFTY-I.NFO,13/03/2025,09:28:50,22529,22525,375,22529,450,75,17500875
NIFTY-I.NFO,13/03/2025,09:28:51,22530.15,22528.65,600,22531.65,375,750,17500875
NIFTY-I.NFO,13/03/2025,09:28:53,22532.2,22530.1,450,22531.65,375,300,17500875
NIFTY-I.NFO,13/03/2025,09:28:55,22530.1,22530.1,75,22532.9,300,225,17500875
NIFTY-I.NFO,13/03/2025,09:28:56,22532.65,22529,150,22531.65,75,1575,17500875
NIFTY-I.NFO,13/03/2025,09:28:58,22529,22529,75,22531.5,75,375,17500875
NIFTY-I.NFO,13/03/2025,09:29:00,22532.95,22529,375,22533,450,225,17500875
NIFTY-I.NFO,13/03/2025,09:29:01,22533,22530.4,675,22533,450,1800,17500875
NIFTY-I.NFO,13/03/2025,09:29:03,22533,22533.35,675,22534,75,450,17500875
NIFTY-I.NFO,13/03/2025,09:29:05,22532,22531.05,75,22535,225,1050,17500875
NIFTY-I.NFO,13/03/2025,09:29:06,22534.15,22530.4,150,22534.15,75,600,17500875
NIFTY-I.NFO,13/03/2025,09:29:08,22530,22529,375,22530,75,525,17500875
NIFTY-I.NFO,13/03/2025,09:29:10,22534.35,22530.35,600,22534.4,75,225,17500875
NIFTY-I.NFO,13/03/2025,09:29:11,22536.6,22530.7,300,22536.55,375,975,17500875
NIFTY-I.NFO,13/03/2025,09:29:13,22536.6,22531.25,600,22536.3,75,0,17500875
NIFTY-I.NFO,13/03/2025,09:29:15,22536.35,22535,150,22537.8,75,75,17500875
NIFTY-I.NFO,13/03/2025,09:29:16,22539,22537.8,525,22539,150,150,17500875
NIFTY-I.NFO,13/03/2025,09:29:18,22537.8,22537.8,375,22539.9,75,300,17500875
NIFTY-I.NFO,13/03/2025,09:29:20,22530.1,22534.25,375,22538.6,75,12825,17500875
NIFTY-I.NFO,13/03/2025,09:29:21,22535.55,22529.95,225,22535.4,150,10050,17500875
NIFTY-I.NFO,13/03/2025,09:29:23,22534.85,22529.1,525,22534.8,150,75,17500875
NIFTY-I.NFO,13/03/2025,09:29:25,22529.05,22530,675,22534.2,150,150,17500875
NIFTY-I.NFO,13/03/2025,09:29:26,22529.05,22530,375,22532.35,150,0,17500875
NIFTY-I.NFO,13/03/2025,09:29:28,22529.05,22530,375,22532.25,150,0,17500875
NIFTY-I.NFO,13/03/2025,09:29:29,22529,22525.05,150,22528.85,150,450,17500875
NIFTY-I.NFO,13/03/2025,09:29:31,22528.95,22525,150,22529.1,450,75,17500875
NIFTY-I.NFO,13/03/2025,09:29:33,22528.95,22529.1,75,22529.9,225,0,17500875
NIFTY-I.NFO,13/03/2025,09:29:34,22529.05,22525.05,150,22529.45,300,225,17500875
NIFTY-I.NFO,13/03/2025,09:29:36,22521.7,22521.2,225,22527.35,150,1200,17500875
NIFTY-I.NFO,13/03/2025,09:29:38,22521.7,22521.1,450,22527.35,150,0,17500875
NIFTY-I.NFO,13/03/2025,09:29:39,22521.15,22521,75,22525.95,150,75,17500875
NIFTY-I.NFO,13/03/2025,09:29:41,22521,22520,75,22523.05,150,225,17500875
NIFTY-I.NFO,13/03/2025,09:29:42,22521,22520,75,22523.3,450,0,17500875
NIFTY-I.NFO,13/03/2025,09:29:44,22526.2,22520,75,22524.2,150,300,17500875
NIFTY-I.NFO,13/03/2025,09:29:46,22521.5,22522.35,75,22528.15,150,750,17500875
NIFTY-I.NFO,13/03/2025,09:29:47,22528.15,22522.25,600,22526.2,75,525,17500875
NIFTY-I.NFO,13/03/2025,09:29:49,22528.15,22521.2,75,22526.2,75,0,17500875
NIFTY-I.NFO,13/03/2025,09:29:51,22527.45,22521,300,22525.8,450,600,17500875
NIFTY-I.NFO,13/03/2025,09:29:52,22527.6,22525.45,300,22528,1500,225,17500875
NIFTY-I.NFO,13/03/2025,09:29:54,22527.6,22525.45,300,22527.95,225,0,17500875
NIFTY-I.NFO,13/03/2025,09:29:55,22525.45,22525.45,75,22528,825,225,17500875
NIFTY-I.NFO,13/03/2025,09:29:57,22521.5,22521.4,75,22526.6,75,300,17500875
NIFTY-I.NFO,13/03/2025,09:29:59,22521.5,22521.5,225,22525.65,75,0,17500875
NIFTY-I.NFO,13/03/2025,09:30:00,22525,22521.5,300,22524.5,75,75,17500875
NIFTY-I.NFO,13/03/2025,09:30:02,22524.45,22521.55,150,22525.3,75,150,17500875
NIFTY-I.NFO,13/03/2025,09:30:03,22521.55,22521.5,225,22525.9,75,525,17500875
NIFTY-I.NFO,13/03/2025,09:30:05,22521.55,22522,300,22525.35,225,0,17500875
NIFTY-I.NFO,13/03/2025,09:30:07,22521.55,22522,300,22524.65,75,0,17500875
NIFTY-I.NFO,13/03/2025,09:30:09,22521,22520,225,22521.25,300,1650,17500875
NIFTY-I.NFO,13/03/2025,09:30:10,22520.15,22520,225,22520.5,225,375,17500875
NIFTY-I.NFO,13/03/2025,09:30:12,22510.95,22515,300,22517.25,225,525,17500875
NIFTY-I.NFO,13/03/2025,09:30:14,22517.25,22511.45,450,22517.05,375,450,17500875
NIFTY-I.NFO,13/03/2025,09:30:15,22511.45,22511.45,75,22515.65,225,75,17500875
NIFTY-I.NFO,13/03/2025,09:30:17,22511.5,22511.45,150,22515.65,225,75,17500875
NIFTY-I.NFO,13/03/2025,09:30:18,22511.45,22511.45,75,22514.65,225,75,17500875
NIFTY-I.NFO,13/03/2025,09:30:20,22514.65,22511.75,75,22514.65,75,150,17500875
NIFTY-I.NFO,13/03/2025,09:30:22,22514.65,22514.7,75,22516.55,375,675,17500875
NIFTY-I.NFO,13/03/2025,09:30:23,22514.65,22510.1,75,22514.7,375,375,17500875
NIFTY-I.NFO,13/03/2025,09:30:25,22508,22507.35,75,22508,75,900,17500875
NIFTY-I.NFO,13/03/2025,09:30:27,22505.1,22505.1,225,22507.05,225,750,17500875
NIFTY-I.NFO,13/03/2025,09:30:28,22505.2,22505.3,75,22510.1,300,1125,17500875
NIFTY-I.NFO,13/03/2025,09:30:30,22505.95,22506.3,75,22510.1,300,1200,17516625
NIFTY-I.NFO,13/03/2025,09:30:32,22507,22507.1,75,22510.1,300,375,17516625
NIFTY-I.NFO,13/03/2025,09:30:33,22507.5,22507.4,375,22510.6,75,900,17516625
NIFTY-I.NFO,13/03/2025,09:30:35,22508.25,22508.15,150,22513.15,525,525,17516625
NIFTY-I.NFO,13/03/2025,09:30:37,22505.1,22510.1,225,22512.85,150,2550,17516625
NIFTY-I.NFO,13/03/2025,09:30:38,22512.45,22510.1,225,22513.05,75,225,17516625
NIFTY-I.NFO,13/03/2025,09:30:40,22510,22510,150,22511.3,300,525,17516625
NIFTY-I.NFO,13/03/2025,09:30:41,22511,22510.05,150,22511.45,300,375,17516625
NIFTY-I.NFO,13/03/2025,09:30:43,22511.5,22505.85,375,22511.5,300,450,17516625
NIFTY-I.NFO,13/03/2025,09:30:45,22510,22506.9,150,22511.65,75,75,17516625
NIFTY-I.NFO,13/03/2025,09:30:46,22512.1,22511.3,150,22513,225,150,17516625
NIFTY-I.NFO,13/03/2025,09:30:48,22512.3,22512.1,75,22513,225,75,17516625
NIFTY-I.NFO,13/03/2025,09:30:50,22511.3,22512.1,150,22513,225,150,17516625
NIFTY-I.NFO,13/03/2025,09:30:51,22511.65,22511.3,75,22513,150,300,17516625
NIFTY-I.NFO,13/03/2025,09:30:53,22515.35,22513,75,22516.2,225,2325,17516625
NIFTY-I.NFO,13/03/2025,09:30:55,22512.6,22511.1,225,22515.15,150,1350,17516625
NIFTY-I.NFO,13/03/2025,09:30:56,22511.1,22510.15,150,22515,75,225,17516625
NIFTY-I.NFO,13/03/2025,09:30:58,22515.35,22511.3,450,22517.35,300,225,17516625
NIFTY-I.NFO,13/03/2025,09:31:00,22515.35,22512,75,22515.55,225,0,17516625
NIFTY-I.NFO,13/03/2025,09:31:01,22515.35,22512,150,22514.25,75,0,17516625
NIFTY-I.NFO,13/03/2025,09:31:03,22513.7,22512.05,150,22513.95,75,150,17516625
NIFTY-I.NFO,13/03/2025,09:31:04,22512,22510.2,525,22515,75,525,17516625
NIFTY-I.NFO,13/03/2025,09:31:06,22517.4,22511.15,450,22516.9,225,225,17516625
NIFTY-I.NFO,13/03/2025,09:31:08,22511.15,22511.15,525,22515.45,75,150,17516625
NIFTY-I.NFO,13/03/2025,09:31:09,22511.15,22511.15,75,22515.6,75,150,17516625
NIFTY-I.NFO,13/03/2025,09:31:11,22511.15,22511.15,150,22515.15,75,150,17516625
NIFTY-I.NFO,13/03/2025,09:31:13,22516.5,22511.2,225,22516.85,600,525,17516625
NIFTY-I.NFO,13/03/2025,09:31:14,22516.5,22511.2,300,22516.4,750,0,17516625
NIFTY-I.NFO,13/03/2025,09:31:16,22511,22510,375,22514.95,225,300,17516625
NIFTY-I.NFO,13/03/2025,09:31:18,22510,22507.2,225,22513.3,75,300,17516625
NIFTY-I.NFO,13/03/2025,09:31:19,22510,22507,450,22510.3,375,300,17516625
NIFTY-I.NFO,13/03/2025,09:31:21,22510,22507.15,225,22507.2,75,225,17516625
NIFTY-I.NFO,13/03/2025,09:31:23,22507,22506.05,300,22510,75,1125,17516625
NIFTY-I.NFO,13/03/2025,09:31:24,22510.3,22510.3,300,22511.65,225,1950,17516625
NIFTY-I.NFO,13/03/2025,09:31:26,22511.65,22511.65,675,22512.15,225,5625,17516625
NIFTY-I.NFO,13/03/2025,09:31:28,22512.6,22512.6,525,22513.1,225,5175,17516625
NIFTY-I.NFO,13/03/2025,09:31:29,22513.6,22512.6,675,22514.55,600,675,17516625
NIFTY-I.NFO,13/03/2025,09:31:31,22513.6,22512.6,825,22514.2,75,0,17516625
NIFTY-I.NFO,13/03/2025,09:31:33,22512.6,22512.6,675,22512.8,75,900,17516625
NIFTY-I.NFO,13/03/2025,09:31:34,22512.95,22507.7,75,22513.2,75,15825,17516625
NIFTY-I.NFO,13/03/2025,09:31:36,22512.95,22512.95,450,22513.35,75,1125,17516625
NIFTY-I.NFO,13/03/2025,09:31:37,22513.35,22513.35,300,22513.75,75,2550,17516625
NIFTY-I.NFO,13/03/2025,09:31:39,22513.35,22513.35,675,22514,225,3375,17516625
NIFTY-I.NFO,13/03/2025,09:31:41,22513.35,22513.35,675,22513.6,225,750,17516625
NIFTY-I.NFO,13/03/2025,09:31:42,22513.35,22513.35,375,22513.55,225,4950,17516625
NIFTY-I.NFO,13/03/2025,09:31:44,22513.35,22513.35,525,22514,300,75,17516625
NIFTY-I.NFO,13/03/2025,09:31:46,22514.5,22513.35,975,22514.95,375,375,17516625
NIFTY-I.NFO,13/03/2025,09:31:47,22516.5,22516.45,750,22516.6,75,2250,17516625
NIFTY-I.NFO,13/03/2025,09:31:49,22516.45,22516.5,150,22517.35,150,975,17516625
NIFTY-I.NFO,13/03/2025,09:31:51,22516.5,22516.5,300,22516.6,75,2850,17516625
NIFTY-I.NFO,13/03/2025,09:31:52,22516.5,22516.5,675,22516.7,75,15675,17516625
NIFTY-I.NFO,13/03/2025,09:31:54,22516.8,22516.5,450,22517.4,75,375,17516625
NIFTY-I.NFO,13/03/2025,09:31:56,22519.5,22516.5,450,22520,300,300,17516625
NIFTY-I.NFO,13/03/2025,09:31:57,22520,22516.9,150,22521.55,375,450,17516625
NIFTY-I.NFO,13/03/2025,09:31:59,22522,22518.1,150,22522.5,75,300,17516625
NIFTY-I.NFO,13/03/2025,09:32:01,22517.9,22517.9,150,22523.6,75,525,17516625
NIFTY-I.NFO,13/03/2025,09:32:02,22523.75,22520.4,300,22524.9,75,375,17516625
NIFTY-I.NFO,13/03/2025,09:32:04,22525,22520.4,150,22524.95,150,450,17516625
NIFTY-I.NFO,13/03/2025,09:32:05,22521.6,22520.4,150,22524.5,75,150,17516625
NIFTY-I.NFO,13/03/2025,09:32:07,22516.9,22516.9,75,22521.5,225,675,17516625
NIFTY-I.NFO,13/03/2025,09:32:09,22521.35,22520,75,22521.35,150,225,17516625
NIFTY-I.NFO,13/03/2025,09:32:10,22521.35,22520.05,75,22521.35,75,75,17516625
NIFTY-I.NFO,13/03/2025,09:32:12,22521.4,22521.35,75,22522.55,75,450,17516625
NIFTY-I.NFO,13/03/2025,09:32:14,22521.35,22521.35,75,22522,75,75,17516625
NIFTY-I.NFO,13/03/2025,09:32:16,22522.35,22521.35,75,22524.65,150,375,17516625
NIFTY-I.NFO,13/03/2025,09:32:17,22521.35,22520.4,150,22523.15,75,825,17516625
NIFTY-I.NFO,13/03/2025,09:32:19,22520.85,22520.4,75,22520.9,300,375,17516625
NIFTY-I.NFO,13/03/2025,09:32:21,22520,22520,150,22520.4,75,225,17516625
NIFTY-I.NFO,13/03/2025,09:32:22,22520,22520,75,22520.4,75,75,17516625
NIFTY-I.NFO,13/03/2025,09:32:24,22520,22520,75,22520.4,75,0,17516625
NIFTY-I.NFO,13/03/2025,09:32:26,22520.85,22520,75,22520.4,75,450,17516625
NIFTY-I.NFO,13/03/2025,09:32:27,22520,22520,825,22520.85,75,375,17516625
NIFTY-I.NFO,13/03/2025,09:32:29,22520,22520,825,22520.85,75,0,17516625
NIFTY-I.NFO,13/03/2025,09:32:30,22520.85,22520.85,75,22521,75,225,17516625
NIFTY-I.NFO,13/03/2025,09:32:32,22520.4,22520,825,22521.3,900,150,17516625
NIFTY-I.NFO,13/03/2025,09:32:34,22521.2,22521.2,375,22521.75,450,2175,17516625
NIFTY-I.NFO,13/03/2025,09:32:35,22521.2,22521.2,300,22521.25,375,2325,17516625
NIFTY-I.NFO,13/03/2025,09:32:37,22520.85,22515.1,225,22520.35,375,11850,17516625
NIFTY-I.NFO,13/03/2025,09:32:39,22515,22513.9,75,22518.85,75,75,17516625
NIFTY-I.NFO,13/03/2025,09:32:40,22515,22513.05,300,22517.7,75,0,17516625
NIFTY-I.NFO,13/03/2025,09:32:42,22515,22513,150,22517.7,75,0,17516625
NIFTY-I.NFO,13/03/2025,09:32:44,22515,22513,150,22516.7,75,0,17516625
NIFTY-I.NFO,13/03/2025,09:32:45,22515,22515,75,22516.7,75,0,17516625
NIFTY-I.NFO,13/03/2025,09:32:47,22515,22515.05,75,22516.7,75,0,17516625
NIFTY-I.NFO,13/03/2025,09:32:52,22515.05,22515,225,22515.7,75,75,17516625
NIFTY-I.NFO,13/03/2025,09:32:54,22515,22515,150,22515.6,150,150,17516625
NIFTY-I.NFO,13/03/2025,09:32:55,22517.1,22515,150,22516.9,75,825,17516625
NIFTY-I.NFO,13/03/2025,09:32:57,22517.1,22515,150,22517.2,75,0,17516625
NIFTY-I.NFO,13/03/2025,09:32:59,22515,22513,150,22514.85,75,150,17516625
NIFTY-I.NFO,13/03/2025,09:33:00,22513,22513,75,22513.85,75,1050,17516625
NIFTY-I.NFO,13/03/2025,09:33:02,22513.85,22513,75,22513.95,75,75,17516625
NIFTY-I.NFO,13/03/2025,09:33:04,22513.5,22513,75,22513.95,75,75,17516625
NIFTY-I.NFO,13/03/2025,09:33:05,22511.7,22511.75,150,22515,150,600,17516625
NIFTY-I.NFO,13/03/2025,09:33:07,22516.85,22512.25,600,22516.85,75,675,17516625
NIFTY-I.NFO,13/03/2025,09:33:09,22516.85,22513.05,300,22517,225,0,17516625
NIFTY-I.NFO,13/03/2025,09:33:10,22516.8,22513,375,22516.85,75,75,17516625
NIFTY-I.NFO,13/03/2025,09:33:12,22516.8,22513,375,22515.3,75,0,17516625
NIFTY-I.NFO,13/03/2025,09:33:14,22516.8,22513.5,75,22515.15,75,0,17516625
NIFTY-I.NFO,13/03/2025,09:33:15,22516.8,22513.5,75,22515,75,0,17516625
NIFTY-I.NFO,13/03/2025,09:33:17,22515,22513,375,22516.85,75,150,17516625
NIFTY-I.NFO,13/03/2025,09:33:19,22513,22516.1,675,22516.85,75,150,17516625
NIFTY-I.NFO,13/03/2025,09:33:20,22516.85,22516.1,675,22516.85,75,75,17516625
NIFTY-I.NFO,13/03/2025,09:33:22,22516.1,22516.1,600,22516.8,75,75,17516625
NIFTY-I.NFO,13/03/2025,09:33:24,22516.1,22516.1,450,22517,225,300,17516625
NIFTY-I.NFO,13/03/2025,09:33:25,22516.1,22516.1,600,22516.8,75,150,17516625
NIFTY-I.NFO,13/03/2025,09:33:27,22516.1,22516.1,600,22517,375,1725,17516625
NIFTY-I.NFO,13/03/2025,09:33:28,22516.1,22516.1,300,22516.35,150,525,17516625
NIFTY-I.NFO,13/03/2025,09:33:30,22516.15,22516.1,675,22516.7,225,3075,17592375
NIFTY-I.NFO,13/03/2025,09:33:32,22516.1,22516.1,600,22516.85,75,75,17592375
NIFTY-I.NFO,13/03/2025,09:33:33,22516.5,22516.1,750,22516.75,225,600,17592375
NIFTY-I.NFO,13/03/2025,09:33:35,22517,22516.1,900,22517,75,150,17592375
NIFTY-I.NFO,13/03/2025,09:33:37,22517,22516.1,750,22517.4,225,450,17592375
NIFTY-I.NFO,13/03/2025,09:33:38,22516.1,22516.1,675,22517.4,75,1950,17592375
NIFTY-I.NFO,13/03/2025,09:33:40,22516.1,22516.1,750,22517.85,75,900,17592375
NIFTY-I.NFO,13/03/2025,09:33:42,22516.1,22516.1,675,22517.9,75,75,17592375
NIFTY-I.NFO,13/03/2025,09:33:43,22516.1,22516.1,675,22517.9,75,225,17592375
NIFTY-I.NFO,13/03/2025,09:33:45,22516.1,22516.1,675,22519.55,75,0,17592375
NIFTY-I.NFO,13/03/2025,09:33:47,22521.65,22518.55,150,22522.35,75,225,17592375
NIFTY-I.NFO,13/03/2025,09:33:48,22522.35,22521.15,75,22525,450,75,17592375
NIFTY-I.NFO,13/03/2025,09:33:50,22525.15,22523.9,225,22527.55,75,600,17592375
NIFTY-I.NFO,13/03/2025,09:33:52,22530,22526.05,375,22530,300,525,17592375
NIFTY-I.NFO,13/03/2025,09:33:53,22527.75,22527.7,375,22530,300,75,17592375
NIFTY-I.NFO,13/03/2025,09:33:55,22530,22528.5,375,22531.45,75,300,17592375
NIFTY-I.NFO,13/03/2025,09:33:57,22528.5,22528.5,225,22530.55,150,150,17592375
NIFTY-I.NFO,13/03/2025,09:33:58,22528.5,22524.5,300,22528.15,75,300,17592375
NIFTY-I.NFO,13/03/2025,09:34:00,22525.45,22525.95,300,22529.6,75,600,17592375
NIFTY-I.NFO,13/03/2025,09:34:02,22525.45,22527.1,525,22530,150,0,17592375
NIFTY-I.NFO,13/03/2025,09:34:03,22528.6,22529.2,300,22529.55,75,150,17592375
NIFTY-I.NFO,13/03/2025,09:34:05,22529.2,22529.2,825,22529.9,150,1425,17592375
NIFTY-I.NFO,13/03/2025,09:34:06,22529.25,22529.2,675,22529.25,600,1950,17592375
NIFTY-I.NFO,13/03/2025,09:34:08,22529.2,22529.2,525,22529.5,75,825,17592375
NIFTY-I.NFO,13/03/2025,09:34:10,22529.2,22529.2,525,22530,300,0,17592375
NIFTY-I.NFO,13/03/2025,09:34:11,22533.15,22529.6,300,22533.9,600,450,17592375
NIFTY-I.NFO,13/03/2025,09:34:13,22533.65,22529.9,300,22533.65,75,600,17592375
NIFTY-I.NFO,13/03/2025,09:34:15,22532.45,22529.95,150,22531.55,75,75,17592375
NIFTY-I.NFO,13/03/2025,09:34:16,22534.25,22530,300,22534.4,75,300,17592375
NIFTY-I.NFO,13/03/2025,09:34:18,22529.95,22530,75,22532.45,75,75,17592375
NIFTY-I.NFO,13/03/2025,09:34:20,22531,22529.45,150,22531,75,225,17592375
NIFTY-I.NFO,13/03/2025,09:34:22,22529.65,22529.2,450,22529.35,75,375,17592375
NIFTY-I.NFO,13/03/2025,09:34:23,22531,22531,375,22531.5,150,12600,17592375
NIFTY-I.NFO,13/03/2025,09:34:25,22531.75,22531,900,22531.05,75,825,17592375
NIFTY-I.NFO,13/03/2025,09:34:27,22531.05,22531,450,22531.8,150,3450,17592375
NIFTY-I.NFO,13/03/2025,09:34:28,22531,22531,600,22531.35,150,375,17592375
NIFTY-I.NFO,13/03/2025,09:34:30,22531,22531,525,22531.05,150,6675,17592375
NIFTY-I.NFO,13/03/2025,09:34:32,22531,22531,750,22531.3,75,450,17592375
NIFTY-I.NFO,13/03/2025,09:34:33,22531.3,22531,750,22532.45,75,75,17592375
NIFTY-I.NFO,13/03/2025,09:34:35,22531,22531,675,22531.3,75,75,17592375
NIFTY-I.NFO,13/03/2025,09:34:37,22531,22531,375,22531.1,1050,4575,17592375
NIFTY-I.NFO,13/03/2025,09:34:38,22531,22531,600,22531.05,75,4800,17592375
NIFTY-I.NFO,13/03/2025,09:34:40,22531,22531,450,22531.25,75,4500,17592375
NIFTY-I.NFO,13/03/2025,09:34:42,22530.85,22526.9,225,22530.95,600,225,17592375
NIFTY-I.NFO,13/03/2025,09:34:43,22530.85,22525.7,150,22529.9,75,0,17592375
NIFTY-I.NFO,13/03/2025,09:34:45,22525.75,22525.25,750,22525.85,75,75,17592375
NIFTY-I.NFO,13/03/2025,09:34:46,22525.25,22525.25,675,22526.15,75,375,17592375
NIFTY-I.NFO,13/03/2025,09:34:48,22525.3,22525.75,75,22526.1,75,75,17592375
NIFTY-I.NFO,13/03/2025,09:34:50,22525.75,22526.15,75,22527.1,150,300,17592375
NIFTY-I.NFO,13/03/2025,09:34:51,22526.15,22525.25,675,22526.1,75,225,17592375
NIFTY-I.NFO,13/03/2025,09:34:53,22526.45,22525.25,375,22527.1,150,975,17592375
NIFTY-I.NFO,13/03/2025,09:34:55,22525.25,22525.25,300,22527.45,75,300,17592375
NIFTY-I.NFO,13/03/2025,09:34:56,22525.25,22522.35,150,22525.7,75,0,17592375
NIFTY-I.NFO,13/03/2025,09:34:58,22525,22522,75,22523.85,75,75,17592375
NIFTY-I.NFO,13/03/2025,09:35:00,22525,22522,75,22524,75,0,17592375
NIFTY-I.NFO,13/03/2025,09:35:01,22524.1,22522,150,22523.95,75,75,17592375
NIFTY-I.NFO,13/03/2025,09:35:03,22521.8,22521.8,750,22522.35,75,225,17592375
NIFTY-I.NFO,13/03/2025,09:35:05,22521.8,22521.8,600,22521.85,75,3375,17592375
NIFTY-I.NFO,13/03/2025,09:35:06,22521.8,22521.8,225,22521.85,150,5100,17592375
NIFTY-I.NFO,13/03/2025,09:35:08,22521.8,22521.8,750,22521.85,300,12975,17592375
NIFTY-I.NFO,13/03/2025,09:35:10,22521.8,22521.8,525,22523.05,525,3300,17592375
NIFTY-I.NFO,13/03/2025,09:35:11,22521.8,22521.8,525,22522.35,225,0,17592375
NIFTY-I.NFO,13/03/2025,09:35:13,22521.8,22521.8,450,22521.95,675,525,17592375
NIFTY-I.NFO,13/03/2025,09:35:15,22521.25,22520,150,22521.6,600,3000,17592375
NIFTY-I.NFO,13/03/2025,09:35:16,22521.25,22520,225,22520.5,75,0,17592375
NIFTY-I.NFO,13/03/2025,09:35:18,22516.1,22516,225,22518.95,75,300,17592375
NIFTY-I.NFO,13/03/2025,09:35:19,22518.1,22516,225,22518.25,750,75,17592375
NIFTY-I.NFO,13/03/2025,09:35:21,22515.05,22515,300,22516.3,300,375,17592375
NIFTY-I.NFO,13/03/2025,09:35:23,22515,22513,225,22515.1,75,375,17592375
NIFTY-I.NFO,13/03/2025,09:35:24,22513,22512,150,22513,150,375,17592375
NIFTY-I.NFO,13/03/2025,09:35:26,22511,22510.25,75,22511.75,75,525,17592375
NIFTY-I.NFO,13/03/2025,09:35:28,22516,22514.2,75,22517.5,75,900,17592375
NIFTY-I.NFO,13/03/2025,09:35:29,22516.95,22515.8,225,22519.25,75,675,17592375
NIFTY-I.NFO,13/03/2025,09:35:31,22516.2,22516.25,300,22519,75,150,17592375
NIFTY-I.NFO,13/03/2025,09:35:33,22519,22518.3,300,22521.85,75,75,17592375
NIFTY-I.NFO,13/03/2025,09:35:34,22517.55,22520.3,300,22522.15,225,375,17592375
NIFTY-I.NFO,13/03/2025,09:35:36,22521.3,22520.3,450,22521,75,75,17592375
NIFTY-I.NFO,13/03/2025,09:35:38,22520.5,22520.3,300,22520.6,225,300,17592375
NIFTY-I.NFO,13/03/2025,09:35:39,22515.15,22515.85,300,22520.3,75,825,17592375
NIFTY-I.NFO,13/03/2025,09:35:41,22515.15,22516.1,300,22520.7,600,0,17592375
NIFTY-I.NFO,13/03/2025,09:35:43,22519.65,22515.05,75,22519.15,75,75,17592375
NIFTY-I.NFO,13/03/2025,09:35:44,22519.15,22515.7,300,22519.4,75,75,17592375
NIFTY-I.NFO,13/03/2025,09:35:46,22520,22517.9,675,22522.6,75,150,17592375
NIFTY-I.NFO,13/03/2025,09:35:48,22520,22518.25,75,22522.6,75,0,17592375
NIFTY-I.NFO,13/03/2025,09:35:49,22519.15,22518.75,375,22523.3,75,300,17592375
NIFTY-I.NFO,13/03/2025,09:35:51,22519.15,22520,75,22524.5,75,0,17592375
NIFTY-I.NFO,13/03/2025,09:35:53,22519.15,22520.05,300,22524,75,0,17592375
NIFTY-I.NFO,13/03/2025,09:35:54,22519.15,22520.6,300,22524,75,0,17592375
NIFTY-I.NFO,13/03/2025,09:35:56,22519.15,22521.25,450,22525,300,0,17592375
NIFTY-I.NFO,13/03/2025,09:35:58,22522.2,22523.75,75,22527.65,75,375,17592375
NIFTY-I.NFO,13/03/2025,09:35:59,22522.2,22524,225,22528,75,0,17592375
NIFTY-I.NFO,13/03/2025,09:36:01,22528.25,22525.25,225,22528.25,75,150,17592375
NIFTY-I.NFO,13/03/2025,09:36:03,22528.25,22525,75,22529.55,225,75,17592375
NIFTY-I.NFO,13/03/2025,09:36:04,22525.05,22525.05,150,22528,75,225,17592375
NIFTY-I.NFO,13/03/2025,09:36:06,22528,22525.05,150,22528.6,375,300,17592375
NIFTY-I.NFO,13/03/2025,09:36:08,22528,22525.05,150,22527,75,0,17592375
NIFTY-I.NFO,13/03/2025,09:36:09,22525.05,22525.05,75,22528,75,75,17592375
NIFTY-I.NFO,13/03/2025,09:36:11,22525.05,22525.1,75,22528.7,75,1875,17592375
NIFTY-I.NFO,13/03/2025,09:36:13,22526.2,22525.15,150,22529,75,150,17592375
NIFTY-I.NFO,13/03/2025,09:36:14,22530.3,22527.2,375,22531,1350,450,17592375
NIFTY-I.NFO,13/03/2025,09:36:16,22533.85,22528.95,150,22532.45,75,1875,17592375
NIFTY-I.NFO,13/03/2025,09:36:18,22534,22530.65,75,22534.25,75,975,17592375
NIFTY-I.NFO,13/03/2025,09:36:19,22533,22531.05,75,22535,825,825,17592375
NIFTY-I.NFO,13/03/2025,09:36:21,22535,22527.55,75,22532.65,75,150,17592375
NIFTY-I.NFO,13/03/2025,09:36:23,22532.65,22527.6,75,22532.65,75,150,17592375
NIFTY-I.NFO,13/03/2025,09:36:24,22527.6,22528.3,150,22532.7,225,300,17592375
NIFTY-I.NFO,13/03/2025,09:36:26,22534.55,22528.65,300,22534.1,75,1800,17592375
NIFTY-I.NFO,13/03/2025,09:36:28,22533.75,22528.7,225,22534.3,225,300,17592375
NIFTY-I.NFO,13/03/2025,09:36:29,22529.3,22529,150,22534.35,75,75,17592375
NIFTY-I.NFO,13/03/2025,09:36:31,22530,22529,375,22534.35,75,75,17668575
NIFTY-I.NFO,13/03/2025,09:36:33,22534.2,22530,75,22533.75,225,75,17668575
NIFTY-I.NFO,13/03/2025,09:36:34,22530,22530,225,22532.75,75,300,17668575
NIFTY-I.NFO,13/03/2025,09:36:36,22530,22530.1,75,22532.4,300,300,17668575
NIFTY-I.NFO,13/03/2025,09:36:38,22532.25,22530,75,22532.5,75,375,17668575
NIFTY-I.NFO,13/03/2025,09:36:39,22530,22529,150,22532.8,300,150,17668575
NIFTY-I.NFO,13/03/2025,09:36:41,22532.8,22529,150,22532.55,75,75,17668575
NIFTY-I.NFO,13/03/2025,09:36:43,22532.85,22530.3,375,22533.55,75,225,17668575
NIFTY-I.NFO,13/03/2025,09:36:44,22532.85,22530,75,22534.6,300,0,17668575
NIFTY-I.NFO,13/03/2025,09:36:46,22532.85,22530,75,22534.1,75,0,17668575
NIFTY-I.NFO,13/03/2025,09:36:48,22529.95,22531,75,22532.85,75,225,17668575
NIFTY-I.NFO,13/03/2025,09:36:49,22532.85,22531,225,22533.5,75,75,17668575
NIFTY-I.NFO,13/03/2025,09:36:51,22535,22531.05,75,22535,525,450,17668575
NIFTY-I.NFO,13/03/2025,09:36:53,22533.9,22533.9,75,22536.7,300,825,17668575
NIFTY-I.NFO,13/03/2025,09:36:54,22531.3,22533.9,150,22536.4,75,300,17668575
NIFTY-I.NFO,13/03/2025,09:36:56,22533.9,22533.9,225,22535.4,75,75,17668575
NIFTY-I.NFO,13/03/2025,09:36:58,22531,22529.75,150,22534.65,75,300,17668575
NIFTY-I.NFO,13/03/2025,09:36:59,22534.4,22529.35,300,22533.9,75,75,17668575
NIFTY-I.NFO,13/03/2025,09:37:01,22533.9,22532,75,22534.9,75,75,17668575
NIFTY-I.NFO,13/03/2025,09:37:02,22533.9,22532,75,22535.9,300,0,17668575
NIFTY-I.NFO,13/03/2025,09:37:04,22533.9,22532,75,22535.2,75,0,17668575
NIFTY-I.NFO,13/03/2025,09:37:06,22533.7,22531.75,375,22535.2,75,150,17668575
NIFTY-I.NFO,13/03/2025,09:37:07,22531.25,22530,75,22535.45,225,150,17668575
NIFTY-I.NFO,13/03/2025,09:37:09,22531.25,22532,75,22535.25,75,0,17668575
NIFTY-I.NFO,13/03/2025,09:37:11,22537,22532.45,375,22537,150,150,17668575
NIFTY-I.NFO,13/03/2025,09:37:12,22532.75,22533,150,22537,75,75,17668575
NIFTY-I.NFO,13/03/2025,09:37:14,22536.95,22533,75,22536.05,300,225,17668575
NIFTY-I.NFO,13/03/2025,09:37:16,22531.15,22531.55,75,22536.15,75,300,17668575
NIFTY-I.NFO,13/03/2025,09:37:17,22531.15,22530.95,75,22536,75,0,17668575
NIFTY-I.NFO,13/03/2025,09:37:19,22531.15,22530.95,75,22536.65,150,300,17668575
NIFTY-I.NFO,13/03/2025,09:37:21,22536.6,22530.85,525,22537,75,75,17668575
NIFTY-I.NFO,13/03/2025,09:37:22,22531.8,22531.8,300,22537.5,300,600,17668575
NIFTY-I.NFO,13/03/2025,09:37:24,22531.75,22531.55,450,22535,75,225,17668575
NIFTY-I.NFO,13/03/2025,09:37:26,22535,22531.15,75,22536.6,75,75,17668575
NIFTY-I.NFO,13/03/2025,09:37:27,22536.6,22532.05,225,22537.95,150,75,17668575
NIFTY-I.NFO,13/03/2025,09:37:29,22532.5,22532.9,525,22538,150,900,17668575
NIFTY-I.NFO,13/03/2025,09:37:31,22532.9,22532.9,225,22538,150,75,17668575
NIFTY-I.NFO,13/03/2025,09:37:32,22532.9,22532.9,225,22536.7,300,0,17668575
NIFTY-I.NFO,13/03/2025,09:37:34,22532.95,22532.9,300,22533.35,75,150,17668575
NIFTY-I.NFO,13/03/2025,09:37:35,22537.7,22534.05,225,22537.9,300,225,17668575
NIFTY-I.NFO,13/03/2025,09:37:37,22538,22534.05,300,22538,150,675,17668575
NIFTY-I.NFO,13/03/2025,09:37:39,22534.05,22534.05,225,22537.35,225,75,17668575
NIFTY-I.NFO,13/03/2025,09:37:40,22534.05,22532.9,75,22534.9,150,675,17668575
NIFTY-I.NFO,13/03/2025,09:37:42,22532.9,22532.9,150,22533.8,150,675,17668575
NIFTY-I.NFO,13/03/2025,09:37:44,22532.9,22532,225,22532.8,75,150,17668575
NIFTY-I.NFO,13/03/2025,09:37:45,22532,22531.15,75,22532,75,225,17668575
NIFTY-I.NFO,13/03/2025,09:37:47,22531.15,22530.55,75,22532.2,75,375,17668575
NIFTY-I.NFO,13/03/2025,09:37:49,22531.15,22530.55,75,22532.2,75,0,17668575
NIFTY-I.NFO,13/03/2025,09:37:50,22530.55,22530,300,22532.65,75,225,17668575
NIFTY-I.NFO,13/03/2025,09:37:52,22532.9,22531,675,22535.1,75,150,17668575
NIFTY-I.NFO,13/03/2025,09:37:54,22532.9,22532.9,525,22535.2,300,0,17668575
NIFTY-I.NFO,13/03/2025,09:37:55,22532.95,22531.1,75,22532.65,150,825,17668575
NIFTY-I.NFO,13/03/2025,09:37:57,22531.15,22530,375,22531.9,75,225,17668575
NIFTY-I.NFO,13/03/2025,09:37:59,22530,22530,300,22531.15,75,75,17668575
NIFTY-I.NFO,13/03/2025,09:38:00,22530,22528,75,22529.95,150,525,17668575
NIFTY-I.NFO,13/03/2025,09:38:02,22525,22525,150,22529.4,75,225,17668575
NIFTY-I.NFO,13/03/2025,09:38:04,22528.15,22525,150,22527.15,75,75,17668575
NIFTY-I.NFO,13/03/2025,09:38:05,22525,22525,75,22526.8,375,1800,17668575
NIFTY-I.NFO,13/03/2025,09:38:07,22525,22522.05,75,22525,75,75,17668575
NIFTY-I.NFO,13/03/2025,09:38:09,22525,22522.05,75,22524.9,75,75,17668575
NIFTY-I.NFO,13/03/2025,09:38:10,22524.25,22522.05,75,22523.7,225,75,17668575
NIFTY-I.NFO,13/03/2025,09:38:12,22520.95,22520.5,75,22522,75,300,17668575
NIFTY-I.NFO,13/03/2025,09:38:14,22522.95,22520.5,75,22522.95,75,225,17668575
NIFTY-I.NFO,13/03/2025,09:38:15,22524.3,22520.5,75,22523.4,225,600,17668575
NIFTY-I.NFO,13/03/2025,09:38:17,22520.5,22520.05,75,22523,300,75,17668575
NIFTY-I.NFO,13/03/2025,09:38:19,22520.05,22518.8,150,22523.2,225,75,17668575
NIFTY-I.NFO,13/03/2025,09:38:20,22520,22519.1,300,22524.4,75,750,17668575
NIFTY-I.NFO,13/03/2025,09:38:22,22520,22522.85,75,22523.45,75,0,17668575
NIFTY-I.NFO,13/03/2025,09:38:24,22518.6,22518.5,75,22523.7,225,675,17668575
NIFTY-I.NFO,13/03/2025,09:38:25,22519.3,22519.55,675,22523.85,75,75,17668575
NIFTY-I.NFO,13/03/2025,09:38:27,22519.55,22519.8,675,22525,75,75,17668575
NIFTY-I.NFO,13/03/2025,09:38:29,22525,22525,150,22525.2,75,75,17668575
NIFTY-I.NFO,13/03/2025,09:38:30,22524,22520.3,75,22525.2,75,375,17668575
NIFTY-I.NFO,13/03/2025,09:38:32,22520.35,22520.45,300,22525.2,75,75,17668575
NIFTY-I.NFO,13/03/2025,09:38:34,22527.8,22522.8,675,22528.8,75,150,17668575
NIFTY-I.NFO,13/03/2025,09:38:35,22522.7,22523.95,600,22529.2,75,150,17668575
NIFTY-I.NFO,13/03/2025,09:38:37,22529.85,22524.25,600,22530,525,300,17668575
NIFTY-I.NFO,13/03/2025,09:38:39,22524.45,22524.6,150,22530.1,75,975,17668575
NIFTY-I.NFO,13/03/2025,09:38:40,22525.8,22525.8,375,22531.65,75,825,17668575
NIFTY-I.NFO,13/03/2025,09:38:42,22531,22529.2,75,22531,75,900,17668575
NIFTY-I.NFO,13/03/2025,09:38:43,22529.2,22525.8,675,22530.4,75,225,17668575
NIFTY-I.NFO,13/03/2025,09:38:45,22529.2,22526.85,300,22532,75,0,17668575
NIFTY-I.NFO,13/03/2025,09:38:47,22531.95,22527.5,375,22532.4,75,150,17668575
NIFTY-I.NFO,13/03/2025,09:38:48,22533.35,22531,600,22533.8,75,225,17668575
NIFTY-I.NFO,13/03/2025,09:38:50,22533.8,22531,600,22534.3,75,75,17668575
NIFTY-I.NFO,13/03/2025,09:38:52,22535,22531.3,150,22536.05,150,225,17668575
NIFTY-I.NFO,13/03/2025,09:38:54,22535,22531.3,300,22535.75,75,0,17668575
NIFTY-I.NFO,13/03/2025,09:38:55,22532.75,22535,75,22536.85,75,300,17668575
NIFTY-I.NFO,13/03/2025,09:38:57,22535,22532.9,825,22537.15,75,600,17668575
NIFTY-I.NFO,13/03/2025,09:38:59,22535.95,22533.5,300,22537.35,75,150,17668575
NIFTY-I.NFO,13/03/2025,09:39:00,22536.15,22535.95,75,22538,75,1650,17668575
NIFTY-I.NFO,13/03/2025,09:39:02,22536,22535.95,75,22540,600,4050,17668575
NIFTY-I.NFO,13/03/2025,09:39:04,22536,22535.05,300,22540,600,150,17668575
NIFTY-I.NFO,13/03/2025,09:39:05,22540,22537.35,75,22540,525,75,17668575
NIFTY-I.NFO,13/03/2025,09:39:07,22540,22537.2,825,22538,1425,2100,17668575
NIFTY-I.NFO,13/03/2025,09:39:09,22540.35,22537.25,75,22540.05,300,3150,17668575
NIFTY-I.NFO,13/03/2025,09:39:10,22537.2,22537.2,225,22538.2,225,525,17668575
NIFTY-I.NFO,13/03/2025,09:39:12,22538.7,22537.15,75,22538.7,75,600,17668575
NIFTY-I.NFO,13/03/2025,09:39:14,22538.55,22537.2,150,22539,75,375,17668575
NIFTY-I.NFO,13/03/2025,09:39:15,22536,22535.95,75,22538.05,75,225,17668575
NIFTY-I.NFO,13/03/2025,09:39:17,22537.85,22535.95,75,22537.85,75,75,17668575
NIFTY-I.NFO,13/03/2025,09:39:19,22535.95,22535,750,22538.85,225,375,17668575
NIFTY-I.NFO,13/03/2025,09:39:20,22540.3,22538.55,75,22540.2,225,1050,17668575
NIFTY-I.NFO,13/03/2025,09:39:22,22535.05,22535,750,22539.3,75,450,17668575
NIFTY-I.NFO,13/03/2025,09:39:23,22539.25,22535,750,22538.95,75,150,17668575
NIFTY-I.NFO,13/03/2025,09:39:25,22539.25,22535,750,22539,150,0,17668575
NIFTY-I.NFO,13/03/2025,09:39:27,22535,22535.05,75,22538.85,150,525,17668575
NIFTY-I.NFO,13/03/2025,09:39:28,22538.85,22535.1,675,22539.05,75,75,17668575
NIFTY-I.NFO,13/03/2025,09:39:30,22538.85,22535.15,150,22539.25,150,0,17668575
NIFTY-I.NFO,13/03/2025,09:39:32,22539.05,22535.1,450,22539.25,1050,75,17660625
NIFTY-I.NFO,13/03/2025,09:39:33,22535.1,22535.1,675,22539.2,75,150,17660625
NIFTY-I.NFO,13/03/2025,09:39:35,22535.1,22535.1,375,22538.7,75,75,17660625
NIFTY-I.NFO,13/03/2025,09:39:37,22535.1,22535.1,375,22538.35,75,0,17660625
NIFTY-I.NFO,13/03/2025,09:39:38,22538.35,22535.1,375,22538.35,75,75,17660625
NIFTY-I.NFO,13/03/2025,09:39:40,22538.55,22535.15,150,22538.7,75,150,17660625
NIFTY-I.NFO,13/03/2025,09:39:42,22538.55,22535.15,150,22538.55,75,0,17660625
NIFTY-I.NFO,13/03/2025,09:39:43,22535.2,22535.2,75,22538.6,75,150,17660625
NIFTY-I.NFO,13/03/2025,09:39:45,22538.55,22535.2,75,22537.95,75,75,17660625
NIFTY-I.NFO,13/03/2025,09:39:47,22538.55,22535.2,75,22537,150,0,17660625
NIFTY-I.NFO,13/03/2025,09:39:48,22537.05,22535.2,150,22536.8,150,450,17660625
NIFTY-I.NFO,13/03/2025,09:39:50,22537,22537,1425,22537.45,225,225,17660625
NIFTY-I.NFO,13/03/2025,09:39:52,22537.35,22537,1425,22538.05,225,75,17660625
NIFTY-I.NFO,13/03/2025,09:39:53,22537,22537.1,150,22537.15,75,975,17660625
NIFTY-I.NFO,13/03/2025,09:39:55,22537.1,22537.1,75,22537.15,75,300,17660625
NIFTY-I.NFO,13/03/2025,09:39:57,22537.1,22537.1,75,22538.15,75,225,17660625
NIFTY-I.NFO,13/03/2025,09:39:58,22538.15,22537,750,22538.55,1200,300,17660625
NIFTY-I.NFO,13/03/2025,09:40:00,22538.15,22537,825,22537.75,75,0,17660625
NIFTY-I.NFO,13/03/2025,09:40:01,22537,22537,675,22537.65,450,150,17660625
NIFTY-I.NFO,13/03/2025,09:40:03,22537,22537,375,22537.45,225,300,17660625
NIFTY-I.NFO,13/03/2025,09:40:05,22538.55,22537,1050,22538.55,975,525,17660625
NIFTY-I.NFO,13/03/2025,09:40:06,22537,22537,1125,22538.75,75,1125,17660625
NIFTY-I.NFO,13/03/2025,09:40:08,22537,22537.05,225,22537.25,225,0,17660625
NIFTY-I.NFO,13/03/2025,09:40:10,22535.1,22535,525,22536.05,75,3000,17660625
NIFTY-I.NFO,13/03/2025,09:40:11,22536.8,22535,450,22537.1,75,150,17660625
NIFTY-I.NFO,13/03/2025,09:40:13,22535,22535,300,22537.05,75,150,17660625
NIFTY-I.NFO,13/03/2025,09:40:16,22535,22535,375,22536.8,150,75,17660625
NIFTY-I.NFO,13/03/2025,09:40:18,22535,22535,225,22536.75,225,150,17660625
NIFTY-I.NFO,13/03/2025,09:40:20,22536.45,22535,150,22536.4,75,525,17660625
NIFTY-I.NFO,13/03/2025,09:40:21,22536.45,22535,150,22536.35,75,0,17660625
NIFTY-I.NFO,13/03/2025,09:40:23,22536.45,22535,150,22535.9,75,0,17660625
NIFTY-I.NFO,13/03/2025,09:40:25,22535.45,22533,75,22535.3,225,375,17660625
NIFTY-I.NFO,13/03/2025,09:40:26,22535.45,22533,75,22533.95,75,0,17660625
NIFTY-I.NFO,13/03/2025,09:40:28,22533,22532.9,75,22533.5,75,300,17660625
NIFTY-I.NFO,13/03/2025,09:40:30,22533.25,22532,975,22533.5,75,300,17660625
NIFTY-I.NFO,13/03/2025,09:40:31,22532,22532,900,22532.55,75,300,17660625
NIFTY-I.NFO,13/03/2025,09:40:33,22532,22532,675,22532.25,225,300,17660625
NIFTY-I.NFO,13/03/2025,09:40:35,22532,22532,450,22532.25,75,225,17660625
NIFTY-I.NFO,13/03/2025,09:40:36,22530,22526.6,225,22531.5,225,600,17660625
NIFTY-I.NFO,13/03/2025,09:40:38,22530.05,22525.1,75,22529.45,225,225,17660625
NIFTY-I.NFO,13/03/2025,09:40:39,22529.35,22525.05,75,22529.35,75,225,17660625
NIFTY-I.NFO,13/03/2025,09:40:41,22523.75,22523.3,150,22529,375,225,17660625
NIFTY-I.NFO,13/03/2025,09:40:43,22523.75,22525.15,150,22528.8,150,0,17660625
NIFTY-I.NFO,13/03/2025,09:40:44,22529.15,22526.75,300,22530,150,300,17660625
NIFTY-I.NFO,13/03/2025,09:40:46,22532,22528.85,75,22534.7,225,225,17660625
NIFTY-I.NFO,13/03/2025,09:40:48,22535,22532,75,22535.3,75,225,17660625
NIFTY-I.NFO,13/03/2025,09:40:49,22535,22535,375,22536,75,0,17660625
NIFTY-I.NFO,13/03/2025,09:40:51,22535,22535,225,22535.3,75,375,17660625
NIFTY-I.NFO,13/03/2025,09:40:53,22535,22535,75,22536,75,225,17660625
NIFTY-I.NFO,13/03/2025,09:40:54,22532.75,22532.05,375,22537,150,450,17660625
NIFTY-I.NFO,13/03/2025,09:40:56,22532.75,22532.55,150,22537,150,75,17660625
NIFTY-I.NFO,13/03/2025,09:40:58,22538,22533.8,900,22539,225,750,17660625
NIFTY-I.NFO,13/03/2025,09:40:59,22535,22533.8,375,22538.85,600,150,17660625
NIFTY-I.NFO,13/03/2025,09:41:01,22533.8,22533.8,225,22539,150,225,17660625
NIFTY-I.NFO,13/03/2025,09:41:03,22533.9,22538.8,75,22539,75,75,17660625
NIFTY-I.NFO,13/03/2025,09:41:04,22538.8,22535,75,22538.65,225,75,17660625
NIFTY-I.NFO,13/03/2025,09:41:06,22534,22533.75,75,22538.6,450,450,17660625
NIFTY-I.NFO,13/03/2025,09:41:08,22534,22533.9,150,22539,75,0,17660625
NIFTY-I.NFO,13/03/2025,09:41:09,22534,22533.9,600,22539,75,0,17660625
NIFTY-I.NFO,13/03/2025,09:41:11,22539.45,22534,375,22539.45,300,600,17660625
NIFTY-I.NFO,13/03/2025,09:41:13,22539.3,22534.05,150,22539.15,300,75,17660625
NIFTY-I.NFO,13/03/2025,09:41:14,22538.65,22538.65,300,22539,300,150,17660625
NIFTY-I.NFO,13/03/2025,09:41:16,22538.65,22538.65,75,22539,300,225,17660625
NIFTY-I.NFO,13/03/2025,09:41:18,22538.65,22538.65,150,22539,825,375,17660625
NIFTY-I.NFO,13/03/2025,09:41:19,22540,22538.65,150,22540,150,4275,17660625
NIFTY-I.NFO,13/03/2025,09:41:21,22539.4,22539.35,750,22542,75,1650,17660625
NIFTY-I.NFO,13/03/2025,09:41:23,22542,22540.3,225,22544.8,75,75,17660625
NIFTY-I.NFO,13/03/2025,09:41:24,22548.15,22547.5,75,22547.65,75,3900,17660625
NIFTY-I.NFO,13/03/2025,09:41:26,22548.25,22542.05,375,22547.8,75,1425,17660625
NIFTY-I.NFO,13/03/2025,09:41:28,22548,22542,150,22546.35,75,300,17660625
NIFTY-I.NFO,13/03/2025,09:41:29,22542,22539.05,225,22544.75,75,150,17660625
NIFTY-I.NFO,13/03/2025,09:41:31,22539.55,22538.65,150,22539.55,150,300,17660625
NIFTY-I.NFO,13/03/2025,09:41:33,22538.65,22538.65,900,22542,75,525,17660625
NIFTY-I.NFO,13/03/2025,09:41:34,22542,22539.1,150,22543.5,225,75,17660625
NIFTY-I.NFO,13/03/2025,09:41:36,22542,22539.25,375,22544.95,75,375,17660625
NIFTY-I.NFO,13/03/2025,09:41:38,22544.75,22540,375,22544.3,75,225,17660625
NIFTY-I.NFO,13/03/2025,09:41:39,22544.55,22540.05,225,22544.55,375,150,17660625
NIFTY-I.NFO,13/03/2025,09:41:41,22544.15,22542,75,22544.15,75,150,17660625
NIFTY-I.NFO,13/03/2025,09:41:42,22543.9,22542,300,22543.35,75,300,17660625
NIFTY-I.NFO,13/03/2025,09:41:44,22542,22542,225,22543.6,300,75,17660625
NIFTY-I.NFO,13/03/2025,09:41:46,22542,22542,225,22543.8,225,0,17660625
NIFTY-I.NFO,13/03/2025,09:41:47,22542,22542,225,22543.8,75,0,17660625
NIFTY-I.NFO,13/03/2025,09:41:49,22543.8,22543.8,150,22543.95,75,75,17660625
NIFTY-I.NFO,13/03/2025,09:41:51,22543.8,22543.9,75,22544.95,150,300,17660625
NIFTY-I.NFO,13/03/2025,09:41:52,22545.8,22544.75,150,22545.8,675,750,17660625
NIFTY-I.NFO,13/03/2025,09:41:54,22544.75,22544.75,75,22545.4,150,300,17660625
NIFTY-I.NFO,13/03/2025,09:41:56,22542,22542,600,22543.45,225,675,17660625
NIFTY-I.NFO,13/03/2025,09:41:57,22542,22542,675,22543.15,75,150,17660625
NIFTY-I.NFO,13/03/2025,09:41:59,22542,22542,525,22543.45,75,150,17660625
NIFTY-I.NFO,13/03/2025,09:42:01,22542.05,22543,75,22545,75,75,17660625
NIFTY-I.NFO,13/03/2025,09:42:02,22545,22543.65,150,22545.35,75,900,17660625
NIFTY-I.NFO,13/03/2025,09:42:04,22544.1,22543.85,75,22545.85,150,150,17660625
NIFTY-I.NFO,13/03/2025,09:42:06,22547.55,22545,75,22545.7,75,2550,17660625
NIFTY-I.NFO,13/03/2025,09:42:07,22543.65,22543.45,75,22545,75,450,17660625
NIFTY-I.NFO,13/03/2025,09:42:09,22543.45,22543.45,225,22543.65,75,150,17660625
NIFTY-I.NFO,13/03/2025,09:42:11,22543.75,22542.05,75,22543.45,75,825,17660625
NIFTY-I.NFO,13/03/2025,09:42:12,22540,22540,1200,22542,300,1425,17660625
NIFTY-I.NFO,13/03/2025,09:42:14,22540,22540,1125,22542,300,75,17660625
NIFTY-I.NFO,13/03/2025,09:42:16,22540,22540,1350,22542.2,150,450,17660625
NIFTY-I.NFO,13/03/2025,09:42:17,22540,22540,1350,22542.5,75,0,17660625
NIFTY-I.NFO,13/03/2025,09:42:19,22540,22540,1275,22541.95,75,75,17660625
NIFTY-I.NFO,13/03/2025,09:42:21,22540,22540,1200,22542.15,75,75,17660625
NIFTY-I.NFO,13/03/2025,09:42:22,22540,22540,1050,22541.55,75,150,17660625
NIFTY-I.NFO,13/03/2025,09:42:24,22540,22540,975,22541.5,75,75,17660625
NIFTY-I.NFO,13/03/2025,09:42:26,22540,22540,375,22540.05,75,1050,17660625
NIFTY-I.NFO,13/03/2025,09:42:27,22540,22540,150,22540.25,75,1050,17660625
NIFTY-I.NFO,13/03/2025,09:42:29,22540,22540,375,22540.05,675,900,17660625
NIFTY-I.NFO,13/03/2025,09:42:31,22540,22538,300,22539.95,75,12225,17660625
NIFTY-I.NFO,13/03/2025,09:42:32,22540,22540,300,22540.1,75,2775,17666775
NIFTY-I.NFO,13/03/2025,09:42:34,22540,22540,300,22540.2,75,750,17666775
NIFTY-I.NFO,13/03/2025,09:42:36,22540,22540,150,22540.75,75,150,17666775
NIFTY-I.NFO,13/03/2025,09:42:37,22540,22540,150,22542.3,75,0,17666775
NIFTY-I.NFO,13/03/2025,09:42:39,22540,22540,75,22541,75,150,17666775
NIFTY-I.NFO,13/03/2025,09:42:41,22540,22540,375,22540.55,75,75,17666775
NIFTY-I.NFO,13/03/2025,09:42:42,22540,22540,300,22542.1,225,75,17666775
NIFTY-I.NFO,13/03/2025,09:42:44,22540,22540,75,22542.35,150,225,17666775
NIFTY-I.NFO,13/03/2025,09:42:46,22542.05,22540,75,22542.35,225,150,17666775
NIFTY-I.NFO,13/03/2025,09:42:47,22540,22540,375,22542.45,75,75,17666775
NIFTY-I.NFO,13/03/2025,09:42:49,22540,22540,375,22542.45,75,0,17666775
NIFTY-I.NFO,13/03/2025,09:42:50,22540,22540,75,22540.7,75,300,17666775
NIFTY-I.NFO,13/03/2025,09:42:52,22540,22540,75,22540.1,150,2625,17666775
NIFTY-I.NFO,13/03/2025,09:42:54,22540,22535.75,75,22539,1875,450,17666775
NIFTY-I.NFO,13/03/2025,09:42:55,22535.75,22535.75,150,22539,1650,300,17666775
NIFTY-I.NFO,13/03/2025,09:42:57,22537.6,22535.75,150,22538.1,75,150,17666775
NIFTY-I.NFO,13/03/2025,09:42:59,22535.75,22535.75,75,22536.9,75,75,17666775
NIFTY-I.NFO,13/03/2025,09:43:00,22535.75,22535.75,150,22535.9,75,75,17666775
NIFTY-I.NFO,13/03/2025,09:43:02,22535.8,22535.05,75,22535.6,75,450,17666775
NIFTY-I.NFO,13/03/2025,09:43:04,22535,22535,375,22535.55,225,150,17666775
NIFTY-I.NFO,13/03/2025,09:43:05,22530.5,22530.25,375,22532.75,75,600,17666775
NIFTY-I.NFO,13/03/2025,09:43:07,22530.45,22530.7,525,22532.75,75,75,17666775
NIFTY-I.NFO,13/03/2025,09:43:09,22530.35,22531.35,300,22535.65,75,150,17666775
NIFTY-I.NFO,13/03/2025,09:43:10,22530.35,22531.5,300,22535.65,75,0,17666775
NIFTY-I.NFO,13/03/2025,09:43:12,22531.3,22531.5,150,22535,1500,1500,17666775
NIFTY-I.NFO,13/03/2025,09:43:14,22531.5,22531.5,75,22534.35,225,225,17666775
NIFTY-I.NFO,13/03/2025,09:43:15,22531.5,22531.5,150,22534.35,75,150,17666775
NIFTY-I.NFO,13/03/2025,09:43:17,22531.5,22532,75,22534.15,150,0,17666775
NIFTY-I.NFO,13/03/2025,09:43:19,22532,22532,150,22533.25,150,75,17666775
NIFTY-I.NFO,13/03/2025,09:43:20,22532,22532,75,22532.4,75,225,17666775
NIFTY-I.NFO,13/03/2025,09:43:22,22532.05,22531.5,75,22532.1,300,150,17666775
NIFTY-I.NFO,13/03/2025,09:43:24,22530.25,22530.05,225,22530.65,75,300,17666775
NIFTY-I.NFO,13/03/2025,09:43:25,22527,22526,150,22529.15,75,2400,17666775
NIFTY-I.NFO,13/03/2025,09:43:27,22527,22526,150,22526.85,75,0,17666775
NIFTY-I.NFO,13/03/2025,09:43:29,22527,22526,150,22526.6,75,0,17666775
NIFTY-I.NFO,13/03/2025,09:43:30,22527,22526,150,22526.15,75,0,17666775
NIFTY-I.NFO,13/03/2025,09:43:32,22526,22525.05,75,22526.15,75,150,17666775
NIFTY-I.NFO,13/03/2025,09:43:34,22525.5,22525.5,75,22527,75,225,17666775
NIFTY-I.NFO,13/03/2025,09:43:35,22527,22525.55,75,22528.85,75,75,17666775
NIFTY-I.NFO,13/03/2025,09:43:37,22527,22525.25,75,22530,150,375,17666775
NIFTY-I.NFO,13/03/2025,09:43:39,22525.65,22525.7,75,22529.65,375,75,17666775
NIFTY-I.NFO,13/03/2025,09:43:40,22530,22526.55,150,22530.15,75,450,17666775
NIFTY-I.NFO,13/03/2025,09:43:42,22530.85,22526.3,600,22531,75,75,17666775
NIFTY-I.NFO,13/03/2025,09:43:44,22531.6,22528.1,150,22532.1,75,300,17666775
NIFTY-I.NFO,13/03/2025,09:43:45,22533,22528.9,300,22533.2,75,75,17666775
NIFTY-I.NFO,13/03/2025,09:43:47,22533.35,22529.35,300,22533.55,75,300,17666775
NIFTY-I.NFO,13/03/2025,09:43:49,22533.35,22529.65,300,22533.55,75,0,17666775
NIFTY-I.NFO,13/03/2025,09:43:50,22533.35,22529.7,75,22532.2,75,0,17666775
NIFTY-I.NFO,13/03/2025,09:43:52,22533.35,22529.7,75,22531,150,0,17666775
NIFTY-I.NFO,13/03/2025,09:43:54,22533.35,22529.65,300,22530.8,375,0,17666775
NIFTY-I.NFO,13/03/2025,09:43:55,22529.65,22529.65,150,22529.95,75,300,17666775
NIFTY-I.NFO,13/03/2025,09:43:57,22530.65,22525.05,600,22530.65,75,2775,17666775
NIFTY-I.NFO,13/03/2025,09:43:59,22531.15,22530.8,375,22532.55,75,2775,17666775
NIFTY-I.NFO,13/03/2025,09:44:00,22532.55,22532.55,300,22533.9,150,1200,17666775
NIFTY-I.NFO,13/03/2025,09:44:02,22532.55,22532.55,225,22533.5,75,75,17666775
NIFTY-I.NFO,13/03/2025,09:44:04,22532.55,22532.55,225,22533.2,75,0,17666775
NIFTY-I.NFO,13/03/2025,09:44:05,22532.55,22532.55,225,22532.95,150,0,17666775
NIFTY-I.NFO,13/03/2025,09:44:07,22532.75,22532.55,375,22532.75,75,2550,17666775
NIFTY-I.NFO,13/03/2025,09:44:08,22533.1,22533,300,22533.35,75,900,17666775
NIFTY-I.NFO,13/03/2025,09:44:10,22533,22533,225,22535.95,75,3675,17666775
NIFTY-I.NFO,13/03/2025,09:44:12,22536.8,22534.4,525,22536.5,75,375,17666775
NIFTY-I.NFO,13/03/2025,09:44:13,22538,22535.95,525,22538.15,75,975,17666775
NIFTY-I.NFO,13/03/2025,09:44:15,22537,22537,375,22537.05,150,150,17666775
NIFTY-I.NFO,13/03/2025,09:44:17,22537.05,22535.95,525,22536.7,75,1650,17666775
NIFTY-I.NFO,13/03/2025,09:44:18,22534.4,22534.4,450,22535,75,600,17666775
NIFTY-I.NFO,13/03/2025,09:44:20,22534.8,22534.4,150,22534.5,75,825,17666775
NIFTY-I.NFO,13/03/2025,09:44:22,22535,22534.4,150,22536.5,75,225,17666775
NIFTY-I.NFO,13/03/2025,09:44:23,22535.9,22534.4,150,22535.15,225,75,17666775
NIFTY-I.NFO,13/03/2025,09:44:25,22535.1,22535,375,22535.75,225,1650,17666775
NIFTY-I.NFO,13/03/2025,09:44:27,22537.1,22535,300,22537.6,75,1200,17666775
NIFTY-I.NFO,13/03/2025,09:44:28,22537,22537,450,22540.4,75,2775,17666775
NIFTY-I.NFO,13/03/2025,09:44:30,22537,22537,225,22540.4,75,225,17666775
NIFTY-I.NFO,13/03/2025,09:44:32,22537,22536.55,300,22541.95,75,225,17666775
NIFTY-I.NFO,13/03/2025,09:44:33,22536.55,22536.3,150,22541.1,75,150,17666775
NIFTY-I.NFO,13/03/2025,09:44:35,22536.55,22536,150,22540.8,75,0,17666775
NIFTY-I.NFO,13/03/2025,09:44:37,22539,22535.8,300,22540.8,75,75,17666775
NIFTY-I.NFO,13/03/2025,09:44:38,22539,22536.55,300,22540.8,75,0,17666775
NIFTY-I.NFO,13/03/2025,09:44:40,22537.85,22537.85,300,22542.5,75,150,17666775
NIFTY-I.NFO,13/03/2025,09:44:42,22538.4,22539.8,300,22542.5,75,75,17666775
NIFTY-I.NFO,13/03/2025,09:44:43,22542.45,22541.75,75,22544.8,75,375,17666775
NIFTY-I.NFO,13/03/2025,09:44:45,22541.8,22540.2,150,22545,2250,450,17666775
NIFTY-I.NFO,13/03/2025,09:44:47,22543.45,22537.9,150,22543.2,525,975,17666775
NIFTY-I.NFO,13/03/2025,09:44:48,22543.45,22537.6,150,22542.05,150,0,17666775
NIFTY-I.NFO,13/03/2025,09:44:50,22540,22540,225,22541.55,75,150,17666775
NIFTY-I.NFO,13/03/2025,09:44:52,22540,22540,75,22540.55,75,675,17666775
NIFTY-I.NFO,13/03/2025,09:44:53,22540,22540,225,22541.2,75,225,17666775
NIFTY-I.NFO,13/03/2025,09:44:55,22540,22540,300,22541.4,150,225,17666775
NIFTY-I.NFO,13/03/2025,09:44:57,22540,22540,525,22541.25,150,150,17666775
NIFTY-I.NFO,13/03/2025,09:44:58,22540,22540,375,22541.25,75,150,17666775
NIFTY-I.NFO,13/03/2025,09:45:00,22540,22540,600,22541.8,75,375,17666775
NIFTY-I.NFO,13/03/2025,09:45:02,22540,22540,600,22541.6,75,750,17666775
NIFTY-I.NFO,13/03/2025,09:45:03,22542.3,22540,675,22542.35,75,225,17666775
NIFTY-I.NFO,13/03/2025,09:45:05,22540,22540,450,22542.75,150,600,17666775
NIFTY-I.NFO,13/03/2025,09:45:07,22542.35,22540,300,22542.55,75,225,17666775
NIFTY-I.NFO,13/03/2025,09:45:08,22542.35,22540,300,22542.9,375,0,17666775
NIFTY-I.NFO,13/03/2025,09:45:10,22542.35,22540,300,22544,150,0,17666775
NIFTY-I.NFO,13/03/2025,09:45:12,22542.35,22540,300,22543.9,150,0,17666775
NIFTY-I.NFO,13/03/2025,09:45:13,22544,22540,375,22544,75,1650,17666775
NIFTY-I.NFO,13/03/2025,09:45:15,22542.35,22540,300,22544.15,225,225,17666775
NIFTY-I.NFO,13/03/2025,09:45:17,22543.9,22540.65,75,22544,75,75,17666775
NIFTY-I.NFO,13/03/2025,09:45:18,22545.65,22540.85,450,22545.65,75,2475,17666775
NIFTY-I.NFO,13/03/2025,09:45:20,22542.35,22544,75,22546,300,75,17666775
NIFTY-I.NFO,13/03/2025,09:45:22,22542.35,22544,75,22546,300,0,17666775
NIFTY-I.NFO,13/03/2025,09:45:23,22541.75,22544,150,22545,225,300,17666775
NIFTY-I.NFO,13/03/2025,09:45:25,22543.85,22540,375,22543.8,75,750,17666775
NIFTY-I.NFO,13/03/2025,09:45:27,22540,22540,300,22543.75,150,75,17666775
NIFTY-I.NFO,13/03/2025,09:45:28,22543.7,22540.55,150,22544,150,150,17666775
NIFTY-I.NFO,13/03/2025,09:45:30,22540,22540,450,22543.35,75,300,17666775
NIFTY-I.NFO,13/03/2025,09:45:32,22540,22540,750,22541.75,75,75,17698800
NIFTY-I.NFO,13/03/2025,09:45:33,22540,22540,675,22541.75,75,75,17698800
NIFTY-I.NFO,13/03/2025,09:45:35,22541.75,22540,675,22543.5,75,75,17698800
NIFTY-I.NFO,13/03/2025,09:45:37,22543.5,22540.05,225,22543.7,750,150,17698800
NIFTY-I.NFO,13/03/2025,09:45:38,22543.5,22540.05,225,22543.7,750,0,17698800
NIFTY-I.NFO,13/03/2025,09:45:40,22540.05,22540.1,75,22543.7,825,75,17698800
NIFTY-I.NFO,13/03/2025,09:45:42,22540.05,22540.1,225,22543.65,75,0,17698800
NIFTY-I.NFO,13/03/2025,09:45:43,22540.1,22540.1,75,22543.65,75,150,17698800
NIFTY-I.NFO,13/03/2025,09:45:45,22540.1,22540.1,75,22543.65,75,0,17698800
NIFTY-I.NFO,13/03/2025,09:45:47,22543.7,22543.65,1125,22543.7,675,450,17698800
NIFTY-I.NFO,13/03/2025,09:45:48,22543.65,22543.65,900,22543.7,675,450,17698800
NIFTY-I.NFO,13/03/2025,09:45:50,22540,22540,150,22543.35,225,1200,17698800
NIFTY-I.NFO,13/03/2025,09:45:52,22540,22540,225,22542.45,75,75,17698800
NIFTY-I.NFO,13/03/2025,09:45:53,22542.05,22540,225,22542.05,75,150,17698800
NIFTY-I.NFO,13/03/2025,09:45:55,22540,22540,225,22540.05,75,450,17698800
NIFTY-I.NFO,13/03/2025,09:45:57,22540,22540,150,22540.1,75,450,17698800
NIFTY-I.NFO,13/03/2025,09:45:58,22540.1,22540,300,22540.1,75,1125,17698800
NIFTY-I.NFO,13/03/2025,09:46:00,22541.5,22540,300,22541.9,75,300,17698800
NIFTY-I.NFO,13/03/2025,09:46:02,22540,22540,225,22541.2,75,150,17698800
NIFTY-I.NFO,13/03/2025,09:46:03,22541.15,22535.1,300,22540.8,225,450,17698800
NIFTY-I.NFO,13/03/2025,09:46:05,22535,22534.2,150,22539.75,225,150,17698800
NIFTY-I.NFO,13/03/2025,09:46:07,22535,22535.2,150,22540.85,525,0,17698800
NIFTY-I.NFO,13/03/2025,09:46:08,22535,22535.25,300,22540.25,75,0,17698800
NIFTY-I.NFO,13/03/2025,09:46:10,22540.85,22535.25,150,22541.4,375,525,17698800
NIFTY-I.NFO,13/03/2025,09:46:12,22540.1,22535.25,150,22540.35,75,75,17698800
NIFTY-I.NFO,13/03/2025,09:46:13,22535.25,22535.25,75,22540,750,75,17698800
NIFTY-I.NFO,13/03/2025,09:46:15,22539.95,22535.25,75,22539.95,75,150,17698800
NIFTY-I.NFO,13/03/2025,09:46:17,22539.95,22535.25,225,22540,750,0,17698800
NIFTY-I.NFO,13/03/2025,09:46:18,22535.25,22535,75,22539.6,75,75,17698800
NIFTY-I.NFO,13/03/2025,09:46:20,22535,22532.8,150,22538.4,150,75,17698800
NIFTY-I.NFO,13/03/2025,09:46:22,22535,22532.5,225,22537.95,75,0,17698800
NIFTY-I.NFO,13/03/2025,09:46:23,22535,22532.65,375,22537.95,75,0,17698800
NIFTY-I.NFO,13/03/2025,09:46:25,22532.7,22533.2,150,22537.95,75,300,17698800
NIFTY-I.NFO,13/03/2025,09:46:27,22533.5,22532.55,300,22537.95,75,150,17698800
NIFTY-I.NFO,13/03/2025,09:46:28,22532.15,22532.05,75,22537.9,75,300,17698800
NIFTY-I.NFO,13/03/2025,09:46:30,22535,22531.55,75,22537.8,75,150,17698800
NIFTY-I.NFO,13/03/2025,09:46:32,22531.45,22531.45,225,22537.15,150,825,17698800
NIFTY-I.NFO,13/03/2025,09:46:33,22531.45,22534,75,22535.2,150,0,17698800
NIFTY-I.NFO,13/03/2025,09:46:35,22534.55,22528.65,75,22534.15,150,1800,17698800
NIFTY-I.NFO,13/03/2025,09:46:37,22534.55,22528.65,75,22534.05,150,0,17698800
NIFTY-I.NFO,13/03/2025,09:46:38,22526,22526.15,75,22532.35,150,225,17698800
NIFTY-I.NFO,13/03/2025,09:46:40,22526,22526.55,75,22531.95,300,0,17698800
NIFTY-I.NFO,13/03/2025,09:46:42,22532.1,22526.1,150,22531.7,150,375,17698800
NIFTY-I.NFO,13/03/2025,09:46:43,22532.1,22527.05,150,22532.35,75,375,17698800
NIFTY-I.NFO,13/03/2025,09:46:45,22527.45,22525.95,75,22532,375,450,17698800
NIFTY-I.NFO,13/03/2025,09:46:46,22525.1,22525.1,225,22531.1,300,675,17698800
NIFTY-I.NFO,13/03/2025,09:46:48,22531.45,22525.5,300,22531.4,75,375,17698800
NIFTY-I.NFO,13/03/2025,09:46:50,22531.45,22526.55,300,22532.9,75,0,17698800
NIFTY-I.NFO,13/03/2025,09:46:51,22526.4,22527.25,225,22532.95,150,225,17698800
NIFTY-I.NFO,13/03/2025,09:46:53,22526.85,22526.95,450,22531.45,75,300,17698800
NIFTY-I.NFO,13/03/2025,09:46:55,22526.85,22525.3,300,22531.3,300,0,17698800
NIFTY-I.NFO,13/03/2025,09:46:56,22526.85,22528,75,22530,150,0,17698800
NIFTY-I.NFO,13/03/2025,09:46:58,22525,22525.55,600,22530,150,450,17698800
NIFTY-I.NFO,13/03/2025,09:47:00,22525,22526.3,150,22530,150,0,17698800
NIFTY-I.NFO,13/03/2025,09:47:01,22530,22526,150,22530,75,75,17698800
NIFTY-I.NFO,13/03/2025,09:47:03,22529.2,22525,300,22529.5,150,75,17698800
NIFTY-I.NFO,13/03/2025,09:47:05,22529.35,22523.55,150,22529.4,150,750,17698800
NIFTY-I.NFO,13/03/2025,09:47:06,22524.3,22524.6,300,22530,75,75,17698800
NIFTY-I.NFO,13/03/2025,09:47:08,22530,22526.45,300,22531.45,150,1650,17698800
NIFTY-I.NFO,13/03/2025,09:47:10,22530,22527.45,600,22531.45,150,0,17698800
NIFTY-I.NFO,13/03/2025,09:47:11,22531.45,22528.05,675,22531.45,75,75,17698800
NIFTY-I.NFO,13/03/2025,09:47:13,22528.15,22528.25,150,22533.95,150,300,17698800
NIFTY-I.NFO,13/03/2025,09:47:15,22529.4,22529.4,150,22535.4,300,825,17698800
NIFTY-I.NFO,13/03/2025,09:47:16,22529.45,22530,75,22535.55,150,1275,17698800
NIFTY-I.NFO,13/03/2025,09:47:18,22537.15,22530.75,150,22537.2,75,450,17698800
NIFTY-I.NFO,13/03/2025,09:47:20,22537.15,22533.3,300,22538,75,0,17698800
NIFTY-I.NFO,13/03/2025,09:47:21,22537.15,22533.35,375,22538,75,0,17698800
NIFTY-I.NFO,13/03/2025,09:47:23,22533.5,22533.35,75,22538,75,300,17698800
NIFTY-I.NFO,13/03/2025,09:47:25,22533.4,22533.75,150,22538,75,75,17698800
NIFTY-I.NFO,13/03/2025,09:47:26,22533.4,22533.8,150,22538,75,0,17698800
NIFTY-I.NFO,13/03/2025,09:47:28,22540,22534.5,75,22539.95,150,150,17698800
NIFTY-I.NFO,13/03/2025,09:47:30,22534.5,22538,75,22540,450,75,17698800
NIFTY-I.NFO,13/03/2025,09:47:31,22540,22538,150,22540,225,150,17698800
NIFTY-I.NFO,13/03/2025,09:47:33,22540.2,22538,150,22541.95,150,375,17698800
NIFTY-I.NFO,13/03/2025,09:47:35,22538,22538.1,150,22542,1875,450,17698800
NIFTY-I.NFO,13/03/2025,09:47:36,22538,22538.1,75,22542,1875,0,17698800
NIFTY-I.NFO,13/03/2025,09:47:38,22544.55,22538.55,300,22543.95,75,3600,17698800
NIFTY-I.NFO,13/03/2025,09:47:40,22543.85,22538.6,225,22544.1,75,225,17698800
NIFTY-I.NFO,13/03/2025,09:47:41,22538.8,22539.15,150,22544.1,75,75,17698800
NIFTY-I.NFO,13/03/2025,09:47:43,22538.8,22539.2,150,22544.7,75,0,17698800
NIFTY-I.NFO,13/03/2025,09:47:45,22539.25,22539.25,300,22544.15,75,225,17698800
NIFTY-I.NFO,13/03/2025,09:47:46,22539.25,22539.5,150,22544.15,75,0,17698800
NIFTY-I.NFO,13/03/2025,09:47:48,22544.15,22539.55,75,22544.45,75,75,17698800
NIFTY-I.NFO,13/03/2025,09:47:50,22544.15,22540,75,22544,75,0,17698800
NIFTY-I.NFO,13/03/2025,09:47:51,22544.15,22540,150,22544.75,150,0,17698800
NIFTY-I.NFO,13/03/2025,09:47:53,22544.75,22540,450,22544.3,75,825,17698800
NIFTY-I.NFO,13/03/2025,09:47:55,22540,22540,375,22544,75,150,17698800
NIFTY-I.NFO,13/03/2025,09:47:56,22540,22540,375,22544,75,0,17698800
NIFTY-I.NFO,13/03/2025,09:47:58,22540,22540,225,22544,75,150,17698800
NIFTY-I.NFO,13/03/2025,09:48:00,22540,22540,75,22544,375,150,17698800
NIFTY-I.NFO,13/03/2025,09:48:01,22544,22540.65,750,22544.15,75,300,17698800
NIFTY-I.NFO,13/03/2025,09:48:03,22545,22544.5,150,22547,75,750,17698800
NIFTY-I.NFO,13/03/2025,09:48:05,22544.15,22544.35,300,22549,3600,675,17698800
NIFTY-I.NFO,13/03/2025,09:48:06,22545,22544.2,300,22549,3300,375,17698800
NIFTY-I.NFO,13/03/2025,09:48:08,22548.8,22544.15,75,22549,3300,450,17698800
NIFTY-I.NFO,13/03/2025,09:48:10,22548,22543.55,675,22549,3300,300,17698800
NIFTY-I.NFO,13/03/2025,09:48:11,22549,22543.5,375,22548.95,75,150,17698800
NIFTY-I.NFO,13/03/2025,09:48:13,22548.95,22543.45,300,22549,3225,1050,17698800
NIFTY-I.NFO,13/03/2025,09:48:15,22547.45,22543.75,150,22547.45,75,150,17698800
NIFTY-I.NFO,13/03/2025,09:48:16,22547.35,22543.75,150,22547,75,150,17698800
NIFTY-I.NFO,13/03/2025,09:48:18,22546.95,22540.65,450,22547,450,1650,17698800
NIFTY-I.NFO,13/03/2025,09:48:20,22546.95,22540.6,450,22546.9,225,0,17698800
NIFTY-I.NFO,13/03/2025,09:48:21,22547,22545,375,22547,75,150,17698800
NIFTY-I.NFO,13/03/2025,09:48:23,22545,22545,375,22547,225,450,17698800
NIFTY-I.NFO,13/03/2025,09:48:25,22545,22545,150,22546.45,75,1050,17698800
NIFTY-I.NFO,13/03/2025,09:48:26,22540.4,22540.3,450,22545.65,75,300,17698800
NIFTY-I.NFO,13/03/2025,09:48:28,22545.45,22539.95,450,22545.15,75,150,17698800
NIFTY-I.NFO,13/03/2025,09:48:30,22545,22540.8,150,22546.1,150,225,17698800
NIFTY-I.NFO,13/03/2025,09:48:31,22540.95,22541.65,300,22545.45,150,225,17698800
NIFTY-I.NFO,13/03/2025,09:48:33,22545.45,22540.7,300,22546.75,75,150,17698800
NIFTY-I.NFO,13/03/2025,09:48:35,22545.45,22541.3,225,22546.75,75,0,17701275
NIFTY-I.NFO,13/03/2025,09:48:36,22541.3,22541.35,750,22546.55,75,75,17701275
NIFTY-I.NFO,13/03/2025,09:48:38,22545.65,22543.15,75,22546.55,75,75,17701275
NIFTY-I.NFO,13/03/2025,09:48:40,22547.55,22543.2,375,22547.6,75,1050,17701275
NIFTY-I.NFO,13/03/2025,09:48:41,22546.65,22543.2,525,22546.45,75,225,17701275
NIFTY-I.NFO,13/03/2025,09:48:43,22546.75,22543.25,225,22546.75,75,1650,17701275
NIFTY-I.NFO,13/03/2025,09:48:45,22546.75,22543.3,75,22546.75,75,0,17701275
NIFTY-I.NFO,13/03/2025,09:48:46,22548,22543.3,225,22548.05,150,300,17701275
NIFTY-I.NFO,13/03/2025,09:48:48,22548,22543.4,225,22547.2,75,0,17701275
NIFTY-I.NFO,13/03/2025,09:48:50,22547.25,22543.4,450,22546.8,75,150,17701275
NIFTY-I.NFO,13/03/2025,09:48:51,22545,22543.5,225,22546.85,75,150,17701275
NIFTY-I.NFO,13/03/2025,09:48:53,22546.75,22543.5,225,22546.6,75,300,17701275
NIFTY-I.NFO,13/03/2025,09:48:55,22546.75,22543.5,225,22546.6,75,0,17701275
NIFTY-I.NFO,13/03/2025,09:48:56,22546.6,22543.55,225,22546.7,75,150,17701275
NIFTY-I.NFO,13/03/2025,09:48:58,22546.6,22543.55,750,22547.2,75,0,17701275
NIFTY-I.NFO,13/03/2025,09:49:00,22543.6,22543.85,375,22548.25,75,600,17701275
NIFTY-I.NFO,13/03/2025,09:49:01,22548.4,22544.25,675,22548.85,75,150,17701275
NIFTY-I.NFO,13/03/2025,09:49:03,22544.6,22544.6,300,22548.85,75,300,17701275
NIFTY-I.NFO,13/03/2025,09:49:05,22549.95,22547.55,225,22549.95,150,4350,17701275
NIFTY-I.NFO,13/03/2025,09:49:06,22550.3,22550.9,225,22554.8,150,5400,17701275
NIFTY-I.NFO,13/03/2025,09:49:08,22556,22555.45,150,22555.85,75,5475,17701275
NIFTY-I.NFO,13/03/2025,09:49:10,22555.25,22550.9,75,22555.25,150,2025,17701275
NIFTY-I.NFO,13/03/2025,09:49:11,22554.45,22551,150,22554.3,75,75,17701275
NIFTY-I.NFO,13/03/2025,09:49:13,22554.95,22550.3,375,22555,75,375,17701275
NIFTY-I.NFO,13/03/2025,09:49:15,22550.35,22552,75,22555,75,225,17701275
NIFTY-I.NFO,13/03/2025,09:49:16,22555,22552.05,150,22555.6,75,300,17701275
NIFTY-I.NFO,13/03/2025,09:49:18,22555,22553.25,75,22556.8,75,375,17701275
NIFTY-I.NFO,13/03/2025,09:49:20,22558.35,22554.25,300,22557.95,75,1200,17701275
NIFTY-I.NFO,13/03/2025,09:49:21,22556.75,22552.1,375,22556.4,75,375,17701275
NIFTY-I.NFO,13/03/2025,09:49:23,22555,22552.2,300,22555.15,75,375,17701275
NIFTY-I.NFO,13/03/2025,09:49:25,22553.6,22553,75,22553.75,150,150,17701275
NIFTY-I.NFO,13/03/2025,09:49:26,22553.1,22553.1,75,22553.2,75,300,17701275
NIFTY-I.NFO,13/03/2025,09:49:28,22553.1,22553.05,225,22553.2,75,825,17701275
NIFTY-I.NFO,13/03/2025,09:49:30,22554.5,22553.1,75,22554.75,150,300,17701275
NIFTY-I.NFO,13/03/2025,09:49:31,22555,22553.05,75,22555,75,225,17701275
NIFTY-I.NFO,13/03/2025,09:49:33,22553,22553.1,225,22554,75,150,17701275
NIFTY-I.NFO,13/03/2025,09:49:35,22553,22552.2,150,22552.9,75,1200,17701275
NIFTY-I.NFO,13/03/2025,09:49:36,22552.15,22552.1,225,22552.35,300,375,17701275
NIFTY-I.NFO,13/03/2025,09:49:38,22552.15,22552.1,225,22552.35,150,0,17701275
NIFTY-I.NFO,13/03/2025,09:49:39,22552.45,22550.3,375,22552.35,150,975,17701275
NIFTY-I.NFO,13/03/2025,09:49:41,22552.25,22550.3,300,22552.4,150,225,17701275
NIFTY-I.NFO,13/03/2025,09:49:43,22552.25,22550.3,300,22552.25,75,0,17701275
NIFTY-I.NFO,13/03/2025,09:49:45,22552.25,22550.3,300,22551.25,75,0,17701275
NIFTY-I.NFO,13/03/2025,09:49:46,22550.3,22550.3,225,22551.25,75,75,17701275
NIFTY-I.NFO,13/03/2025,09:49:48,22550.3,22550.3,225,22550.85,75,0,17701275
NIFTY-I.NFO,13/03/2025,09:49:50,22550,22545.05,300,22550.45,150,300,17701275
NIFTY-I.NFO,13/03/2025,09:49:51,22545.05,22545.05,300,22549.7,75,225,17701275
NIFTY-I.NFO,13/03/2025,09:49:53,22545.05,22545,75,22549.2,150,0,17701275
NIFTY-I.NFO,13/03/2025,09:49:55,22545,22543.65,600,22544.9,75,375,17701275
NIFTY-I.NFO,13/03/2025,09:49:56,22544.3,22543.25,300,22549.3,75,150,17701275
NIFTY-I.NFO,13/03/2025,09:49:58,22548.6,22545.05,75,22547.8,300,75,17701275
NIFTY-I.NFO,13/03/2025,09:50:00,22545.05,22544.9,75,22547.3,375,75,17701275
NIFTY-I.NFO,13/03/2025,09:50:01,22546.25,22544.9,150,22546.15,75,150,17701275
NIFTY-I.NFO,13/03/2025,09:50:03,22543,22544,75,22546.15,75,375,17701275
NIFTY-I.NFO,13/03/2025,09:50:05,22544,22540.75,300,22546.6,75,150,17701275
NIFTY-I.NFO,13/03/2025,09:50:06,22545,22544.9,75,22546.25,150,75,17701275
NIFTY-I.NFO,13/03/2025,09:50:08,22545.45,22543,75,22545.2,150,375,17701275
NIFTY-I.NFO,13/03/2025,09:50:10,22545.45,22543,75,22543.6,150,0,17701275
NIFTY-I.NFO,13/03/2025,09:50:11,22541.75,22540,225,22542.45,150,450,17701275
NIFTY-I.NFO,13/03/2025,09:50:13,22541.75,22540,225,22542.1,225,0,17701275
NIFTY-I.NFO,13/03/2025,09:50:15,22542.55,22540,150,22543.1,75,150,17701275
NIFTY-I.NFO,13/03/2025,09:50:16,22542.55,22540,150,22543.65,225,0,17701275
NIFTY-I.NFO,13/03/2025,09:50:18,22537.15,22537.15,225,22542.3,300,300,17701275
NIFTY-I.NFO,13/03/2025,09:50:20,22541.8,22537.15,75,22540.8,75,225,17701275
NIFTY-I.NFO,13/03/2025,09:50:21,22540.8,22537.15,75,22541.15,300,75,17701275
NIFTY-I.NFO,13/03/2025,09:50:23,22540.8,22537.15,75,22539,150,0,17701275
NIFTY-I.NFO,13/03/2025,09:50:25,22539,22537.7,900,22541.8,75,150,17701275
NIFTY-I.NFO,13/03/2025,09:50:26,22538,22538,525,22541.8,75,150,17701275
NIFTY-I.NFO,13/03/2025,09:50:28,22540.8,22538.45,825,22541.8,75,150,17701275
NIFTY-I.NFO,13/03/2025,09:50:30,22543.65,22537.8,375,22543.9,225,150,17701275
