Ticker,Date,Time,LTP,BuyPrice,BuyQty,SellPrice,SellQty,LTQ,OpenInterest
BANKNIFTY-II.NFO,01/07/2024,09:15:01,52693.9,52635.3,60,52707.8,60,45,273450
BANKNIFTY-II.NFO,01/07/2024,09:15:01,52693.85,52635.3,60,52707.8,60,0,273450
BANKNIFTY-II.NFO,01/07/2024,09:15:01,52693.9,52635.3,60,52707.8,60,0,273450
BANKNIFTY-II.NFO,01/07/2024,09:15:01,52693.85,52635.3,60,52707.8,60,0,273450
BANKNIFTY-II.NFO,01/07/2024,09:15:03,52693.85,52625.5,60,52655,60,0,273450
BANKNIFTY-II.NFO,01/07/2024,09:15:05,52693.85,52600,15,52627.05,60,0,273450
BANKNIFTY-II.NFO,01/07/2024,09:15:06,52627.05,52594.65,60,52627.1,30,75,273450
BANKNIFTY-II.NFO,01/07/2024,09:15:06,52600,52594.65,60,52627.1,30,0,273450
BANKNIFTY-II.NFO,01/07/2024,09:15:08,52635.1,52602.1,60,52635.3,15,15,273450
BANKNIFTY-II.NFO,01/07/2024,09:15:09,52635.3,52608.5,60,52640.8,30,15,273450
BANKNIFTY-II.NFO,01/07/2024,09:15:11,52671.05,52615.9,60,52658.95,30,15,273450
BANKNIFTY-II.NFO,01/07/2024,09:15:12,52616.1,52616.1,60,52653,15,15,273450
BANKNIFTY-II.NFO,01/07/2024,09:15:14,52616.1,52635.3,15,52646.1,45,0,273450
BANKNIFTY-II.NFO,01/07/2024,09:15:16,52646.05,52635.3,15,52656.25,30,30,273450
BANKNIFTY-II.NFO,01/07/2024,09:15:17,52654.4,52635.3,15,52648.05,150,15,273420
BANKNIFTY-II.NFO,01/07/2024,09:15:19,52635.3,52616.1,30,52634.75,300,15,273420
BANKNIFTY-II.NFO,01/07/2024,09:15:20,52589.5,52582,60,52590,15,60,273420
BANKNIFTY-II.NFO,01/07/2024,09:15:20,52589.5,52582,60,52590,15,0,273420
BANKNIFTY-II.NFO,01/07/2024,09:15:22,52580,52580.05,30,52589.95,15,420,273420
BANKNIFTY-II.NFO,01/07/2024,09:15:22,52580,52580.05,30,52589.95,15,0,273420
BANKNIFTY-II.NFO,01/07/2024,09:15:24,52580.05,52580.05,15,52599.15,60,30,273420
BANKNIFTY-II.NFO,01/07/2024,09:15:25,52580.05,52580.05,15,52596.65,15,0,273420
BANKNIFTY-II.NFO,01/07/2024,09:15:27,52580.05,52587.05,45,52614.05,60,0,273420
BANKNIFTY-II.NFO,01/07/2024,09:15:29,52580.05,52589.65,15,52617.75,60,0,273420
BANKNIFTY-II.NFO,01/07/2024,09:15:30,52580.05,52583.1,15,52612.05,60,0,273420
BANKNIFTY-II.NFO,01/07/2024,09:15:32,52583.85,52580.5,30,52615.25,60,15,273420
BANKNIFTY-II.NFO,01/07/2024,09:15:33,52583.85,52587.95,150,52615,60,0,273420
BANKNIFTY-II.NFO,01/07/2024,09:15:35,52615.1,52608.6,60,52625.1,60,135,273420
BANKNIFTY-II.NFO,01/07/2024,09:15:37,52608.6,52608.6,45,52624.8,75,15,273420
BANKNIFTY-II.NFO,01/07/2024,09:15:38,52608.6,52608.6,45,52633.45,75,0,273420
BANKNIFTY-II.NFO,01/07/2024,09:15:40,52608.6,52608.6,45,52629.25,75,0,273420
BANKNIFTY-II.NFO,01/07/2024,09:15:42,52629.25,52608.6,60,52624.2,60,15,273420
BANKNIFTY-II.NFO,01/07/2024,09:15:43,52608.6,52586.75,60,52612.75,60,30,273420
BANKNIFTY-II.NFO,01/07/2024,09:15:45,52612.75,52580.05,60,52597.45,45,15,273420
BANKNIFTY-II.NFO,01/07/2024,09:15:47,52580,52580,15,52580.9,45,45,273420
BANKNIFTY-II.NFO,01/07/2024,09:15:48,52575,52557.8,90,52578.6,30,30,273420
BANKNIFTY-II.NFO,01/07/2024,09:15:48,52575,52557.8,90,52578.6,30,0,273420
BANKNIFTY-II.NFO,01/07/2024,09:15:50,52557.75,52557.75,60,52584.1,45,45,273420
BANKNIFTY-II.NFO,01/07/2024,09:15:50,52557.75,52557.75,60,52584.1,45,0,273420
BANKNIFTY-II.NFO,01/07/2024,09:15:51,52558.95,52563.65,45,52589.6,60,30,273420
BANKNIFTY-II.NFO,01/07/2024,09:15:53,52590.35,52561.75,60,52590.35,60,15,273420
BANKNIFTY-II.NFO,01/07/2024,09:15:55,52590.35,52558.45,60,52580.25,60,0,273420
BANKNIFTY-II.NFO,01/07/2024,09:15:56,52579.25,52555,15,52568.95,30,45,273420
BANKNIFTY-II.NFO,01/07/2024,09:15:58,52579.25,52555.05,75,52572,15,0,273420
BANKNIFTY-II.NFO,01/07/2024,09:16:00,52572,52560.15,60,52579.6,15,15,273420
BANKNIFTY-II.NFO,01/07/2024,09:16:01,52571.2,52560.1,30,52569.35,150,15,273420
BANKNIFTY-II.NFO,01/07/2024,09:16:03,52571.2,52560.15,60,52582.55,15,0,273420
BANKNIFTY-II.NFO,01/07/2024,09:16:05,52571.2,52560.15,75,52575.7,15,0,273420
BANKNIFTY-II.NFO,01/07/2024,09:16:06,52571.2,52560.1,15,52571.35,15,15,273420
BANKNIFTY-II.NFO,01/07/2024,09:16:08,52571.2,52560.1,15,52567.55,15,0,273420
BANKNIFTY-II.NFO,01/07/2024,09:16:09,52555,52551.65,60,52576.85,15,30,273420
BANKNIFTY-II.NFO,01/07/2024,09:16:09,52555,52551.65,60,52576.85,15,0,273420
BANKNIFTY-II.NFO,01/07/2024,09:16:11,52576.85,52554.75,60,52576.7,165,15,273420
BANKNIFTY-II.NFO,01/07/2024,09:16:13,52551.1,52551.1,60,52569,45,45,273420
BANKNIFTY-II.NFO,01/07/2024,09:16:13,52551.1,52551.1,60,52569,45,0,273420
BANKNIFTY-II.NFO,01/07/2024,09:16:14,52551.1,52551.1,60,52571,60,0,273420
BANKNIFTY-II.NFO,01/07/2024,09:16:16,52562.85,52559.1,45,52585,60,90,273420
BANKNIFTY-II.NFO,01/07/2024,09:16:18,52559.1,52553.25,15,52577.55,75,15,273420
BANKNIFTY-II.NFO,01/07/2024,09:16:19,52551.1,52551,15,52569.1,60,60,273420
BANKNIFTY-II.NFO,01/07/2024,09:16:21,52576.85,52553.4,15,52579.3,60,15,273420
BANKNIFTY-II.NFO,01/07/2024,09:16:23,52576.9,52553.75,60,52579.2,60,15,273420
BANKNIFTY-II.NFO,01/07/2024,09:16:24,52576.9,52557.9,60,52581.95,60,0,273420
BANKNIFTY-II.NFO,01/07/2024,09:16:26,52576.9,52560.7,60,52585.85,60,0,273420
BANKNIFTY-II.NFO,01/07/2024,09:16:28,52576.9,52576.9,15,52589.4,60,0,273420
BANKNIFTY-II.NFO,01/07/2024,09:16:29,52576.9,52576.9,15,52588.7,60,0,273420
BANKNIFTY-II.NFO,01/07/2024,09:16:31,52576.9,52567.05,30,52589.95,60,15,273420
BANKNIFTY-II.NFO,01/07/2024,09:16:33,52576.9,52565.35,30,52589.75,60,0,273420
BANKNIFTY-II.NFO,01/07/2024,09:16:34,52576.9,52573.3,45,52590,15,0,273420
BANKNIFTY-II.NFO,01/07/2024,09:16:36,52576.9,52576.95,30,52589.95,60,0,273420
BANKNIFTY-II.NFO,01/07/2024,09:16:38,52576.9,52576.9,60,52589.95,60,0,273420
BANKNIFTY-II.NFO,01/07/2024,09:16:39,52576.9,52576.9,45,52589.95,75,30,273420
BANKNIFTY-II.NFO,01/07/2024,09:16:41,52576.9,52576.9,45,52589.95,60,0,273420
BANKNIFTY-II.NFO,01/07/2024,09:16:42,52590,52589.95,225,52597.8,15,105,273420
BANKNIFTY-II.NFO,01/07/2024,09:16:44,52590,52590,60,52607,15,0,273420
BANKNIFTY-II.NFO,01/07/2024,09:16:46,52589.95,52589.95,195,52601.5,15,30,273420
BANKNIFTY-II.NFO,01/07/2024,09:16:47,52589.95,52589.95,180,52597.3,150,0,273420
BANKNIFTY-II.NFO,01/07/2024,09:16:49,52589.95,52589.95,120,52595.15,15,75,273420
BANKNIFTY-II.NFO,01/07/2024,09:16:51,52596.85,52589.95,105,52596.85,135,30,273420
BANKNIFTY-II.NFO,01/07/2024,09:16:52,52589.95,52589.95,45,52601.65,75,60,273420
BANKNIFTY-II.NFO,01/07/2024,09:16:54,52594.8,52589.95,45,52590.95,135,15,273420
BANKNIFTY-II.NFO,01/07/2024,09:16:56,52587.6,52580,30,52584.6,15,135,273420
BANKNIFTY-II.NFO,01/07/2024,09:16:57,52584.7,52580,45,52581.35,135,30,273420
BANKNIFTY-II.NFO,01/07/2024,09:16:59,52560.05,52560.05,60,52578,15,90,273420
BANKNIFTY-II.NFO,01/07/2024,09:17:01,52575.55,52566.3,60,52577.6,15,30,273420
BANKNIFTY-II.NFO,01/07/2024,09:17:02,52575.55,52560.05,75,52573.5,15,0,273420
BANKNIFTY-II.NFO,01/07/2024,09:17:04,52587,52568.15,60,52582.25,15,30,273420
BANKNIFTY-II.NFO,01/07/2024,09:17:06,52568.15,52578.75,60,52589.2,15,15,273420
BANKNIFTY-II.NFO,01/07/2024,09:17:07,52581,52580.95,15,52590.4,30,15,273420
BANKNIFTY-II.NFO,01/07/2024,09:17:09,52580.6,52580.9,15,52589.5,30,30,273420
BANKNIFTY-II.NFO,01/07/2024,09:17:11,52590,52583.75,75,52599.65,30,45,273420
BANKNIFTY-II.NFO,01/07/2024,09:17:12,52582.15,52579,60,52590.85,30,45,273420
BANKNIFTY-II.NFO,01/07/2024,09:17:14,52567.85,52575.15,30,52594.95,30,210,273420
BANKNIFTY-II.NFO,01/07/2024,09:17:16,52567.85,52572.85,30,52592.45,30,0,273420
BANKNIFTY-II.NFO,01/07/2024,09:17:17,52592.3,52574.15,30,52594.9,60,30,273420
BANKNIFTY-II.NFO,01/07/2024,09:17:19,52592.35,52570,45,52589.85,30,15,273420
BANKNIFTY-II.NFO,01/07/2024,09:17:21,52589.85,52572.8,45,52592.4,30,15,273420
BANKNIFTY-II.NFO,01/07/2024,09:17:22,52589.85,52570.25,45,52591.65,30,0,273420
BANKNIFTY-II.NFO,01/07/2024,09:17:24,52589.85,52573.2,45,52594.8,90,0,273420
BANKNIFTY-II.NFO,01/07/2024,09:17:26,52592.35,52573,45,52593.05,30,15,273420
BANKNIFTY-II.NFO,01/07/2024,09:17:27,52592.35,52575.2,45,52594.95,60,0,273420
BANKNIFTY-II.NFO,01/07/2024,09:17:29,52595,52581.95,45,52597.55,15,30,273420
BANKNIFTY-II.NFO,01/07/2024,09:17:31,52592.35,52577.05,45,52595.3,60,30,273420
BANKNIFTY-II.NFO,01/07/2024,09:17:32,52592.35,52582.5,45,52602.55,60,0,273420
BANKNIFTY-II.NFO,01/07/2024,09:17:34,52592.35,52582.95,45,52593,15,0,273420
BANKNIFTY-II.NFO,01/07/2024,09:17:36,52592.35,52579.65,45,52592,60,0,273420
BANKNIFTY-II.NFO,01/07/2024,09:17:37,52592.35,52580.85,45,52592,60,0,273420
BANKNIFTY-II.NFO,01/07/2024,09:17:39,52592,52579.85,45,52592,45,15,273420
BANKNIFTY-II.NFO,01/07/2024,09:17:41,52593,52588.2,45,52602.7,15,60,273420
BANKNIFTY-II.NFO,01/07/2024,09:17:42,52593,52590.25,45,52602.7,15,0,273420
BANKNIFTY-II.NFO,01/07/2024,09:17:44,52593,52585.35,45,52607.05,60,0,273420
BANKNIFTY-II.NFO,01/07/2024,09:17:46,52593,52582.25,45,52602.9,90,0,273420
BANKNIFTY-II.NFO,01/07/2024,09:17:47,52593,52583.35,45,52601.65,60,0,273420
BANKNIFTY-II.NFO,01/07/2024,09:17:49,52593,52585.5,45,52603,75,0,273420
BANKNIFTY-II.NFO,01/07/2024,09:17:51,52593,52585.35,45,52603.65,60,0,273420
BANKNIFTY-II.NFO,01/07/2024,09:17:52,52603.55,52588.5,60,52608.05,75,15,273420
BANKNIFTY-II.NFO,01/07/2024,09:17:54,52603.55,52589.75,60,52607,60,0,273420
BANKNIFTY-II.NFO,01/07/2024,09:17:56,52603.55,52593.05,60,52609.75,75,0,273420
BANKNIFTY-II.NFO,01/07/2024,09:17:57,52603.55,52593.05,60,52609.55,90,0,273420
BANKNIFTY-II.NFO,01/07/2024,09:17:59,52603.55,52595.05,60,52609.7,60,0,273420
BANKNIFTY-II.NFO,01/07/2024,09:18:01,52603.55,52595,15,52595.05,15,0,273420
BANKNIFTY-II.NFO,01/07/2024,09:18:02,52595.05,52595.05,45,52607.4,60,15,273420
BANKNIFTY-II.NFO,01/07/2024,09:18:04,52610.95,52595.05,60,52610.95,60,15,273420
BANKNIFTY-II.NFO,01/07/2024,09:18:06,52610.95,52600.05,60,52611,15,0,273420
BANKNIFTY-II.NFO,01/07/2024,09:18:07,52611,52597.75,60,52613.85,60,15,273420
BANKNIFTY-II.NFO,01/07/2024,09:18:09,52611,52595.05,60,52610,60,0,273420
BANKNIFTY-II.NFO,01/07/2024,09:18:11,52614.05,52595.05,60,52613.45,30,30,273420
BANKNIFTY-II.NFO,01/07/2024,09:18:12,52614.05,52595.05,60,52603.55,15,0,273420
BANKNIFTY-II.NFO,01/07/2024,09:18:14,52603.55,52601,15,52608.6,30,15,273420
BANKNIFTY-II.NFO,01/07/2024,09:18:16,52601,52595,60,52603.45,30,15,273420
BANKNIFTY-II.NFO,01/07/2024,09:18:17,52601,52595,60,52602.05,15,0,273420
BANKNIFTY-II.NFO,01/07/2024,09:18:19,52601,52595.05,60,52608.6,30,0,273420
BANKNIFTY-II.NFO,01/07/2024,09:18:21,52605.9,52595.05,60,52605.9,15,105,272925
BANKNIFTY-II.NFO,01/07/2024,09:18:22,52595,52586.85,60,52604,15,60,272925
BANKNIFTY-II.NFO,01/07/2024,09:18:24,52595,52585.85,60,52604,15,0,272925
BANKNIFTY-II.NFO,01/07/2024,09:18:26,52595,52585.15,60,52600.3,30,15,272925
BANKNIFTY-II.NFO,01/07/2024,09:18:27,52595,52584.5,60,52602.2,30,0,272925
BANKNIFTY-II.NFO,01/07/2024,09:18:29,52595,52587.65,60,52603.45,45,0,272925
BANKNIFTY-II.NFO,01/07/2024,09:18:31,52595,52600,15,52606.15,45,0,272925
BANKNIFTY-II.NFO,01/07/2024,09:18:32,52586,52587,60,52601.7,60,60,272925
BANKNIFTY-II.NFO,01/07/2024,09:18:34,52595,52585.1,60,52598.65,75,15,272925
BANKNIFTY-II.NFO,01/07/2024,09:18:36,52595,52583.4,60,52597.85,45,0,272925
BANKNIFTY-II.NFO,01/07/2024,09:18:37,52595,52575.8,60,52592.7,90,0,272925
BANKNIFTY-II.NFO,01/07/2024,09:18:39,52587,52573.25,60,52586.7,30,15,272925
BANKNIFTY-II.NFO,01/07/2024,09:18:41,52587,52570.1,60,52583.9,45,0,272925
BANKNIFTY-II.NFO,01/07/2024,09:18:42,52570.05,52574.4,60,52588.65,15,15,272925
BANKNIFTY-II.NFO,01/07/2024,09:18:44,52588.6,52579.65,60,52596.95,15,30,272925
BANKNIFTY-II.NFO,01/07/2024,09:18:46,52578.85,52582.7,60,52597.8,30,15,272925
BANKNIFTY-II.NFO,01/07/2024,09:18:47,52580.8,52578.45,60,52594,30,30,272925
BANKNIFTY-II.NFO,01/07/2024,09:18:49,52580.8,52572.35,60,52589.1,30,0,272925
BANKNIFTY-II.NFO,01/07/2024,09:18:51,52580.8,52576.1,60,52591.35,30,0,272925
BANKNIFTY-II.NFO,01/07/2024,09:18:52,52580.8,52584.1,60,52593.95,30,0,272925
BANKNIFTY-II.NFO,01/07/2024,09:18:54,52580.8,52581.45,60,52598.55,45,0,272925
BANKNIFTY-II.NFO,01/07/2024,09:18:56,52583.6,52582.6,60,52599.9,45,15,272925
BANKNIFTY-II.NFO,01/07/2024,09:18:57,52583.6,52580.8,45,52591.6,45,0,272925
BANKNIFTY-II.NFO,01/07/2024,09:18:59,52583.6,52580.8,45,52586.45,45,0,272925
BANKNIFTY-II.NFO,01/07/2024,09:19:01,52583.6,52580.8,45,52585.05,45,0,272925
BANKNIFTY-II.NFO,01/07/2024,09:19:02,52585.05,52580.8,45,52585.25,30,15,272925
BANKNIFTY-II.NFO,01/07/2024,09:19:04,52585.05,52580.8,45,52582.95,30,0,272925
BANKNIFTY-II.NFO,01/07/2024,09:19:06,52585.05,52580.8,45,52583,60,0,272925
BANKNIFTY-II.NFO,01/07/2024,09:19:07,52585.05,52580.8,45,52582.95,30,0,272925
BANKNIFTY-II.NFO,01/07/2024,09:19:09,52582.5,52580.8,45,52582.95,15,15,272925
BANKNIFTY-II.NFO,01/07/2024,09:19:11,52580.8,52572.05,60,52580,15,45,272925
BANKNIFTY-II.NFO,01/07/2024,09:19:12,52580.8,52572,15,52580,30,0,272925
BANKNIFTY-II.NFO,01/07/2024,09:19:14,52572,52570,45,52579.95,60,15,272925
BANKNIFTY-II.NFO,01/07/2024,09:19:16,52572,52570.05,60,52579.7,15,0,272925
BANKNIFTY-II.NFO,01/07/2024,09:19:17,52580,52570.05,60,52585.45,15,15,272925
BANKNIFTY-II.NFO,01/07/2024,09:19:19,52580,52570.05,60,52582.5,45,0,272925
BANKNIFTY-II.NFO,01/07/2024,09:19:21,52580,52570.05,60,52582.25,60,0,272925
BANKNIFTY-II.NFO,01/07/2024,09:19:22,52570.05,52570.05,60,52580,30,15,272925
BANKNIFTY-II.NFO,01/07/2024,09:19:24,52570.05,52570.05,60,52580,30,0,272925
BANKNIFTY-II.NFO,01/07/2024,09:19:26,52580,52580,15,52582.5,30,75,272925
BANKNIFTY-II.NFO,01/07/2024,09:19:27,52580,52580,15,52582.45,45,0,272925
BANKNIFTY-II.NFO,01/07/2024,09:19:29,52580,52570.95,90,52582.45,45,15,272925
BANKNIFTY-II.NFO,01/07/2024,09:19:30,52580,52570.05,60,52582.45,60,0,272925
BANKNIFTY-II.NFO,01/07/2024,09:19:34,52580,52570.05,60,52580.7,45,0,272925
BANKNIFTY-II.NFO,01/07/2024,09:19:35,52580,52570.55,60,52582.45,45,0,272925
BANKNIFTY-II.NFO,01/07/2024,09:19:37,52580,52570.75,60,52582.45,45,0,272925
BANKNIFTY-II.NFO,01/07/2024,09:19:39,52580,52570.45,60,52582.45,45,0,272925
BANKNIFTY-II.NFO,01/07/2024,09:19:40,52570.75,52570,60,52582.45,75,15,272925
BANKNIFTY-II.NFO,01/07/2024,09:19:42,52570.75,52570,60,52577.35,90,0,272925
BANKNIFTY-II.NFO,01/07/2024,09:19:44,52575.3,52570,45,52576.05,15,120,272925
BANKNIFTY-II.NFO,01/07/2024,09:19:45,52575.3,52570,105,52580.55,15,0,272925
BANKNIFTY-II.NFO,01/07/2024,09:19:47,52582.5,52570.05,60,52580,30,30,272925
BANKNIFTY-II.NFO,01/07/2024,09:19:48,52582.5,52573.9,30,52580,30,0,272925
BANKNIFTY-II.NFO,01/07/2024,09:19:50,52582.5,52570,105,52580,45,0,272925
BANKNIFTY-II.NFO,01/07/2024,09:19:52,52582.5,52571.4,30,52580,30,0,272925
BANKNIFTY-II.NFO,01/07/2024,09:19:53,52582.5,52570.25,30,52580,30,0,272925
BANKNIFTY-II.NFO,01/07/2024,09:19:55,52582.5,52570,105,52580,30,0,272925
BANKNIFTY-II.NFO,01/07/2024,09:19:57,52582.5,52571.05,30,52580,30,0,272925
BANKNIFTY-II.NFO,01/07/2024,09:19:58,52580,52571.05,30,52579.25,15,75,272925
BANKNIFTY-II.NFO,01/07/2024,09:20:00,52580,52577.1,30,52583.6,15,0,272925
BANKNIFTY-II.NFO,01/07/2024,09:20:02,52583.8,52579.4,30,52593,15,30,272925
BANKNIFTY-II.NFO,01/07/2024,09:20:03,52583.8,52581.3,30,52593,15,0,272925
BANKNIFTY-II.NFO,01/07/2024,09:20:05,52583.8,52586.4,30,52593,15,0,272925
BANKNIFTY-II.NFO,01/07/2024,09:20:07,52595.85,52586.2,30,52596,15,15,272925
BANKNIFTY-II.NFO,01/07/2024,09:20:08,52595.85,52585.55,30,52596,15,0,272925
BANKNIFTY-II.NFO,01/07/2024,09:20:10,52583.8,52577.1,60,52592.45,30,15,272925
BANKNIFTY-II.NFO,01/07/2024,09:20:11,52577.05,52571.55,15,52587.5,75,150,272925
BANKNIFTY-II.NFO,01/07/2024,09:20:13,52584.95,52574.05,30,52586.65,60,180,272925
BANKNIFTY-II.NFO,01/07/2024,09:20:15,52584.95,52571,765,52581.45,105,0,272925
BANKNIFTY-II.NFO,01/07/2024,09:20:16,52584.95,52571,765,52579.2,105,0,272925
BANKNIFTY-II.NFO,01/07/2024,09:20:18,52584.95,52571,765,52579.2,75,0,272925
BANKNIFTY-II.NFO,01/07/2024,09:20:20,52577,52571,750,52579.15,60,30,272925
BANKNIFTY-II.NFO,01/07/2024,09:20:21,52577.7,52571,735,52578.15,15,180,272925
BANKNIFTY-II.NFO,01/07/2024,09:20:23,52576.2,52571,735,52581.4,30,45,272925
BANKNIFTY-II.NFO,01/07/2024,09:20:25,52571.05,52571.05,15,52581.55,60,450,272925
BANKNIFTY-II.NFO,01/07/2024,09:20:26,52581.55,52581.2,15,52584.45,60,15,272925
BANKNIFTY-II.NFO,01/07/2024,09:20:28,52581.2,52572.75,45,52584.45,60,15,272925
BANKNIFTY-II.NFO,01/07/2024,09:20:30,52581.2,52572.25,30,52584.45,60,0,272925
BANKNIFTY-II.NFO,01/07/2024,09:20:31,52581.2,52573.35,45,52586.35,60,0,272925
BANKNIFTY-II.NFO,01/07/2024,09:20:33,52573.35,52573.15,30,52586.35,60,30,272925
BANKNIFTY-II.NFO,01/07/2024,09:20:35,52573.35,52573.25,30,52586.7,15,0,272925
BANKNIFTY-II.NFO,01/07/2024,09:20:36,52573.35,52573.75,30,52586.7,15,0,272925
BANKNIFTY-II.NFO,01/07/2024,09:20:40,52573.35,52574.05,30,52582,15,0,272925
BANKNIFTY-II.NFO,01/07/2024,09:20:41,52573.35,52574.7,15,52580,900,0,272925
BANKNIFTY-II.NFO,01/07/2024,09:20:43,52580,52574.7,15,52580,885,15,272925
BANKNIFTY-II.NFO,01/07/2024,09:20:45,52580,52571.8,15,52580,885,0,272925
BANKNIFTY-II.NFO,01/07/2024,09:20:46,52571,52571,360,52580,885,75,272925
BANKNIFTY-II.NFO,01/07/2024,09:20:48,52571,52571,375,52580,885,0,272925
BANKNIFTY-II.NFO,01/07/2024,09:20:50,52571,52571,360,52580,885,0,272925
BANKNIFTY-II.NFO,01/07/2024,09:20:52,52571,52571.05,30,52580,885,0,272925
BANKNIFTY-II.NFO,01/07/2024,09:20:53,52571,52571,390,52580,885,0,272925
BANKNIFTY-II.NFO,01/07/2024,09:20:57,52571,52570,270,52571,495,390,272925
BANKNIFTY-II.NFO,01/07/2024,09:20:58,52571,52570,285,52571,465,30,272925
BANKNIFTY-II.NFO,01/07/2024,09:21:00,52571,52570,285,52571,420,45,272925
BANKNIFTY-II.NFO,01/07/2024,09:21:02,52571,52575,15,52580.1,90,420,272925
BANKNIFTY-II.NFO,01/07/2024,09:21:03,52570,52570,105,52578.55,30,135,272925
BANKNIFTY-II.NFO,01/07/2024,09:21:05,52570,52570,30,52575.7,30,120,272925
BANKNIFTY-II.NFO,01/07/2024,09:21:07,52570,52570,45,52577.2,45,0,272925
BANKNIFTY-II.NFO,01/07/2024,09:21:08,52570,52570,465,52576.45,75,0,272925
BANKNIFTY-II.NFO,01/07/2024,09:21:10,52570,52570,420,52576.5,15,60,272925
BANKNIFTY-II.NFO,01/07/2024,09:21:12,52570,52570,405,52576.5,15,15,272925
BANKNIFTY-II.NFO,01/07/2024,09:21:13,52570,52571.2,30,52584.9,60,0,272925
BANKNIFTY-II.NFO,01/07/2024,09:21:15,52588.25,52576.1,15,52577.45,15,150,272925
BANKNIFTY-II.NFO,01/07/2024,09:21:17,52571.65,52570,405,52578.8,15,120,272925
BANKNIFTY-II.NFO,01/07/2024,09:21:18,52571.65,52570.05,30,52578.8,15,0,272925
BANKNIFTY-II.NFO,01/07/2024,09:21:20,52570,52570,345,52578.8,15,60,272820
BANKNIFTY-II.NFO,01/07/2024,09:21:22,52570,52570.7,15,52578.8,15,0,272820
BANKNIFTY-II.NFO,01/07/2024,09:21:23,52570.7,52572,30,52578.8,15,15,272820
BANKNIFTY-II.NFO,01/07/2024,09:21:25,52572,52570,375,52578.75,60,30,272820
BANKNIFTY-II.NFO,01/07/2024,09:21:27,52578.85,52570,390,52578.85,60,30,272820
BANKNIFTY-II.NFO,01/07/2024,09:21:28,52578.85,52572.3,15,52578.9,15,0,272820
BANKNIFTY-II.NFO,01/07/2024,09:21:32,52578.85,52573.55,15,52578.9,15,0,272820
BANKNIFTY-II.NFO,01/07/2024,09:21:37,52573.55,52573.5,15,52578.9,15,15,272820
BANKNIFTY-II.NFO,01/07/2024,09:21:38,52570,52570,315,52573.55,15,120,272820
BANKNIFTY-II.NFO,01/07/2024,09:21:40,52570,52570,315,52573.55,15,0,272820
BANKNIFTY-II.NFO,01/07/2024,09:21:43,52580.05,52570,315,52577.35,30,150,272820
BANKNIFTY-II.NFO,01/07/2024,09:21:45,52570,52570,105,52572.85,15,210,272820
BANKNIFTY-II.NFO,01/07/2024,09:21:47,52563,52560,15,52569.55,90,180,272820
BANKNIFTY-II.NFO,01/07/2024,09:21:48,52560,52556.5,45,52562.05,60,15,272820
BANKNIFTY-II.NFO,01/07/2024,09:21:50,52561.1,52553,15,52559.55,75,165,272820
BANKNIFTY-II.NFO,01/07/2024,09:21:52,52534.05,52530,15,52541.6,150,465,272820
BANKNIFTY-II.NFO,01/07/2024,09:21:52,52534,52530,15,52541.6,150,0,272820
BANKNIFTY-II.NFO,01/07/2024,09:21:53,52500,52500,150,52520.5,60,930,272820
BANKNIFTY-II.NFO,01/07/2024,09:21:53,52500,52500,150,52520.5,60,0,272820
BANKNIFTY-II.NFO,01/07/2024,09:21:55,52500,52500.05,30,52519.1,60,0,272820
BANKNIFTY-II.NFO,01/07/2024,09:21:57,52500,52505.85,30,52519.5,15,0,272820
BANKNIFTY-II.NFO,01/07/2024,09:21:58,52507.9,52503.9,30,52517.5,60,15,272820
BANKNIFTY-II.NFO,01/07/2024,09:22:00,52515.25,52510,15,52517.25,60,45,272820
BANKNIFTY-II.NFO,01/07/2024,09:22:02,52515.25,52510,15,52513.1,60,0,272820
BANKNIFTY-II.NFO,01/07/2024,09:22:03,52510,52500,165,52511,60,15,272820
BANKNIFTY-II.NFO,01/07/2024,09:22:05,52502.6,52500,180,52511.45,60,90,272820
BANKNIFTY-II.NFO,01/07/2024,09:22:07,52502.6,52502,15,52512.1,90,0,272820
BANKNIFTY-II.NFO,01/07/2024,09:22:08,52502.6,52502.6,15,52509.9,60,0,272820
BANKNIFTY-II.NFO,01/07/2024,09:22:10,52502.6,52502.6,15,52506.65,75,0,272820
BANKNIFTY-II.NFO,01/07/2024,09:22:12,52502,52500,180,52504.25,60,30,272820
BANKNIFTY-II.NFO,01/07/2024,09:22:13,52500,52500,165,52504,60,15,272820
BANKNIFTY-II.NFO,01/07/2024,09:22:15,52500,52500,180,52505.45,15,15,272820
BANKNIFTY-II.NFO,01/07/2024,09:22:17,52500,52500,165,52505.45,15,15,272820
BANKNIFTY-II.NFO,01/07/2024,09:22:18,52500,52500,105,52504.85,75,60,272820
BANKNIFTY-II.NFO,01/07/2024,09:22:20,52500,52500,60,52505.4,60,45,272820
BANKNIFTY-II.NFO,01/07/2024,09:22:22,52500,52500,15,52502.9,60,60,272820
BANKNIFTY-II.NFO,01/07/2024,09:22:23,52500,52500,15,52502.95,30,0,272820
BANKNIFTY-II.NFO,01/07/2024,09:22:25,52498.2,52485.2,60,52498.25,30,120,272820
BANKNIFTY-II.NFO,01/07/2024,09:22:25,52487.65,52485.2,60,52498.25,30,0,272820
BANKNIFTY-II.NFO,01/07/2024,09:22:27,52498.25,52497.15,60,52503.1,15,30,272820
BANKNIFTY-II.NFO,01/07/2024,09:22:28,52503.1,52494,60,52501.95,15,45,272820
BANKNIFTY-II.NFO,01/07/2024,09:22:30,52500,52485.1,60,52497.2,45,30,272820
BANKNIFTY-II.NFO,01/07/2024,09:22:32,52484,52481.6,60,52493.55,15,15,272820
BANKNIFTY-II.NFO,01/07/2024,09:22:32,52484,52481.6,60,52493.55,15,0,272820
BANKNIFTY-II.NFO,01/07/2024,09:22:33,52495.1,52480.5,60,52494.5,75,45,272820
BANKNIFTY-II.NFO,01/07/2024,09:22:33,52481,52480.5,60,52494.5,75,0,272820
BANKNIFTY-II.NFO,01/07/2024,09:22:35,52494.45,52480.45,30,52494.5,90,15,272820
BANKNIFTY-II.NFO,01/07/2024,09:22:37,52494.45,52480.05,60,52481,15,0,272820
BANKNIFTY-II.NFO,01/07/2024,09:22:38,52480,52480,135,52491.45,75,30,272820
BANKNIFTY-II.NFO,01/07/2024,09:22:38,52480,52480,135,52491.45,75,0,272820
BANKNIFTY-II.NFO,01/07/2024,09:22:40,52480,52480,135,52481,15,0,272820
BANKNIFTY-II.NFO,01/07/2024,09:22:42,52481,52480,135,52488.9,105,15,272820
BANKNIFTY-II.NFO,01/07/2024,09:22:43,52480,52480,75,52488.25,105,60,272820
BANKNIFTY-II.NFO,01/07/2024,09:22:45,52475,52471.8,60,52481,15,90,272820
BANKNIFTY-II.NFO,01/07/2024,09:22:45,52475,52471.8,60,52481,15,0,272820
BANKNIFTY-II.NFO,01/07/2024,09:22:47,52481,52476.1,75,52488.05,75,15,272820
BANKNIFTY-II.NFO,01/07/2024,09:22:48,52489.85,52480,45,52492.6,75,15,272820
BANKNIFTY-II.NFO,01/07/2024,09:22:50,52489.85,52476.7,60,52489.85,60,0,272820
BANKNIFTY-II.NFO,01/07/2024,09:22:52,52489.85,52478,60,52491,30,0,272820
BANKNIFTY-II.NFO,01/07/2024,09:22:53,52489.85,52475.55,60,52489.7,60,0,272820
BANKNIFTY-II.NFO,01/07/2024,09:22:55,52481,52481,15,52487.75,60,15,272820
BANKNIFTY-II.NFO,01/07/2024,09:22:57,52481,52475,15,52479.25,15,15,272820
BANKNIFTY-II.NFO,01/07/2024,09:22:58,52481,52476.75,75,52479.3,15,0,272820
BANKNIFTY-II.NFO,01/07/2024,09:23:00,52494.85,52487.05,60,52498.25,15,120,272820
BANKNIFTY-II.NFO,01/07/2024,09:23:02,52494.85,52481.05,60,52489.95,15,0,272820
BANKNIFTY-II.NFO,01/07/2024,09:23:03,52488.15,52481,15,52491.45,75,30,272820
BANKNIFTY-II.NFO,01/07/2024,09:23:05,52487.7,52481,15,52482.1,15,45,272820
BANKNIFTY-II.NFO,01/07/2024,09:23:07,52482.1,52482.7,75,52489.35,15,45,272820
BANKNIFTY-II.NFO,01/07/2024,09:23:08,52481.05,52481.4,60,52489.35,15,15,272820
BANKNIFTY-II.NFO,01/07/2024,09:23:10,52481.05,52482.6,60,52489.35,15,0,272820
BANKNIFTY-II.NFO,01/07/2024,09:23:12,52491.7,52491.7,75,52494.85,15,30,272820
BANKNIFTY-II.NFO,01/07/2024,09:23:13,52491.5,52492.55,60,52494.85,15,45,272820
BANKNIFTY-II.NFO,01/07/2024,09:23:15,52497.05,52497.05,15,52502.2,15,120,272820
BANKNIFTY-II.NFO,01/07/2024,09:23:17,52499.75,52499.05,30,52502.2,15,15,272820
BANKNIFTY-II.NFO,01/07/2024,09:23:18,52499.75,52496.1,30,52496.6,15,0,272820
BANKNIFTY-II.NFO,01/07/2024,09:23:20,52496.55,52488.7,30,52502.15,45,45,272820
BANKNIFTY-II.NFO,01/07/2024,09:23:22,52501.95,52489.7,30,52502.15,30,30,272820
BANKNIFTY-II.NFO,01/07/2024,09:23:23,52501.95,52500,30,52502.2,15,0,272820
BANKNIFTY-II.NFO,01/07/2024,09:23:25,52500,52489.85,30,52496.2,15,30,272820
BANKNIFTY-II.NFO,01/07/2024,09:23:27,52500,52489.7,15,52496.2,15,0,272820
BANKNIFTY-II.NFO,01/07/2024,09:23:28,52500,52489.4,15,52496.2,15,0,272820
BANKNIFTY-II.NFO,01/07/2024,09:23:30,52499,52488.15,15,52498.85,15,15,272820
BANKNIFTY-II.NFO,01/07/2024,09:23:32,52499,52487.15,30,52495.95,15,0,272820
BANKNIFTY-II.NFO,01/07/2024,09:23:33,52485,52483.6,30,52497.9,30,45,272820
BANKNIFTY-II.NFO,01/07/2024,09:23:35,52485,52483.6,30,52497.9,45,0,272820
BANKNIFTY-II.NFO,01/07/2024,09:23:37,52485,52486.45,30,52499,15,15,272820
BANKNIFTY-II.NFO,01/07/2024,09:23:38,52485,52486.85,180,52499,15,0,272820
BANKNIFTY-II.NFO,01/07/2024,09:23:40,52502.2,52499,30,52505.35,15,75,272820
BANKNIFTY-II.NFO,01/07/2024,09:23:42,52502.2,52499,15,52505.35,15,0,272820
BANKNIFTY-II.NFO,01/07/2024,09:23:43,52497,52492.05,30,52503.95,15,75,272820
BANKNIFTY-II.NFO,01/07/2024,09:23:45,52497,52499.45,30,52514.1,30,0,272820
BANKNIFTY-II.NFO,01/07/2024,09:23:47,52515.95,52500.95,30,52515.2,30,15,272820
BANKNIFTY-II.NFO,01/07/2024,09:23:48,52513.9,52498.35,60,52511.85,60,60,272820
BANKNIFTY-II.NFO,01/07/2024,09:23:50,52511.85,52501,30,52511.9,75,30,272820
BANKNIFTY-II.NFO,01/07/2024,09:23:52,52511.9,52502.45,60,52512.65,45,15,272820
BANKNIFTY-II.NFO,01/07/2024,09:23:53,52511.9,52499.85,60,52512.65,90,0,272820
BANKNIFTY-II.NFO,01/07/2024,09:23:55,52509.9,52500,45,52509.9,75,15,272820
BANKNIFTY-II.NFO,01/07/2024,09:23:57,52509.9,52501.65,60,52512.7,15,0,272820
BANKNIFTY-II.NFO,01/07/2024,09:23:58,52512.65,52501.8,60,52512.65,15,15,272820
BANKNIFTY-II.NFO,01/07/2024,09:24:00,52502.7,52500,45,52511.9,75,15,272820
BANKNIFTY-II.NFO,01/07/2024,09:24:02,52511.9,52500,45,52505.8,15,60,272820
BANKNIFTY-II.NFO,01/07/2024,09:24:03,52511.9,52500,120,52507.8,15,0,272820
BANKNIFTY-II.NFO,01/07/2024,09:24:05,52511.9,52503,90,52515.85,45,0,272820
BANKNIFTY-II.NFO,01/07/2024,09:24:07,52511.9,52503,60,52508.5,15,0,272820
BANKNIFTY-II.NFO,01/07/2024,09:24:08,52511.9,52503.45,90,52508.5,15,0,272820
BANKNIFTY-II.NFO,01/07/2024,09:24:10,52511.9,52504.45,60,52510.85,15,0,272820
BANKNIFTY-II.NFO,01/07/2024,09:24:12,52511.9,52503.05,60,52513.9,30,0,272820
BANKNIFTY-II.NFO,01/07/2024,09:24:13,52503.05,52503,60,52511.9,45,15,272820
BANKNIFTY-II.NFO,01/07/2024,09:24:15,52503.05,52503,60,52511.9,45,0,272820
BANKNIFTY-II.NFO,01/07/2024,09:24:17,52503.05,52512,60,52518.1,45,0,272820
BANKNIFTY-II.NFO,01/07/2024,09:24:18,52503.05,52512,60,52518.1,75,0,272820
BANKNIFTY-II.NFO,01/07/2024,09:24:20,52512,52500,120,52511.9,90,60,271380
BANKNIFTY-II.NFO,01/07/2024,09:24:21,52511.9,52503,60,52509.9,30,30,271380
BANKNIFTY-II.NFO,01/07/2024,09:24:23,52509.45,52500,105,52509.45,45,90,271380
BANKNIFTY-II.NFO,01/07/2024,09:24:25,52500,52500,15,52505.35,60,90,271380
BANKNIFTY-II.NFO,01/07/2024,09:24:26,52495,52490.1,90,52505.35,60,45,271380
BANKNIFTY-II.NFO,01/07/2024,09:24:28,52495,52489.15,60,52505.35,60,0,271380
BANKNIFTY-II.NFO,01/07/2024,09:24:30,52491.15,52490.35,60,52505.3,45,15,271380
BANKNIFTY-II.NFO,01/07/2024,09:24:31,52505.3,52489.65,60,52505.35,60,15,271380
BANKNIFTY-II.NFO,01/07/2024,09:24:33,52501.95,52491.2,60,52501.95,15,15,271380
BANKNIFTY-II.NFO,01/07/2024,09:24:35,52501.95,52491.15,30,52501.95,60,0,271380
BANKNIFTY-II.NFO,01/07/2024,09:24:36,52501.95,52491.15,30,52499.95,60,0,271380
BANKNIFTY-II.NFO,01/07/2024,09:24:38,52501.95,52491.15,30,52499.95,45,0,271380
BANKNIFTY-II.NFO,01/07/2024,09:24:40,52501.95,52491.15,30,52499.95,60,0,271380
BANKNIFTY-II.NFO,01/07/2024,09:24:41,52501.95,52491.15,30,52493.1,15,0,271380
BANKNIFTY-II.NFO,01/07/2024,09:24:43,52493.1,52491.15,30,52493.15,15,15,271380
BANKNIFTY-II.NFO,01/07/2024,09:24:44,52493.1,52493.05,60,52500,15,0,271380
BANKNIFTY-II.NFO,01/07/2024,09:24:46,52500,52497.3,60,52501.95,15,15,271380
BANKNIFTY-II.NFO,01/07/2024,09:24:48,52501.95,52501.45,210,52509.95,15,15,271380
BANKNIFTY-II.NFO,01/07/2024,09:24:49,52501.45,52494.85,60,52503.95,15,15,271380
BANKNIFTY-II.NFO,01/07/2024,09:24:51,52501.45,52501.5,60,52507.95,15,0,271380
BANKNIFTY-II.NFO,01/07/2024,09:24:53,52501.45,52495.25,45,52507.95,45,90,271380
BANKNIFTY-II.NFO,01/07/2024,09:24:54,52501.45,52501.65,45,52509.95,15,0,271380
BANKNIFTY-II.NFO,01/07/2024,09:24:56,52513.95,52506.2,45,52513.95,15,30,271380
BANKNIFTY-II.NFO,01/07/2024,09:24:58,52513.95,52508,45,52509.95,15,0,271380
BANKNIFTY-II.NFO,01/07/2024,09:24:59,52513.95,52507.95,15,52513.75,60,0,271380
BANKNIFTY-II.NFO,01/07/2024,09:25:01,52513.95,52507.95,15,52515.9,45,0,271380
BANKNIFTY-II.NFO,01/07/2024,09:25:03,52517.9,52508,45,52517.9,30,15,271380
BANKNIFTY-II.NFO,01/07/2024,09:25:05,52513.05,52515,120,52520,30,30,271380
BANKNIFTY-II.NFO,01/07/2024,09:25:06,52515,52513.95,15,52520,30,120,271380
BANKNIFTY-II.NFO,01/07/2024,09:25:08,52513,52508,30,52517.95,60,225,271380
BANKNIFTY-II.NFO,01/07/2024,09:25:10,52502.05,52502.05,30,52509.95,15,45,271380
BANKNIFTY-II.NFO,01/07/2024,09:25:11,52514.95,52502.05,45,52515.95,60,90,271380
BANKNIFTY-II.NFO,01/07/2024,09:25:13,52510,52502,60,52511.3,15,45,271380
BANKNIFTY-II.NFO,01/07/2024,09:25:14,52510,52502,60,52511.3,15,0,271380
BANKNIFTY-II.NFO,01/07/2024,09:25:16,52515.95,52511.3,15,52516.25,45,30,271380
BANKNIFTY-II.NFO,01/07/2024,09:25:18,52515.95,52511.3,15,52514.4,15,135,271380
BANKNIFTY-II.NFO,01/07/2024,09:25:19,52515.95,52511.3,15,52516.8,60,0,271380
BANKNIFTY-II.NFO,01/07/2024,09:25:21,52511.3,52503.75,60,52513.95,15,15,271380
BANKNIFTY-II.NFO,01/07/2024,09:25:23,52515.95,52515.95,15,52520,15,30,271380
BANKNIFTY-II.NFO,01/07/2024,09:25:24,52515.95,52515.95,30,52520,15,0,271380
BANKNIFTY-II.NFO,01/07/2024,09:25:26,52520.45,52523.4,45,52530,15,60,271380
BANKNIFTY-II.NFO,01/07/2024,09:25:28,52523.6,52523.75,15,52530,15,15,271380
BANKNIFTY-II.NFO,01/07/2024,09:25:29,52523.8,52523.75,15,52535.9,105,135,271380
BANKNIFTY-II.NFO,01/07/2024,09:25:31,52523.8,52525.2,75,52538.4,90,0,271380
BANKNIFTY-II.NFO,01/07/2024,09:25:33,52523.8,52523.8,45,52532.4,15,0,271380
BANKNIFTY-II.NFO,01/07/2024,09:25:34,52523.8,52524.4,75,52532.4,15,0,271380
BANKNIFTY-II.NFO,01/07/2024,09:25:36,52532.4,52524.55,45,52532.4,15,15,271380
BANKNIFTY-II.NFO,01/07/2024,09:25:38,52534.9,52526.8,45,52534.9,15,15,271380
BANKNIFTY-II.NFO,01/07/2024,09:25:39,52527.05,52527.05,30,52534.9,15,30,271380
BANKNIFTY-II.NFO,01/07/2024,09:25:41,52527.05,52526.5,60,52534.9,15,0,271380
BANKNIFTY-II.NFO,01/07/2024,09:25:43,52527.05,52525.05,45,52534.9,15,0,271380
BANKNIFTY-II.NFO,01/07/2024,09:25:44,52527.05,52528.55,45,52536.3,15,0,271380
BANKNIFTY-II.NFO,01/07/2024,09:25:46,52527.05,52526.9,30,52536.3,15,0,271380
BANKNIFTY-II.NFO,01/07/2024,09:25:48,52527.05,52525.05,15,52535.9,60,0,271380
BANKNIFTY-II.NFO,01/07/2024,09:25:49,52527.05,52525,45,52527.05,15,0,271380
BANKNIFTY-II.NFO,01/07/2024,09:25:51,52525,52525,30,52527.05,15,15,271380
BANKNIFTY-II.NFO,01/07/2024,09:25:53,52527.05,52527.8,75,52536.3,15,15,271380
BANKNIFTY-II.NFO,01/07/2024,09:25:54,52527.05,52531.55,60,52540,15,0,271380
BANKNIFTY-II.NFO,01/07/2024,09:25:56,52527.05,52531.55,60,52539.1,15,0,271380
BANKNIFTY-II.NFO,01/07/2024,09:25:58,52530.5,52530,30,52539.05,60,30,271380
BANKNIFTY-II.NFO,01/07/2024,09:25:59,52530.5,52531.8,30,52539.1,15,0,271380
BANKNIFTY-II.NFO,01/07/2024,09:26:01,52530.5,52531.75,15,52539.1,15,0,271380
BANKNIFTY-II.NFO,01/07/2024,09:26:03,52530.5,52531.5,15,52539.1,15,0,271380
BANKNIFTY-II.NFO,01/07/2024,09:26:04,52539.1,52529.55,15,52539.95,60,15,271380
BANKNIFTY-II.NFO,01/07/2024,09:26:06,52539.1,52530.8,15,52539.95,60,0,271380
BANKNIFTY-II.NFO,01/07/2024,09:26:08,52539.1,52529.5,30,52539.95,60,0,271380
BANKNIFTY-II.NFO,01/07/2024,09:26:09,52539.95,52531.6,45,52540,15,15,271380
BANKNIFTY-II.NFO,01/07/2024,09:26:11,52540,52534.55,15,52545.95,90,15,271380
BANKNIFTY-II.NFO,01/07/2024,09:26:13,52540,52528.55,90,52541.9,90,0,271380
BANKNIFTY-II.NFO,01/07/2024,09:26:14,52540,52532.8,15,52545.9,105,0,271380
BANKNIFTY-II.NFO,01/07/2024,09:26:16,52540,52531.6,90,52540,15,0,271380
BANKNIFTY-II.NFO,01/07/2024,09:26:18,52540,52531,15,52539.95,60,0,271380
BANKNIFTY-II.NFO,01/07/2024,09:26:19,52539.95,52530.45,60,52539.9,45,45,271380
BANKNIFTY-II.NFO,01/07/2024,09:26:21,52528.25,52525.05,60,52539.95,105,15,271380
BANKNIFTY-II.NFO,01/07/2024,09:26:23,52520,52517.9,60,52531.9,60,105,271380
BANKNIFTY-II.NFO,01/07/2024,09:26:24,52520,52520.8,60,52535.95,30,0,271380
BANKNIFTY-II.NFO,01/07/2024,09:26:26,52520,52526.4,60,52535.95,15,0,271380
BANKNIFTY-II.NFO,01/07/2024,09:26:28,52520,52528.4,90,52539.9,45,0,271380
BANKNIFTY-II.NFO,01/07/2024,09:26:29,52520,52526.5,60,52539.95,60,0,271380
BANKNIFTY-II.NFO,01/07/2024,09:26:33,52520,52515.95,15,52527.9,60,45,271380
BANKNIFTY-II.NFO,01/07/2024,09:26:34,52515.95,52503.65,90,52515.95,60,15,271380
BANKNIFTY-II.NFO,01/07/2024,09:26:36,52515.95,52507.1,60,52519.95,30,0,271380
BANKNIFTY-II.NFO,01/07/2024,09:26:38,52515.95,52508.8,90,52517.95,15,0,271380
BANKNIFTY-II.NFO,01/07/2024,09:26:39,52517.95,52505.6,60,52517.9,30,15,271380
BANKNIFTY-II.NFO,01/07/2024,09:26:41,52515.9,52504.85,60,52515.9,60,30,271380
BANKNIFTY-II.NFO,01/07/2024,09:26:43,52515.9,52503.45,60,52517.9,15,0,271380
BANKNIFTY-II.NFO,01/07/2024,09:26:44,52515.9,52501.1,15,52513.9,60,0,271380
BANKNIFTY-II.NFO,01/07/2024,09:26:46,52501.65,52489.85,60,52501.7,15,300,271380
BANKNIFTY-II.NFO,01/07/2024,09:26:48,52487.7,52489.95,60,52499.95,15,30,271380
BANKNIFTY-II.NFO,01/07/2024,09:26:49,52488.2,52488.2,60,52499.9,45,15,271380
BANKNIFTY-II.NFO,01/07/2024,09:26:51,52488.2,52488.4,75,52501.9,75,0,271380
BANKNIFTY-II.NFO,01/07/2024,09:26:53,52488.2,52496.55,105,52509.2,45,0,271380
BANKNIFTY-II.NFO,01/07/2024,09:26:54,52495.7,52498.05,60,52509.9,60,15,271380
BANKNIFTY-II.NFO,01/07/2024,09:26:56,52492,52492.15,15,52505.7,105,45,271380
BANKNIFTY-II.NFO,01/07/2024,09:26:58,52492,52495.6,30,52507.35,15,0,271380
BANKNIFTY-II.NFO,01/07/2024,09:26:59,52492,52497.4,15,52509.15,60,0,271380
BANKNIFTY-II.NFO,01/07/2024,09:27:01,52492,52491.35,30,52505.9,90,0,271380
BANKNIFTY-II.NFO,01/07/2024,09:27:03,52497.3,52497.35,45,52510.05,60,45,271380
BANKNIFTY-II.NFO,01/07/2024,09:27:04,52497.3,52490.75,45,52503.9,60,0,271380
BANKNIFTY-II.NFO,01/07/2024,09:27:06,52503.9,52490.05,30,52503.9,90,15,271380
BANKNIFTY-II.NFO,01/07/2024,09:27:08,52503.9,52497.75,15,52512.75,105,0,271380
BANKNIFTY-II.NFO,01/07/2024,09:27:09,52509.9,52499.45,30,52509.95,15,15,271380
BANKNIFTY-II.NFO,01/07/2024,09:27:11,52509.9,52497.35,45,52505.2,15,0,271380
BANKNIFTY-II.NFO,01/07/2024,09:27:13,52509.9,52500.15,60,52509.25,15,0,271380
BANKNIFTY-II.NFO,01/07/2024,09:27:14,52509.9,52507.9,75,52515.95,15,0,271380
BANKNIFTY-II.NFO,01/07/2024,09:27:16,52509.9,52507.1,45,52513.65,15,0,271380
BANKNIFTY-II.NFO,01/07/2024,09:27:18,52509.9,52513.65,15,52515.15,15,0,271380
BANKNIFTY-II.NFO,01/07/2024,09:27:19,52515.15,52513.65,15,52515.15,15,15,271410
BANKNIFTY-II.NFO,01/07/2024,09:27:21,52515.15,52513.65,15,52515.9,60,0,271410
BANKNIFTY-II.NFO,01/07/2024,09:27:23,52515.9,52505.75,75,52515.9,60,30,271410
BANKNIFTY-II.NFO,01/07/2024,09:27:25,52515.9,52505.25,60,52513.1,15,0,271410
BANKNIFTY-II.NFO,01/07/2024,09:27:26,52515.9,52509.9,45,52515.15,15,0,271410
BANKNIFTY-II.NFO,01/07/2024,09:27:28,52515.15,52513.65,45,52515.95,15,15,271410
BANKNIFTY-II.NFO,01/07/2024,09:27:30,52519.5,52520.95,30,52533.4,75,60,271410
BANKNIFTY-II.NFO,01/07/2024,09:27:31,52519.5,52523.55,30,52533.4,60,0,271410
BANKNIFTY-II.NFO,01/07/2024,09:27:33,52519.5,52526.65,30,52537.9,60,0,271410
BANKNIFTY-II.NFO,01/07/2024,09:27:35,52519.5,52520.25,45,52529.9,60,0,271410
BANKNIFTY-II.NFO,01/07/2024,09:27:36,52520.25,52523.25,45,52534.65,60,15,271410
BANKNIFTY-II.NFO,01/07/2024,09:27:38,52534.65,52525.25,45,52536.6,45,60,271410
BANKNIFTY-II.NFO,01/07/2024,09:27:40,52534.65,52528.55,30,52537.9,45,0,271410
BANKNIFTY-II.NFO,01/07/2024,09:27:41,52534.65,52523.75,15,52535.05,45,0,271410
BANKNIFTY-II.NFO,01/07/2024,09:27:43,52523.8,52524.1,30,52535.05,45,15,271410
BANKNIFTY-II.NFO,01/07/2024,09:27:45,52523.8,52525.1,30,52536.95,45,0,271410
BANKNIFTY-II.NFO,01/07/2024,09:27:46,52525.1,52524.65,30,52535.15,45,30,271410
BANKNIFTY-II.NFO,01/07/2024,09:27:48,52525.1,52527.3,45,52538.85,60,0,271410
BANKNIFTY-II.NFO,01/07/2024,09:27:50,52525.1,52525.45,30,52537.1,45,0,271410
BANKNIFTY-II.NFO,01/07/2024,09:27:51,52524.2,52525.85,150,52537.9,120,75,271410
BANKNIFTY-II.NFO,01/07/2024,09:27:53,52524.2,52526.85,150,52538.85,120,0,271410
BANKNIFTY-II.NFO,01/07/2024,09:27:55,52524.2,52530.05,150,52542.4,120,0,271410
BANKNIFTY-II.NFO,01/07/2024,09:27:56,52524.2,52537.85,150,52547,120,0,271410
BANKNIFTY-II.NFO,01/07/2024,09:27:58,52540.9,52538.15,120,52549.95,135,15,271410
BANKNIFTY-II.NFO,01/07/2024,09:28:00,52540.9,52534.1,150,52542.05,15,0,271410
BANKNIFTY-II.NFO,01/07/2024,09:28:01,52540.9,52530.85,60,52538.35,15,0,271410
BANKNIFTY-II.NFO,01/07/2024,09:28:03,52540.9,52530.5,60,52538.35,15,0,271410
BANKNIFTY-II.NFO,01/07/2024,09:28:05,52540.9,52534.5,120,52538.35,15,0,271410
BANKNIFTY-II.NFO,01/07/2024,09:28:06,52540.9,52533.35,120,52538.35,15,0,271410
BANKNIFTY-II.NFO,01/07/2024,09:28:08,52540.9,52530.95,120,52538.35,15,0,271410
BANKNIFTY-II.NFO,01/07/2024,09:28:10,52540.9,52532.8,120,52544.55,135,0,271410
BANKNIFTY-II.NFO,01/07/2024,09:28:11,52540.9,52531.3,120,52538.85,15,0,271410
BANKNIFTY-II.NFO,01/07/2024,09:28:13,52540.9,52535,150,52547.9,135,0,271410
BANKNIFTY-II.NFO,01/07/2024,09:28:15,52543.15,52532.5,75,52543.9,120,60,271410
BANKNIFTY-II.NFO,01/07/2024,09:28:16,52540.9,52533.05,75,52543.95,15,15,271410
BANKNIFTY-II.NFO,01/07/2024,09:28:18,52543.95,52533.8,75,52539.5,15,15,271410
BANKNIFTY-II.NFO,01/07/2024,09:28:20,52530,52530,60,52539.5,15,15,271410
BANKNIFTY-II.NFO,01/07/2024,09:28:23,52530,52520.05,60,52531.9,45,0,271410
BANKNIFTY-II.NFO,01/07/2024,09:28:25,52520,52515.95,30,52527.95,30,75,271410
BANKNIFTY-II.NFO,01/07/2024,09:28:26,52515.9,52512.05,15,52526.8,30,15,271410
BANKNIFTY-II.NFO,01/07/2024,09:28:28,52525.2,52516,150,52529.9,45,15,271410
BANKNIFTY-II.NFO,01/07/2024,09:28:29,52525.2,52512.5,300,52523.9,45,0,271410
BANKNIFTY-II.NFO,01/07/2024,09:28:31,52516,52514.6,60,52525.9,45,15,271410
BANKNIFTY-II.NFO,01/07/2024,09:28:33,52516,52512.05,150,52525.9,30,0,271410
BANKNIFTY-II.NFO,01/07/2024,09:28:34,52516,52514.55,150,52525.9,45,0,271410
BANKNIFTY-II.NFO,01/07/2024,09:28:36,52515.7,52517.9,150,52526.15,15,15,271410
BANKNIFTY-II.NFO,01/07/2024,09:28:38,52515.7,52523.3,150,52533.95,30,0,271410
BANKNIFTY-II.NFO,01/07/2024,09:28:39,52515.7,52526.6,150,52534.3,15,0,271410
BANKNIFTY-II.NFO,01/07/2024,09:28:41,52515.7,52522.95,150,52535.9,30,0,271410
BANKNIFTY-II.NFO,01/07/2024,09:28:43,52515.7,52529.4,150,52536.25,15,0,271410
BANKNIFTY-II.NFO,01/07/2024,09:28:44,52515.7,52522.55,150,52532.2,30,0,271410
BANKNIFTY-II.NFO,01/07/2024,09:28:46,52515.7,52521.15,150,52533.95,30,0,271410
BANKNIFTY-II.NFO,01/07/2024,09:28:48,52515.7,52518.35,150,52531.9,30,0,271410
BANKNIFTY-II.NFO,01/07/2024,09:28:49,52518.4,52517.4,150,52530.6,30,30,271410
BANKNIFTY-II.NFO,01/07/2024,09:28:51,52530.6,52517.05,180,52530.2,45,15,271410
BANKNIFTY-II.NFO,01/07/2024,09:28:53,52538.2,52527.05,165,52537.05,15,60,271410
BANKNIFTY-II.NFO,01/07/2024,09:28:54,52529.35,52530.4,15,52538.25,15,15,271410
BANKNIFTY-II.NFO,01/07/2024,09:28:56,52529.35,52533.1,15,52541.4,15,0,271410
BANKNIFTY-II.NFO,01/07/2024,09:28:58,52529.35,52530.6,150,52540.95,30,0,271410
BANKNIFTY-II.NFO,01/07/2024,09:28:59,52529.35,52527.8,75,52539.1,45,0,271410
BANKNIFTY-II.NFO,01/07/2024,09:29:01,52529.35,52532.05,150,52541.35,45,0,271410
BANKNIFTY-II.NFO,01/07/2024,09:29:03,52541.15,52529.65,165,52541.05,15,15,271410
BANKNIFTY-II.NFO,01/07/2024,09:29:04,52541.15,52533.95,150,52541,15,0,271410
BANKNIFTY-II.NFO,01/07/2024,09:29:06,52541.15,52533,150,52541,15,0,271410
BANKNIFTY-II.NFO,01/07/2024,09:29:08,52541.15,52535.1,150,52542.9,15,0,271410
BANKNIFTY-II.NFO,01/07/2024,09:29:09,52541.15,52535.05,165,52542.9,15,0,271410
BANKNIFTY-II.NFO,01/07/2024,09:29:11,52541.15,52537.2,165,52542.9,15,0,271410
BANKNIFTY-II.NFO,01/07/2024,09:29:13,52541.15,52536.7,15,52540,60,0,271410
BANKNIFTY-II.NFO,01/07/2024,09:29:14,52541.15,52534.15,15,52540,60,0,271410
BANKNIFTY-II.NFO,01/07/2024,09:29:16,52541.15,52535.15,165,52544.05,15,0,271410
BANKNIFTY-II.NFO,01/07/2024,09:29:18,52537.2,52537.65,15,52544.05,15,30,271410
BANKNIFTY-II.NFO,01/07/2024,09:29:19,52537.2,52538.85,165,52544.05,15,0,271410
BANKNIFTY-II.NFO,01/07/2024,09:29:21,52544.55,52543,150,52550,30,150,271410
BANKNIFTY-II.NFO,01/07/2024,09:29:23,52556,52553,165,52560,180,60,271410
BANKNIFTY-II.NFO,01/07/2024,09:29:24,52556,52553.05,15,52560,180,0,271410
BANKNIFTY-II.NFO,01/07/2024,09:29:26,52556,52553.65,15,52560,180,0,271410
BANKNIFTY-II.NFO,01/07/2024,09:29:28,52556,52550.65,165,52559.95,120,0,271410
BANKNIFTY-II.NFO,01/07/2024,09:29:29,52560,52552.4,150,52560,165,15,271410
BANKNIFTY-II.NFO,01/07/2024,09:29:31,52560,52571.6,165,52582.5,120,165,271410
BANKNIFTY-II.NFO,01/07/2024,09:29:33,52574.8,52580,15,52585,15,30,271410
BANKNIFTY-II.NFO,01/07/2024,09:29:34,52580,52580.1,15,52582.15,15,15,271410
BANKNIFTY-II.NFO,01/07/2024,09:29:36,52580.1,52574.3,75,52582.15,15,15,271410
BANKNIFTY-II.NFO,01/07/2024,09:29:38,52580.1,52573.7,60,52582.05,15,0,271410
BANKNIFTY-II.NFO,01/07/2024,09:29:39,52583.8,52570.1,60,52583.7,135,30,271410
BANKNIFTY-II.NFO,01/07/2024,09:29:41,52583.8,52569.95,60,52577.3,15,0,271410
BANKNIFTY-II.NFO,01/07/2024,09:29:43,52583.8,52572.5,30,52579.7,15,0,271410
BANKNIFTY-II.NFO,01/07/2024,09:29:44,52583.8,52571.3,60,52579.1,120,0,271410
BANKNIFTY-II.NFO,01/07/2024,09:29:46,52571.3,52568.05,15,52579.95,120,45,271410
BANKNIFTY-II.NFO,01/07/2024,09:29:48,52571.3,52567.7,15,52577.2,30,0,271410
BANKNIFTY-II.NFO,01/07/2024,09:29:49,52571.3,52566,15,52576.05,30,0,271410
BANKNIFTY-II.NFO,01/07/2024,09:29:51,52571.3,52571.3,30,52577.65,120,0,271410
BANKNIFTY-II.NFO,01/07/2024,09:29:53,52571.3,52571.3,30,52575.85,120,0,271410
BANKNIFTY-II.NFO,01/07/2024,09:29:54,52571.3,52571.3,30,52577.1,150,0,271410
BANKNIFTY-II.NFO,01/07/2024,09:29:56,52571.3,52571.3,30,52578.1,15,0,271410
BANKNIFTY-II.NFO,01/07/2024,09:29:58,52571.3,52571.4,15,52578.1,15,0,271410
BANKNIFTY-II.NFO,01/07/2024,09:29:59,52571.3,52571.35,15,52578.1,15,0,271410
BANKNIFTY-II.NFO,01/07/2024,09:30:01,52580,52571.35,15,52582.6,135,15,271410
BANKNIFTY-II.NFO,01/07/2024,09:30:03,52580,52571.35,15,52579.1,15,0,271410
BANKNIFTY-II.NFO,01/07/2024,09:30:06,52580,52572.3,30,52579.1,15,0,271410
BANKNIFTY-II.NFO,01/07/2024,09:30:08,52572.45,52576.35,165,52583.05,15,15,271410
BANKNIFTY-II.NFO,01/07/2024,09:30:09,52585,52584.1,150,52590,30,15,271410
BANKNIFTY-II.NFO,01/07/2024,09:30:11,52610.95,52611.45,15,52620,15,345,271410
BANKNIFTY-II.NFO,01/07/2024,09:30:13,52626,52626.3,150,52635.55,120,75,271410
BANKNIFTY-II.NFO,01/07/2024,09:30:14,52620.75,52616.55,30,52631.9,120,90,271410
BANKNIFTY-II.NFO,01/07/2024,09:30:16,52616.55,52613.4,150,52622.5,120,15,271410
BANKNIFTY-II.NFO,01/07/2024,09:30:18,52616.55,52619.3,150,52629.9,120,0,271410
BANKNIFTY-II.NFO,01/07/2024,09:30:19,52620.8,52609.4,15,52620.8,120,15,271815
BANKNIFTY-II.NFO,01/07/2024,09:30:21,52620.8,52611,15,52621,30,0,271815
BANKNIFTY-II.NFO,01/07/2024,09:30:23,52621,52614.8,15,52625.9,30,15,271815
BANKNIFTY-II.NFO,01/07/2024,09:30:24,52609.15,52609.15,75,52621.6,135,120,271815
BANKNIFTY-II.NFO,01/07/2024,09:30:26,52609.15,52605.8,150,52615.75,45,0,271815
BANKNIFTY-II.NFO,01/07/2024,09:30:28,52609.55,52602.5,15,52611.95,15,30,271815
BANKNIFTY-II.NFO,01/07/2024,09:30:29,52600,52594.9,30,52611.9,135,30,271815
BANKNIFTY-II.NFO,01/07/2024,09:30:31,52609.6,52594.15,135,52604.6,120,75,271815
BANKNIFTY-II.NFO,01/07/2024,09:30:33,52592.4,52601.65,135,52611.7,30,15,271815
BANKNIFTY-II.NFO,01/07/2024,09:30:34,52592.4,52600.05,15,52609.55,15,0,271815
BANKNIFTY-II.NFO,01/07/2024,09:30:36,52592.4,52594.05,15,52607.3,120,0,271815
BANKNIFTY-II.NFO,01/07/2024,09:30:38,52592.4,52592.05,150,52603.05,45,0,271815
BANKNIFTY-II.NFO,01/07/2024,09:30:39,52592.4,52588.8,135,52601.3,30,0,271815
BANKNIFTY-II.NFO,01/07/2024,09:30:41,52592.4,52603.4,135,52607.5,30,0,271815
BANKNIFTY-II.NFO,01/07/2024,09:30:43,52602.35,52602.2,120,52609.55,15,15,271815
BANKNIFTY-II.NFO,01/07/2024,09:30:44,52602.35,52604.35,120,52609.55,15,0,271815
BANKNIFTY-II.NFO,01/07/2024,09:30:46,52609.55,52606.25,105,52613.2,15,30,271815
BANKNIFTY-II.NFO,01/07/2024,09:30:48,52609.55,52609,105,52613.2,15,0,271815
BANKNIFTY-II.NFO,01/07/2024,09:30:49,52609.55,52611.75,105,52615,30,0,271815
BANKNIFTY-II.NFO,01/07/2024,09:30:51,52609.55,52607.45,105,52613,15,0,271815
BANKNIFTY-II.NFO,01/07/2024,09:30:53,52609.55,52605.45,105,52612.95,30,0,271815
BANKNIFTY-II.NFO,01/07/2024,09:30:54,52609.55,52606.1,105,52612.95,30,0,271815
BANKNIFTY-II.NFO,01/07/2024,09:30:56,52609.55,52604.15,105,52613,15,0,271815
BANKNIFTY-II.NFO,01/07/2024,09:30:58,52609.55,52599.65,105,52609.4,30,0,271815
BANKNIFTY-II.NFO,01/07/2024,09:30:59,52609.55,52595.5,105,52604.9,30,0,271815
BANKNIFTY-II.NFO,01/07/2024,09:31:01,52609.55,52610.85,105,52613,15,0,271815
BANKNIFTY-II.NFO,01/07/2024,09:31:03,52620,52620.7,90,52622,15,60,271815
BANKNIFTY-II.NFO,01/07/2024,09:31:04,52630.85,52632.6,180,52643.95,15,30,271815
BANKNIFTY-II.NFO,01/07/2024,09:31:06,52653.95,52656.35,180,52666,15,105,271815
BANKNIFTY-II.NFO,01/07/2024,09:31:08,52653.95,52656.05,150,52665.9,30,0,271815
BANKNIFTY-II.NFO,01/07/2024,09:31:09,52653.95,52652,150,52664.95,30,0,271815
BANKNIFTY-II.NFO,01/07/2024,09:31:11,52653.95,52655.45,150,52666,15,0,271815
BANKNIFTY-II.NFO,01/07/2024,09:31:13,52653.95,52654.2,150,52654.45,15,0,271815
BANKNIFTY-II.NFO,01/07/2024,09:31:14,52660,52653.95,15,52661.85,120,30,271815
BANKNIFTY-II.NFO,01/07/2024,09:31:16,52667.9,52655.15,60,52667.85,120,45,271815
BANKNIFTY-II.NFO,01/07/2024,09:31:18,52667.9,52657.95,60,52671.4,15,0,271815
BANKNIFTY-II.NFO,01/07/2024,09:31:19,52675,52660.2,45,52670,15,75,271815
BANKNIFTY-II.NFO,01/07/2024,09:31:21,52670,52674.2,30,52680,15,45,271815
BANKNIFTY-II.NFO,01/07/2024,09:31:23,52700.85,52686.1,30,52705.9,30,465,271815
BANKNIFTY-II.NFO,01/07/2024,09:31:23,52701,52686.1,30,52705.9,30,0,271815
BANKNIFTY-II.NFO,01/07/2024,09:31:24,52700.85,52689.1,30,52707.9,120,0,271815
BANKNIFTY-II.NFO,01/07/2024,09:31:26,52688.1,52677.15,15,52685,15,15,271815
BANKNIFTY-II.NFO,01/07/2024,09:31:28,52675,52675,15,52685.7,120,150,271815
BANKNIFTY-II.NFO,01/07/2024,09:31:29,52675,52678.1,15,52690.4,120,0,271815
BANKNIFTY-II.NFO,01/07/2024,09:31:31,52675,52678.1,15,52692.6,30,0,271815
BANKNIFTY-II.NFO,01/07/2024,09:31:33,52688.05,52676.15,15,52689.05,30,15,271815
BANKNIFTY-II.NFO,01/07/2024,09:31:34,52688.05,52676.25,15,52689.65,45,0,271815
BANKNIFTY-II.NFO,01/07/2024,09:31:36,52675,52670.05,15,52683.3,120,60,271815
BANKNIFTY-II.NFO,01/07/2024,09:31:38,52675,52678.7,120,52693.3,30,0,271815
BANKNIFTY-II.NFO,01/07/2024,09:31:40,52675,52672.05,15,52685.15,30,0,271815
BANKNIFTY-II.NFO,01/07/2024,09:31:41,52670,52664.05,120,52675.15,45,15,271815
BANKNIFTY-II.NFO,01/07/2024,09:31:43,52670,52664.7,150,52678.5,30,0,271815
BANKNIFTY-II.NFO,01/07/2024,09:31:45,52670,52672.05,120,52681.9,30,0,271815
BANKNIFTY-II.NFO,01/07/2024,09:31:46,52670,52672.4,120,52682.55,30,0,271815
BANKNIFTY-II.NFO,01/07/2024,09:31:48,52670.65,52677.25,135,52686,15,15,271815
BANKNIFTY-II.NFO,01/07/2024,09:31:50,52670.65,52681.85,105,52686,15,0,271815
BANKNIFTY-II.NFO,01/07/2024,09:31:51,52670.65,52674.05,15,52685.95,45,0,271815
BANKNIFTY-II.NFO,01/07/2024,09:31:53,52670.65,52676.55,105,52685.95,45,0,271815
BANKNIFTY-II.NFO,01/07/2024,09:31:55,52669,52666.95,150,52680,30,15,271815
BANKNIFTY-II.NFO,01/07/2024,09:31:56,52676.05,52673.6,135,52685.95,45,30,271815
BANKNIFTY-II.NFO,01/07/2024,09:31:58,52688.05,52681.25,180,52690,45,45,271815
BANKNIFTY-II.NFO,01/07/2024,09:32:00,52690,52680.05,15,52692.65,120,45,271815
BANKNIFTY-II.NFO,01/07/2024,09:32:01,52692.65,52673.55,15,52689,120,15,271815
BANKNIFTY-II.NFO,01/07/2024,09:32:03,52692.65,52682.4,15,52695.25,120,0,271815
BANKNIFTY-II.NFO,01/07/2024,09:32:05,52690,52678.1,15,52689.2,45,15,271815
BANKNIFTY-II.NFO,01/07/2024,09:32:06,52690,52682.55,15,52692.1,120,0,271815
BANKNIFTY-II.NFO,01/07/2024,09:32:08,52690,52682.55,15,52690,15,0,271815
BANKNIFTY-II.NFO,01/07/2024,09:32:10,52682.55,52687.95,15,52690,15,15,271815
BANKNIFTY-II.NFO,01/07/2024,09:32:11,52682.55,52675.4,15,52686.1,30,0,271815
BANKNIFTY-II.NFO,01/07/2024,09:32:13,52682.55,52670.1,15,52681.15,120,0,271815
BANKNIFTY-II.NFO,01/07/2024,09:32:14,52670.05,52663.45,15,52675,120,15,271815
BANKNIFTY-II.NFO,01/07/2024,09:32:16,52670.05,52663.1,15,52674.45,135,0,271815
BANKNIFTY-II.NFO,01/07/2024,09:32:18,52663.1,52663.05,150,52674.25,135,15,271815
BANKNIFTY-II.NFO,01/07/2024,09:32:19,52665.55,52665.15,75,52675.2,120,30,271815
BANKNIFTY-II.NFO,01/07/2024,09:32:21,52665.55,52670.05,15,52678.4,120,0,271815
BANKNIFTY-II.NFO,01/07/2024,09:32:23,52665.15,52665.8,60,52678.5,120,30,271815
BANKNIFTY-II.NFO,01/07/2024,09:32:24,52675.75,52665.2,120,52675.7,150,255,271815
BANKNIFTY-II.NFO,01/07/2024,09:32:26,52675.75,52652.65,30,52665.9,120,0,271815
BANKNIFTY-II.NFO,01/07/2024,09:32:28,52675.75,52650,30,52654.7,120,0,271815
BANKNIFTY-II.NFO,01/07/2024,09:32:29,52654.7,52650,45,52657.1,105,15,271815
BANKNIFTY-II.NFO,01/07/2024,09:32:31,52650,52640.3,150,52655.9,90,45,271815
BANKNIFTY-II.NFO,01/07/2024,09:32:33,52650,52644.05,135,52657.35,90,0,271815
BANKNIFTY-II.NFO,01/07/2024,09:32:34,52650,52640.15,120,52657.3,90,0,271815
BANKNIFTY-II.NFO,01/07/2024,09:32:36,52650,52643.55,150,52656.8,90,0,271815
BANKNIFTY-II.NFO,01/07/2024,09:32:38,52650,52642.45,135,52656.7,90,0,271815
BANKNIFTY-II.NFO,01/07/2024,09:32:39,52650,52639.7,30,52653.9,90,0,271815
BANKNIFTY-II.NFO,01/07/2024,09:32:41,52650,52635.25,120,52647.9,90,0,271815
BANKNIFTY-II.NFO,01/07/2024,09:32:43,52631.75,52631.75,120,52647,105,15,271815
BANKNIFTY-II.NFO,01/07/2024,09:32:44,52631.75,52632.6,45,52647.6,105,0,271815
BANKNIFTY-II.NFO,01/07/2024,09:32:46,52647.6,52636.75,120,52649.95,15,300,271815
BANKNIFTY-II.NFO,01/07/2024,09:32:48,52635.15,52632.15,120,52649.9,30,15,271815
BANKNIFTY-II.NFO,01/07/2024,09:32:49,52649.9,52639.4,135,52649.95,15,15,271815
BANKNIFTY-II.NFO,01/07/2024,09:32:51,52637.4,52636.2,15,52651.9,30,15,271815
BANKNIFTY-II.NFO,01/07/2024,09:32:53,52631.5,52630.1,135,52645,45,165,271815
BANKNIFTY-II.NFO,01/07/2024,09:32:54,52631.5,52634.65,120,52647.9,45,0,271815
BANKNIFTY-II.NFO,01/07/2024,09:32:56,52631.5,52639.05,150,52650,15,0,271815
BANKNIFTY-II.NFO,01/07/2024,09:32:58,52631.5,52639.05,120,52650,15,0,271815
BANKNIFTY-II.NFO,01/07/2024,09:32:59,52631.5,52634.1,135,52646.4,45,0,271815
BANKNIFTY-II.NFO,01/07/2024,09:33:01,52631.5,52632.95,120,52645.6,45,0,271815
BANKNIFTY-II.NFO,01/07/2024,09:33:03,52631.5,52632.9,30,52644.2,45,0,271815
BANKNIFTY-II.NFO,01/07/2024,09:33:04,52633.65,52635.3,120,52649.75,60,15,271815
BANKNIFTY-II.NFO,01/07/2024,09:33:06,52648.05,52632.95,120,52645.45,45,15,271815
BANKNIFTY-II.NFO,01/07/2024,09:33:08,52648.05,52642.1,120,52655.6,45,0,271815
BANKNIFTY-II.NFO,01/07/2024,09:33:09,52648.05,52642.1,135,52654.6,60,0,271815
BANKNIFTY-II.NFO,01/07/2024,09:33:11,52642.1,52644.45,120,52658.25,135,75,271815
BANKNIFTY-II.NFO,01/07/2024,09:33:13,52642.1,52649.55,150,52662.75,135,0,271815
BANKNIFTY-II.NFO,01/07/2024,09:33:15,52642.1,52659.25,120,52669.95,120,0,271815
BANKNIFTY-II.NFO,01/07/2024,09:33:16,52658.05,52650.05,15,52665,120,15,271815
BANKNIFTY-II.NFO,01/07/2024,09:33:18,52658.05,52646.1,120,52660,150,0,271815
BANKNIFTY-II.NFO,01/07/2024,09:33:20,52658.05,52648.1,120,52661.35,120,0,271815
BANKNIFTY-II.NFO,01/07/2024,09:33:21,52658.05,52639.35,135,52651.9,120,0,271815
BANKNIFTY-II.NFO,01/07/2024,09:33:23,52658.05,52642.65,135,52655.5,120,0,271815
BANKNIFTY-II.NFO,01/07/2024,09:33:25,52642.65,52652.65,120,52665.55,120,15,272175
BANKNIFTY-II.NFO,01/07/2024,09:33:26,52642.65,52655.3,120,52666.2,135,0,272175
BANKNIFTY-II.NFO,01/07/2024,09:33:28,52642.65,52653.55,120,52658,15,0,272175
BANKNIFTY-II.NFO,01/07/2024,09:33:30,52654.45,52651.95,255,52658,15,15,272175
BANKNIFTY-II.NFO,01/07/2024,09:33:31,52654.45,52649.55,90,52658,15,0,272175
BANKNIFTY-II.NFO,01/07/2024,09:33:33,52654.45,52647.1,90,52657.95,120,0,272175
BANKNIFTY-II.NFO,01/07/2024,09:33:35,52654.45,52651.55,90,52658,15,0,272175
BANKNIFTY-II.NFO,01/07/2024,09:33:36,52654.45,52650.65,90,52658,15,0,272175
BANKNIFTY-II.NFO,01/07/2024,09:33:38,52654.45,52650.45,90,52658,15,0,272175
BANKNIFTY-II.NFO,01/07/2024,09:33:40,52650.15,52651,90,52658,15,15,272175
BANKNIFTY-II.NFO,01/07/2024,09:33:41,52650.15,52642.9,75,52655.75,120,0,272175
BANKNIFTY-II.NFO,01/07/2024,09:33:43,52650.15,52642.7,75,52655.9,120,0,272175
BANKNIFTY-II.NFO,01/07/2024,09:33:45,52650.15,52645.3,75,52655.95,15,0,272175
BANKNIFTY-II.NFO,01/07/2024,09:33:46,52650.15,52643.2,75,52657.95,120,0,272175
BANKNIFTY-II.NFO,01/07/2024,09:33:48,52650.15,52643.55,75,52656.75,135,0,272175
BANKNIFTY-II.NFO,01/07/2024,09:33:50,52650.15,52642.7,75,52656,135,0,272175
BANKNIFTY-II.NFO,01/07/2024,09:33:51,52650.15,52645.7,90,52657.95,120,0,272175
BANKNIFTY-II.NFO,01/07/2024,09:33:53,52650.15,52642.05,90,52654.35,120,0,272175
BANKNIFTY-II.NFO,01/07/2024,09:33:55,52650.15,52642.15,90,52655.95,120,0,272175
BANKNIFTY-II.NFO,01/07/2024,09:33:56,52642,52639.55,90,52653.6,120,15,272175
BANKNIFTY-II.NFO,01/07/2024,09:33:58,52642,52641.9,75,52654.45,135,0,272175
BANKNIFTY-II.NFO,01/07/2024,09:34:00,52642,52641.4,75,52655.6,120,0,272175
BANKNIFTY-II.NFO,01/07/2024,09:34:01,52642,52641,15,52655.8,120,0,272175
BANKNIFTY-II.NFO,01/07/2024,09:34:03,52644.85,52646.35,60,52657.95,135,30,272175
BANKNIFTY-II.NFO,01/07/2024,09:34:05,52646.8,52647.2,30,52655.95,15,15,272175
BANKNIFTY-II.NFO,01/07/2024,09:34:06,52646.8,52644.85,15,52656.95,135,0,272175
BANKNIFTY-II.NFO,01/07/2024,09:34:08,52646.8,52644.85,30,52657.95,135,0,272175
BANKNIFTY-II.NFO,01/07/2024,09:34:10,52645.7,52646.7,45,52657.95,135,150,272175
BANKNIFTY-II.NFO,01/07/2024,09:34:11,52645.7,52644.85,15,52656.7,135,0,272175
BANKNIFTY-II.NFO,01/07/2024,09:34:13,52645.7,52644.85,15,52649.95,135,0,272175
BANKNIFTY-II.NFO,01/07/2024,09:34:15,52645.7,52644.85,15,52647.95,150,0,272175
BANKNIFTY-II.NFO,01/07/2024,09:34:16,52645.7,52644.85,15,52649.95,120,0,272175
BANKNIFTY-II.NFO,01/07/2024,09:34:18,52645.7,52644.85,15,52649.95,135,0,272175
BANKNIFTY-II.NFO,01/07/2024,09:34:21,52644.85,52633.8,45,52645.65,135,15,272175
BANKNIFTY-II.NFO,01/07/2024,09:34:23,52632.9,52625,45,52634.6,120,180,272175
BANKNIFTY-II.NFO,01/07/2024,09:34:25,52625,52610.15,30,52622.45,120,45,272175
BANKNIFTY-II.NFO,01/07/2024,09:34:26,52625,52616.4,75,52629.35,135,0,272175
BANKNIFTY-II.NFO,01/07/2024,09:34:28,52625,52618.05,15,52627.45,135,0,272175
BANKNIFTY-II.NFO,01/07/2024,09:34:30,52625,52615.1,45,52626.85,135,0,272175
BANKNIFTY-II.NFO,01/07/2024,09:34:31,52625,52614.3,30,52628.15,120,0,272175
BANKNIFTY-II.NFO,01/07/2024,09:34:33,52625,52625,15,52631.7,135,0,272175
BANKNIFTY-II.NFO,01/07/2024,09:34:35,52625,52625,15,52629.55,120,0,272175
BANKNIFTY-II.NFO,01/07/2024,09:34:36,52625,52614.15,45,52626.25,135,15,272175
BANKNIFTY-II.NFO,01/07/2024,09:34:38,52626.25,52618.05,15,52631.1,120,15,272175
BANKNIFTY-II.NFO,01/07/2024,09:34:40,52626.25,52605.8,45,52616.05,300,0,272175
BANKNIFTY-II.NFO,01/07/2024,09:34:41,52626.25,52600.05,45,52608.95,30,0,272175
BANKNIFTY-II.NFO,01/07/2024,09:34:43,52600,52598,15,52600,180,120,272175
BANKNIFTY-II.NFO,01/07/2024,09:34:45,52600,52598.05,30,52609.25,30,180,272175
BANKNIFTY-II.NFO,01/07/2024,09:34:46,52600,52602.05,15,52611.95,30,0,272175
BANKNIFTY-II.NFO,01/07/2024,09:34:48,52613.5,52602.55,30,52613.55,30,30,272175
BANKNIFTY-II.NFO,01/07/2024,09:34:50,52613.5,52598,15,52608.2,120,0,272175
BANKNIFTY-II.NFO,01/07/2024,09:34:51,52613.5,52598.1,30,52609.7,30,0,272175
BANKNIFTY-II.NFO,01/07/2024,09:34:53,52613.5,52600.45,45,52612.05,135,0,272175
BANKNIFTY-II.NFO,01/07/2024,09:34:55,52613.5,52598,15,52607.65,30,0,272175
BANKNIFTY-II.NFO,01/07/2024,09:34:56,52613.5,52601.1,30,52613.1,120,0,272175
BANKNIFTY-II.NFO,01/07/2024,09:34:58,52613.5,52598.05,15,52608.35,135,0,272175
BANKNIFTY-II.NFO,01/07/2024,09:35:00,52613.5,52598,15,52606.65,120,0,272175
BANKNIFTY-II.NFO,01/07/2024,09:35:01,52598,52584.2,30,52599.9,120,15,272175
BANKNIFTY-II.NFO,01/07/2024,09:35:03,52598,52595.7,30,52609.9,120,0,272175
BANKNIFTY-II.NFO,01/07/2024,09:35:04,52598,52598.1,30,52609.95,120,0,272175
BANKNIFTY-II.NFO,01/07/2024,09:35:06,52598,52602.1,15,52604,45,0,272175
BANKNIFTY-II.NFO,01/07/2024,09:35:08,52601.7,52597.4,15,52600,15,15,272175
BANKNIFTY-II.NFO,01/07/2024,09:35:09,52601.7,52598.7,75,52600,15,0,272175
BANKNIFTY-II.NFO,01/07/2024,09:35:11,52600,52599.35,15,52604,45,15,272175
BANKNIFTY-II.NFO,01/07/2024,09:35:13,52600,52596.9,75,52604,45,0,272175
BANKNIFTY-II.NFO,01/07/2024,09:35:14,52603.65,52593,45,52603.7,120,30,272175
BANKNIFTY-II.NFO,01/07/2024,09:35:16,52603.65,52593.6,45,52603.85,120,0,272175
BANKNIFTY-II.NFO,01/07/2024,09:35:18,52603.65,52591.55,30,52602.25,120,0,272175
BANKNIFTY-II.NFO,01/07/2024,09:35:19,52603.65,52593.95,30,52596,225,0,272175
BANKNIFTY-II.NFO,01/07/2024,09:35:21,52596,52591.1,30,52596,30,195,272175
BANKNIFTY-II.NFO,01/07/2024,09:35:23,52596,52596.45,60,52601,45,30,272175
BANKNIFTY-II.NFO,01/07/2024,09:35:24,52601,52601.75,30,52613.35,30,45,272175
BANKNIFTY-II.NFO,01/07/2024,09:35:26,52613.5,52610.05,30,52621.1,120,15,272175
BANKNIFTY-II.NFO,01/07/2024,09:35:28,52613.5,52605.45,60,52618.25,135,0,272175
BANKNIFTY-II.NFO,01/07/2024,09:35:29,52613.5,52610.2,60,52621.7,120,0,272175
BANKNIFTY-II.NFO,01/07/2024,09:35:31,52613.5,52614,75,52625.7,135,0,272175
BANKNIFTY-II.NFO,01/07/2024,09:35:33,52613.5,52613.5,15,52618.05,120,0,272175
BANKNIFTY-II.NFO,01/07/2024,09:35:34,52613.5,52613.5,15,52618.95,45,0,272175
BANKNIFTY-II.NFO,01/07/2024,09:35:36,52613.5,52613.5,15,52618.1,30,0,272175
BANKNIFTY-II.NFO,01/07/2024,09:35:38,52613.5,52600.05,15,52608.4,30,15,272175
BANKNIFTY-II.NFO,01/07/2024,09:35:39,52613.5,52600,60,52607.1,120,0,272175
BANKNIFTY-II.NFO,01/07/2024,09:35:41,52613.5,52600,60,52606.55,120,0,272175
BANKNIFTY-II.NFO,01/07/2024,09:35:43,52613.5,52600,60,52608.95,120,0,272175
BANKNIFTY-II.NFO,01/07/2024,09:35:44,52613.5,52600,60,52606.25,30,0,272175
BANKNIFTY-II.NFO,01/07/2024,09:35:46,52613.5,52600,60,52607.3,120,0,272175
BANKNIFTY-II.NFO,01/07/2024,09:35:48,52613.5,52600.2,60,52611.45,120,0,272175
BANKNIFTY-II.NFO,01/07/2024,09:35:49,52608.7,52600,75,52607.05,150,45,272175
BANKNIFTY-II.NFO,01/07/2024,09:35:51,52600,52600,45,52604.9,120,30,272175
BANKNIFTY-II.NFO,01/07/2024,09:35:53,52584.85,52585.55,90,52597.05,45,75,272175
BANKNIFTY-II.NFO,01/07/2024,09:35:54,52584.85,52588.4,90,52599.15,120,0,272175
BANKNIFTY-II.NFO,01/07/2024,09:35:56,52584.85,52588.2,90,52600.3,120,0,272175
BANKNIFTY-II.NFO,01/07/2024,09:35:58,52584.85,52588.1,60,52598.75,120,0,272175
BANKNIFTY-II.NFO,01/07/2024,09:35:59,52584.85,52586.1,60,52596.75,135,0,272175
BANKNIFTY-II.NFO,01/07/2024,09:36:01,52584.85,52580.3,75,52591.95,135,0,272175
BANKNIFTY-II.NFO,01/07/2024,09:36:03,52584.4,52580.05,45,52591.55,120,30,272175
BANKNIFTY-II.NFO,01/07/2024,09:36:04,52584.4,52580.05,30,52590.4,120,0,272175
BANKNIFTY-II.NFO,01/07/2024,09:36:06,52584.4,52582.1,45,52592.2,120,0,272175
BANKNIFTY-II.NFO,01/07/2024,09:36:08,52584.4,52596.05,15,52608.2,120,0,272175
BANKNIFTY-II.NFO,01/07/2024,09:36:09,52584.4,52598.05,15,52607.3,135,0,272175
BANKNIFTY-II.NFO,01/07/2024,09:36:11,52584.4,52604.05,15,52612.75,120,0,272175
BANKNIFTY-II.NFO,01/07/2024,09:36:13,52584.4,52601.35,60,52613.35,120,0,272175
BANKNIFTY-II.NFO,01/07/2024,09:36:14,52613.5,52611.25,75,52621.5,15,15,272175
BANKNIFTY-II.NFO,01/07/2024,09:36:16,52613.5,52628.05,15,52640.55,120,0,272175
BANKNIFTY-II.NFO,01/07/2024,09:36:18,52613.5,52634.05,15,52640.35,135,0,272175
BANKNIFTY-II.NFO,01/07/2024,09:36:19,52613.5,52636.05,45,52645.7,120,0,272175
BANKNIFTY-II.NFO,01/07/2024,09:36:21,52638.1,52638.05,15,52645.05,135,15,272715
BANKNIFTY-II.NFO,01/07/2024,09:36:23,52638.1,52634.1,45,52644.25,30,0,272715
BANKNIFTY-II.NFO,01/07/2024,09:36:24,52638.1,52636.05,15,52644.55,120,0,272715
BANKNIFTY-II.NFO,01/07/2024,09:36:26,52642.65,52632.1,75,52643.35,120,30,272715
BANKNIFTY-II.NFO,01/07/2024,09:36:28,52642.65,52636.05,15,52642.25,30,0,272715
BANKNIFTY-II.NFO,01/07/2024,09:36:29,52642.65,52632.05,15,52640.9,120,0,272715
BANKNIFTY-II.NFO,01/07/2024,09:36:31,52642.65,52620,45,52629.75,30,0,272715
BANKNIFTY-II.NFO,01/07/2024,09:36:33,52625.15,52617.45,90,52629.3,135,30,272715
BANKNIFTY-II.NFO,01/07/2024,09:36:34,52625.15,52628.05,15,52639.05,120,0,272715
BANKNIFTY-II.NFO,01/07/2024,09:36:36,52625.15,52616.45,45,52629.75,120,0,272715
BANKNIFTY-II.NFO,01/07/2024,09:36:38,52626.35,52624.1,90,52635.7,120,15,272715
BANKNIFTY-II.NFO,01/07/2024,09:36:39,52626.35,52626.1,90,52639.6,120,0,272715
BANKNIFTY-II.NFO,01/07/2024,09:36:41,52626.35,52630.3,75,52641.45,120,0,272715
BANKNIFTY-II.NFO,01/07/2024,09:36:43,52626.35,52627.65,75,52642.1,120,0,272715
BANKNIFTY-II.NFO,01/07/2024,09:36:44,52626.35,52632.1,45,52642.4,120,0,272715
BANKNIFTY-II.NFO,01/07/2024,09:36:46,52642.6,52631.05,120,52642.6,120,45,272715
BANKNIFTY-II.NFO,01/07/2024,09:36:48,52642.6,52630.7,120,52642.6,120,0,272715
BANKNIFTY-II.NFO,01/07/2024,09:36:49,52642.6,52630.9,120,52642.1,120,0,272715
BANKNIFTY-II.NFO,01/07/2024,09:36:51,52642.6,52631.4,120,52642.2,120,0,272715
BANKNIFTY-II.NFO,01/07/2024,09:36:53,52638.55,52627.75,135,52640.3,120,15,272715
BANKNIFTY-II.NFO,01/07/2024,09:36:54,52638.55,52630.85,150,52642.4,120,0,272715
BANKNIFTY-II.NFO,01/07/2024,09:36:56,52638.55,52632.05,135,52642.6,120,0,272715
BANKNIFTY-II.NFO,01/07/2024,09:36:58,52638.55,52642.6,15,52642.65,15,0,272715
BANKNIFTY-II.NFO,01/07/2024,09:36:59,52649.85,52642.6,15,52650,60,30,272715
BANKNIFTY-II.NFO,01/07/2024,09:37:01,52649.85,52645.3,120,52650,60,0,272715
BANKNIFTY-II.NFO,01/07/2024,09:37:03,52649.85,52644.2,120,52650,60,0,272715
BANKNIFTY-II.NFO,01/07/2024,09:37:04,52650,52648.8,120,52655,15,60,272715
BANKNIFTY-II.NFO,01/07/2024,09:37:06,52650,52642.65,135,52653.9,120,0,272715
BANKNIFTY-II.NFO,01/07/2024,09:37:08,52650,52644.2,165,52655,15,0,272715
BANKNIFTY-II.NFO,01/07/2024,09:37:09,52650,52643.55,120,52654.95,135,0,272715
BANKNIFTY-II.NFO,01/07/2024,09:37:11,52655,52646.1,120,52657,120,15,272715
BANKNIFTY-II.NFO,01/07/2024,09:37:13,52650,52651.45,120,52658,15,15,272715
BANKNIFTY-II.NFO,01/07/2024,09:37:14,52660,52662.6,120,52666,15,75,272715
BANKNIFTY-II.NFO,01/07/2024,09:37:16,52675,52676.4,15,52677,150,90,272715
BANKNIFTY-II.NFO,01/07/2024,09:37:18,52677,52673.9,120,52677,60,90,272715
BANKNIFTY-II.NFO,01/07/2024,09:37:19,52677,52667.8,165,52677,60,0,272715
BANKNIFTY-II.NFO,01/07/2024,09:37:21,52677,52663.4,120,52674.65,30,0,272715
BANKNIFTY-II.NFO,01/07/2024,09:37:23,52677,52662.65,135,52674.6,30,0,272715
BANKNIFTY-II.NFO,01/07/2024,09:37:24,52677,52658,120,52670.7,30,0,272715
BANKNIFTY-II.NFO,01/07/2024,09:37:26,52677,52654.15,120,52664.65,30,0,272715
BANKNIFTY-II.NFO,01/07/2024,09:37:28,52677,52654.1,135,52666.25,45,0,272715
BANKNIFTY-II.NFO,01/07/2024,09:37:29,52677,52657,165,52669.05,45,0,272715
BANKNIFTY-II.NFO,01/07/2024,09:37:31,52677,52649.45,120,52661.65,45,0,272715
BANKNIFTY-II.NFO,01/07/2024,09:37:33,52677,52654.85,120,52668.85,45,0,272715
BANKNIFTY-II.NFO,01/07/2024,09:37:34,52677,52656.3,120,52667.9,30,0,272715
BANKNIFTY-II.NFO,01/07/2024,09:37:36,52677,52654.1,120,52665.15,30,0,272715
BANKNIFTY-II.NFO,01/07/2024,09:37:38,52677,52654,15,52660.1,120,0,272715
BANKNIFTY-II.NFO,01/07/2024,09:37:39,52660.9,52654,15,52658.9,120,15,272715
BANKNIFTY-II.NFO,01/07/2024,09:37:41,52660.9,52654,15,52658.8,120,0,272715
BANKNIFTY-II.NFO,01/07/2024,09:37:43,52654,52647.05,120,52659.75,150,15,272715
BANKNIFTY-II.NFO,01/07/2024,09:37:44,52654,52649.55,120,52662.1,120,0,272715
BANKNIFTY-II.NFO,01/07/2024,09:37:46,52665.45,52651.9,120,52663.2,30,90,272715
BANKNIFTY-II.NFO,01/07/2024,09:37:48,52665.45,52653.3,135,52664,30,0,272715
BANKNIFTY-II.NFO,01/07/2024,09:37:49,52665.45,52650.4,135,52662,30,0,272715
BANKNIFTY-II.NFO,01/07/2024,09:37:51,52665.45,52649.25,120,52661,30,0,272715
BANKNIFTY-II.NFO,01/07/2024,09:37:53,52665.45,52649.8,120,52660.35,30,0,272715
BANKNIFTY-II.NFO,01/07/2024,09:37:54,52650.1,52650.95,135,52662.65,45,30,272715
BANKNIFTY-II.NFO,01/07/2024,09:37:56,52650.1,52653.3,120,52664.6,45,0,272715
BANKNIFTY-II.NFO,01/07/2024,09:37:58,52654.7,52656.3,15,52665.4,75,30,272715
BANKNIFTY-II.NFO,01/07/2024,09:37:59,52654.7,52656.8,120,52665.45,15,0,272715
BANKNIFTY-II.NFO,01/07/2024,09:38:01,52654.7,52649.05,120,52660.1,75,0,272715
BANKNIFTY-II.NFO,01/07/2024,09:38:03,52657.35,52644.35,135,52657.2,60,15,272715
BANKNIFTY-II.NFO,01/07/2024,09:38:04,52657.35,52647.2,120,52659.15,30,0,272715
BANKNIFTY-II.NFO,01/07/2024,09:38:06,52657.35,52654.3,120,52660,15,0,272715
BANKNIFTY-II.NFO,01/07/2024,09:38:08,52657.35,52650.05,30,52659.95,60,0,272715
BANKNIFTY-II.NFO,01/07/2024,09:38:09,52650.05,52648.1,135,52658.75,75,15,272715
BANKNIFTY-II.NFO,01/07/2024,09:38:11,52654.7,52640.75,120,52652.3,60,15,272715
BANKNIFTY-II.NFO,01/07/2024,09:38:13,52654.7,52641.15,135,52652.15,60,0,272715
BANKNIFTY-II.NFO,01/07/2024,09:38:14,52654.7,52652.05,15,52660,60,0,272715
BANKNIFTY-II.NFO,01/07/2024,09:38:16,52654.7,52644.3,120,52656,60,0,272715
BANKNIFTY-II.NFO,01/07/2024,09:38:18,52654.7,52652.05,30,52660,60,0,272715
BANKNIFTY-II.NFO,01/07/2024,09:38:19,52654.7,52655.8,120,52660,60,0,272715
BANKNIFTY-II.NFO,01/07/2024,09:38:21,52654.2,52656.55,105,52660,60,90,272715
BANKNIFTY-II.NFO,01/07/2024,09:38:23,52660,52654.75,90,52660,30,30,272715
BANKNIFTY-II.NFO,01/07/2024,09:38:25,52660,52655.85,90,52660,30,0,272715
BANKNIFTY-II.NFO,01/07/2024,09:38:26,52660,52654.35,90,52660,30,0,272715
BANKNIFTY-II.NFO,01/07/2024,09:38:28,52660,52649.2,105,52659.95,30,0,272715
BANKNIFTY-II.NFO,01/07/2024,09:38:30,52660,52654.75,105,52660,15,15,272715
BANKNIFTY-II.NFO,01/07/2024,09:38:31,52665.45,52664.5,105,52670,15,30,272715
BANKNIFTY-II.NFO,01/07/2024,09:38:33,52670,52668.3,120,52677,90,15,272715
BANKNIFTY-II.NFO,01/07/2024,09:38:35,52680,52684.45,105,52686,15,105,272715
BANKNIFTY-II.NFO,01/07/2024,09:38:36,52715,52713.8,90,52716.1,15,585,272715
BANKNIFTY-II.NFO,01/07/2024,09:38:36,52715,52713.8,90,52716.1,15,0,272715
BANKNIFTY-II.NFO,01/07/2024,09:38:38,52716.1,52710.7,90,52720,15,15,272715
BANKNIFTY-II.NFO,01/07/2024,09:38:38,52716.1,52710.7,90,52720,15,0,272715
BANKNIFTY-II.NFO,01/07/2024,09:38:40,52715.2,52708.6,105,52719,120,15,272715
BANKNIFTY-II.NFO,01/07/2024,09:38:41,52715.2,52703.25,105,52713.8,30,0,272715
BANKNIFTY-II.NFO,01/07/2024,09:38:43,52702.55,52702.6,90,52714.2,30,15,272715
BANKNIFTY-II.NFO,01/07/2024,09:38:45,52708.9,52701.25,105,52713.5,30,15,272715
BANKNIFTY-II.NFO,01/07/2024,09:38:46,52708.9,52698.2,90,52715,120,0,272715
BANKNIFTY-II.NFO,01/07/2024,09:38:48,52708.9,52702.6,90,52713.95,120,0,272715
BANKNIFTY-II.NFO,01/07/2024,09:38:50,52708.9,52703,90,52716.05,120,0,272715
BANKNIFTY-II.NFO,01/07/2024,09:38:51,52700.35,52690.05,120,52704.45,15,150,272715
BANKNIFTY-II.NFO,01/07/2024,09:38:53,52700.35,52702.9,30,52713.65,15,0,272715
BANKNIFTY-II.NFO,01/07/2024,09:38:55,52715.85,52708,135,52716.1,30,45,272715
BANKNIFTY-II.NFO,01/07/2024,09:38:56,52715.85,52712.45,135,52716.1,30,0,272715
BANKNIFTY-II.NFO,01/07/2024,09:38:58,52726.35,52726.35,15,52727,90,75,272715
BANKNIFTY-II.NFO,01/07/2024,09:38:58,52726.35,52726.35,15,52727,90,0,272715
BANKNIFTY-II.NFO,01/07/2024,09:39:00,52750,52742.15,150,52750,225,420,272715
BANKNIFTY-II.NFO,01/07/2024,09:39:00,52750,52742.15,150,52750,225,0,272715
BANKNIFTY-II.NFO,01/07/2024,09:39:01,52748.4,52742.5,150,52756.55,15,240,272715
BANKNIFTY-II.NFO,01/07/2024,09:39:03,52748.7,52735.2,120,52746.55,30,15,272715
BANKNIFTY-II.NFO,01/07/2024,09:39:05,52736.05,52735.75,150,52750.1,75,45,272715
BANKNIFTY-II.NFO,01/07/2024,09:39:06,52736.05,52734.45,30,52742.5,45,0,272715
BANKNIFTY-II.NFO,01/07/2024,09:39:08,52734.6,52726.35,120,52734.65,30,15,272715
BANKNIFTY-II.NFO,01/07/2024,09:39:10,52736.5,52720.1,135,52732.65,45,105,272715
BANKNIFTY-II.NFO,01/07/2024,09:39:11,52734.5,52726.2,120,52734.5,15,15,272715
BANKNIFTY-II.NFO,01/07/2024,09:39:13,52728.55,52722.5,135,52734.4,45,15,272715
BANKNIFTY-II.NFO,01/07/2024,09:39:15,52728.55,52716,120,52726.2,15,0,272715
BANKNIFTY-II.NFO,01/07/2024,09:39:16,52730.85,52724.35,120,52733.2,30,45,272715
BANKNIFTY-II.NFO,01/07/2024,09:39:18,52731.25,52722.05,15,52732.3,45,15,272715
BANKNIFTY-II.NFO,01/07/2024,09:39:20,52728.55,52721.2,120,52731.25,15,15,272715
BANKNIFTY-II.NFO,01/07/2024,09:39:21,52731.2,52719,45,52730,15,45,273600
BANKNIFTY-II.NFO,01/07/2024,09:39:23,52731.2,52718.55,120,52730.1,15,0,273600
BANKNIFTY-II.NFO,01/07/2024,09:39:24,52721.2,52723.6,120,52731,30,15,273600
BANKNIFTY-II.NFO,01/07/2024,09:39:26,52728.55,52716.1,120,52728.4,30,15,273600
BANKNIFTY-II.NFO,01/07/2024,09:39:28,52728.55,52723.6,120,52734.55,30,15,273600
BANKNIFTY-II.NFO,01/07/2024,09:39:29,52727.35,52732.55,135,52736.65,60,15,273600
BANKNIFTY-II.NFO,01/07/2024,09:39:31,52732.6,52722.8,135,52732.9,30,15,273600
BANKNIFTY-II.NFO,01/07/2024,09:39:33,52732.6,52718.1,165,52731.2,90,0,273600
BANKNIFTY-II.NFO,01/07/2024,09:39:34,52731.5,52718.7,135,52731.75,60,30,273600
BANKNIFTY-II.NFO,01/07/2024,09:39:36,52728.65,52716.45,120,52728.35,75,210,273600
BANKNIFTY-II.NFO,01/07/2024,09:39:38,52728.65,52715.85,30,52725.1,75,0,273600
BANKNIFTY-II.NFO,01/07/2024,09:39:39,52715.85,52705.35,120,52716.3,75,30,273600
BANKNIFTY-II.NFO,01/07/2024,09:39:41,52715.85,52716.45,30,52726.9,75,0,273600
BANKNIFTY-II.NFO,01/07/2024,09:39:42,52715.85,52710.15,30,52721.55,120,0,273600
BANKNIFTY-II.NFO,01/07/2024,09:39:44,52715.85,52716.4,120,52727.9,75,15,273600
BANKNIFTY-II.NFO,01/07/2024,09:39:46,52715.85,52718.1,30,52729.05,90,0,273600
BANKNIFTY-II.NFO,01/07/2024,09:39:47,52715.85,52711.8,120,52723.95,105,0,273600
BANKNIFTY-II.NFO,01/07/2024,09:39:49,52715.85,52715.15,135,52727,90,0,273600
BANKNIFTY-II.NFO,01/07/2024,09:39:51,52704.75,52711.55,150,52724.45,120,900,273600
BANKNIFTY-II.NFO,01/07/2024,09:39:52,52704.75,52712.9,120,52723.5,30,0,273600
BANKNIFTY-II.NFO,01/07/2024,09:39:54,52704.75,52712.8,120,52723.4,45,0,273600
BANKNIFTY-II.NFO,01/07/2024,09:39:55,52704.75,52711.8,120,52724.5,120,0,273600
BANKNIFTY-II.NFO,01/07/2024,09:39:57,52704.75,52715.6,120,52726.55,30,0,273600
BANKNIFTY-II.NFO,01/07/2024,09:39:59,52715.6,52713.95,105,52726.9,30,15,273600
BANKNIFTY-II.NFO,01/07/2024,09:40:00,52715.6,52718.15,105,52729.7,30,0,273600
BANKNIFTY-II.NFO,01/07/2024,09:40:02,52715.6,52713.2,105,52725.85,135,0,273600
BANKNIFTY-II.NFO,01/07/2024,09:40:04,52715.6,52708.35,105,52723.15,45,0,273600
BANKNIFTY-II.NFO,01/07/2024,09:40:05,52715.6,52715,15,52722.05,30,0,273600
BANKNIFTY-II.NFO,01/07/2024,09:40:07,52715.6,52715.05,105,52727.3,120,0,273600
BANKNIFTY-II.NFO,01/07/2024,09:40:09,52715.6,52729.5,105,52736.65,60,0,273600
BANKNIFTY-II.NFO,01/07/2024,09:40:10,52732.25,52730.65,30,52736.65,60,15,273600
BANKNIFTY-II.NFO,01/07/2024,09:40:12,52732.25,52724.4,120,52736.65,60,0,273600
BANKNIFTY-II.NFO,01/07/2024,09:40:13,52726.05,52722.1,90,52732.85,120,30,273600
BANKNIFTY-II.NFO,01/07/2024,09:40:15,52726.05,52726.1,90,52736.5,120,0,273600
BANKNIFTY-II.NFO,01/07/2024,09:40:17,52726.05,52728.35,90,52736.65,60,0,273600
BANKNIFTY-II.NFO,01/07/2024,09:40:18,52726.05,52722.5,90,52734.15,120,0,273600
BANKNIFTY-II.NFO,01/07/2024,09:40:20,52726.05,52715.05,90,52724.8,120,15,273600
BANKNIFTY-II.NFO,01/07/2024,09:40:22,52726.05,52715,30,52720.5,135,0,273600
BANKNIFTY-II.NFO,01/07/2024,09:40:23,52726.05,52715,30,52720.3,135,0,273600
BANKNIFTY-II.NFO,01/07/2024,09:40:25,52715,52700.05,90,52709.2,15,30,273600
BANKNIFTY-II.NFO,01/07/2024,09:40:27,52700,52690.05,15,52701.65,135,225,273600
BANKNIFTY-II.NFO,01/07/2024,09:40:28,52697.05,52702.05,15,52710.45,150,30,273600
BANKNIFTY-II.NFO,01/07/2024,09:40:30,52697.05,52702.1,30,52713.85,120,0,273600
BANKNIFTY-II.NFO,01/07/2024,09:40:32,52697.05,52704.05,15,52713.9,120,0,273600
BANKNIFTY-II.NFO,01/07/2024,09:40:33,52697.05,52702.15,15,52706.35,120,0,273600
BANKNIFTY-II.NFO,01/07/2024,09:40:35,52702.15,52700,15,52705.85,120,15,273600
BANKNIFTY-II.NFO,01/07/2024,09:40:37,52702.15,52700,15,52710.2,120,0,273600
BANKNIFTY-II.NFO,01/07/2024,09:40:38,52696.95,52696.05,15,52707.1,120,150,273600
BANKNIFTY-II.NFO,01/07/2024,09:40:40,52696.95,52700.05,15,52706.75,120,0,273600
BANKNIFTY-II.NFO,01/07/2024,09:40:42,52696.95,52698.05,15,52706.1,135,0,273600
BANKNIFTY-II.NFO,01/07/2024,09:40:43,52709.85,52702.1,30,52711.55,135,30,273600
BANKNIFTY-II.NFO,01/07/2024,09:40:45,52709.85,52700.05,15,52708.15,135,0,273600
BANKNIFTY-II.NFO,01/07/2024,09:40:47,52709.85,52698.1,30,52709.1,120,0,273600
BANKNIFTY-II.NFO,01/07/2024,09:40:48,52709.85,52702.1,30,52714.5,135,0,273600
BANKNIFTY-II.NFO,01/07/2024,09:40:50,52709.85,52702.1,30,52714,135,0,273600
BANKNIFTY-II.NFO,01/07/2024,09:40:52,52702.05,52700.1,15,52710.35,135,15,273600
BANKNIFTY-II.NFO,01/07/2024,09:40:53,52702.05,52702.05,15,52712.05,120,0,273600
BANKNIFTY-II.NFO,01/07/2024,09:40:55,52702.05,52700.4,30,52710.9,135,0,273600
BANKNIFTY-II.NFO,01/07/2024,09:40:57,52702.05,52696.9,30,52712.7,120,0,273600
BANKNIFTY-II.NFO,01/07/2024,09:40:58,52702.05,52700.05,15,52709.2,135,0,273600
BANKNIFTY-II.NFO,01/07/2024,09:41:00,52702.05,52712.05,15,52720.3,120,0,273600
BANKNIFTY-II.NFO,01/07/2024,09:41:02,52702.05,52714.05,15,52722.85,120,0,273600
BANKNIFTY-II.NFO,01/07/2024,09:41:03,52702.05,52710.1,30,52721.15,135,0,273600
BANKNIFTY-II.NFO,01/07/2024,09:41:05,52702.05,52712.05,15,52721.6,135,0,273600
BANKNIFTY-II.NFO,01/07/2024,09:41:07,52702.05,52712.05,15,52722.75,120,0,273600
BANKNIFTY-II.NFO,01/07/2024,09:41:08,52702.05,52726.3,30,52733,180,0,273600
BANKNIFTY-II.NFO,01/07/2024,09:41:10,52702.05,52728.9,30,52733,180,0,273600
BANKNIFTY-II.NFO,01/07/2024,09:41:11,52702.05,52721.6,30,52729.75,15,0,273600
BANKNIFTY-II.NFO,01/07/2024,09:41:13,52736.65,52728.3,30,52737,15,225,273600
BANKNIFTY-II.NFO,01/07/2024,09:41:15,52736.65,52727.75,30,52737,15,0,273600
BANKNIFTY-II.NFO,01/07/2024,09:41:16,52736.65,52729.5,30,52736.8,120,0,273600
BANKNIFTY-II.NFO,01/07/2024,09:41:18,52736.65,52730.15,30,52737,15,0,273600
BANKNIFTY-II.NFO,01/07/2024,09:41:20,52749.65,52743.9,30,52750,90,90,273600
BANKNIFTY-II.NFO,01/07/2024,09:41:21,52766,52756.05,15,52761.9,30,405,273600
BANKNIFTY-II.NFO,01/07/2024,09:41:21,52766,52756.05,15,52761.9,30,0,273600
BANKNIFTY-II.NFO,01/07/2024,09:41:23,52764.5,52750.1,30,52762.8,30,15,273600
BANKNIFTY-II.NFO,01/07/2024,09:41:25,52745.35,52740.85,30,52754.25,30,45,273600
BANKNIFTY-II.NFO,01/07/2024,09:41:26,52745.35,52735.55,30,52747.95,45,0,273600
BANKNIFTY-II.NFO,01/07/2024,09:41:28,52747.95,52736.55,30,52749.35,30,30,273600
BANKNIFTY-II.NFO,01/07/2024,09:41:30,52747.95,52732.1,30,52747.1,30,0,273600
BANKNIFTY-II.NFO,01/07/2024,09:41:31,52747.95,52740.05,15,52750.75,30,0,273600
BANKNIFTY-II.NFO,01/07/2024,09:41:33,52747.95,52744.6,30,52752,15,0,273600
BANKNIFTY-II.NFO,01/07/2024,09:41:35,52741.2,52738.5,30,52751.85,30,15,273600
BANKNIFTY-II.NFO,01/07/2024,09:41:36,52736.05,52742.05,15,52752,15,45,273600
BANKNIFTY-II.NFO,01/07/2024,09:41:38,52747.95,52732.05,15,52744.5,45,30,273600
BANKNIFTY-II.NFO,01/07/2024,09:41:40,52744.5,52742.1,30,52747.95,15,15,273600
BANKNIFTY-II.NFO,01/07/2024,09:41:41,52744.5,52739.3,30,52747.95,15,0,273600
BANKNIFTY-II.NFO,01/07/2024,09:41:43,52741.55,52741.55,15,52747.95,15,15,273600
BANKNIFTY-II.NFO,01/07/2024,09:41:45,52740.8,52742.1,30,52747.95,15,15,273600
BANKNIFTY-II.NFO,01/07/2024,09:41:46,52740.8,52740.4,30,52747.95,15,0,273600
BANKNIFTY-II.NFO,01/07/2024,09:41:48,52747.95,52742.05,15,52751,15,15,273600
BANKNIFTY-II.NFO,01/07/2024,09:41:50,52747.95,52740,15,52750.65,45,0,273600
BANKNIFTY-II.NFO,01/07/2024,09:41:51,52752,52742.15,30,52754.9,30,30,273600
BANKNIFTY-II.NFO,01/07/2024,09:41:53,52742.1,52746.55,30,52755,15,15,273600
BANKNIFTY-II.NFO,01/07/2024,09:41:55,52742.1,52740,15,52751.35,45,0,273600
BANKNIFTY-II.NFO,01/07/2024,09:41:56,52742.1,52742.05,15,52750.9,45,0,273600
BANKNIFTY-II.NFO,01/07/2024,09:41:58,52740,52738.2,30,52750.95,30,15,273600
BANKNIFTY-II.NFO,01/07/2024,09:42:00,52740,52740.95,30,52751,15,0,273600
BANKNIFTY-II.NFO,01/07/2024,09:42:01,52740,52734.05,15,52745.85,30,0,273600
BANKNIFTY-II.NFO,01/07/2024,09:42:03,52740,52738.05,15,52748.6,45,0,273600
BANKNIFTY-II.NFO,01/07/2024,09:42:05,52745.35,52740.05,15,52750.95,45,15,273600
BANKNIFTY-II.NFO,01/07/2024,09:42:06,52740.7,52724.95,30,52737.1,45,15,273600
BANKNIFTY-II.NFO,01/07/2024,09:42:08,52739.7,52728.05,15,52738.15,45,15,273600
BANKNIFTY-II.NFO,01/07/2024,09:42:10,52739.7,52726.05,15,52737.15,45,0,273600
BANKNIFTY-II.NFO,01/07/2024,09:42:11,52739.7,52720.45,30,52733.75,45,0,273600
BANKNIFTY-II.NFO,01/07/2024,09:42:13,52739.7,52732.05,15,52743.05,30,0,273600
BANKNIFTY-II.NFO,01/07/2024,09:42:15,52742.8,52736.9,30,52749.25,15,30,273600
BANKNIFTY-II.NFO,01/07/2024,09:42:16,52742.8,52736.1,30,52748.5,75,0,273600
BANKNIFTY-II.NFO,01/07/2024,09:42:18,52742.8,52742.95,30,52750,15,0,273600
BANKNIFTY-II.NFO,01/07/2024,09:42:20,52741.6,52742.7,30,52750,15,15,273600
BANKNIFTY-II.NFO,01/07/2024,09:42:21,52741.6,52737.05,30,52749.95,15,0,273600
BANKNIFTY-II.NFO,01/07/2024,09:42:23,52741.6,52742.1,30,52750,15,15,273855
BANKNIFTY-II.NFO,01/07/2024,09:42:25,52741.6,52742.9,30,52750,15,0,273855
BANKNIFTY-II.NFO,01/07/2024,09:42:26,52741.6,52741.6,15,52750,30,0,273855
BANKNIFTY-II.NFO,01/07/2024,09:42:28,52741.6,52741.75,30,52750,15,0,273855
BANKNIFTY-II.NFO,01/07/2024,09:42:30,52741.6,52746.3,120,52750,15,0,273855
BANKNIFTY-II.NFO,01/07/2024,09:42:31,52755,52753.8,30,52767.2,45,45,273855
BANKNIFTY-II.NFO,01/07/2024,09:42:33,52755,52766.05,15,52776.95,30,0,273855
BANKNIFTY-II.NFO,01/07/2024,09:42:35,52755,52767.3,120,52777,150,0,273855
BANKNIFTY-II.NFO,01/07/2024,09:42:36,52755,52760.1,120,52776.95,45,0,273855
BANKNIFTY-II.NFO,01/07/2024,09:42:38,52755,52765.6,30,52776.95,30,0,273855
BANKNIFTY-II.NFO,01/07/2024,09:42:40,52755,52764.05,15,52775.45,45,0,273855
BANKNIFTY-II.NFO,01/07/2024,09:42:41,52764.05,52764.05,15,52776.95,45,15,273855
BANKNIFTY-II.NFO,01/07/2024,09:42:43,52776.95,52760.15,30,52774.35,30,15,273855
BANKNIFTY-II.NFO,01/07/2024,09:42:43,52776.95,52760.15,30,52774.35,30,0,273855
BANKNIFTY-II.NFO,01/07/2024,09:42:45,52762.95,52762.1,30,52775.25,45,45,273855
BANKNIFTY-II.NFO,01/07/2024,09:42:47,52764.05,52766.05,15,52776.95,45,15,273855
BANKNIFTY-II.NFO,01/07/2024,09:42:48,52766.05,52764.1,30,52775.1,150,15,273855
BANKNIFTY-II.NFO,01/07/2024,09:42:50,52766.05,52764.05,90,52774.85,195,0,273855
BANKNIFTY-II.NFO,01/07/2024,09:42:52,52771.15,52764.05,60,52768,165,45,273855
BANKNIFTY-II.NFO,01/07/2024,09:42:53,52764.2,52764.05,60,52766.05,15,30,273855
BANKNIFTY-II.NFO,01/07/2024,09:42:55,52764.2,52764.05,60,52766.05,15,0,273855
BANKNIFTY-II.NFO,01/07/2024,09:42:57,52766.05,52766.55,30,52775.5,15,30,273855
BANKNIFTY-II.NFO,01/07/2024,09:42:58,52766.05,52769.8,120,52775.5,15,0,273855
BANKNIFTY-II.NFO,01/07/2024,09:43:00,52780.05,52784.2,120,52792,15,255,273855
BANKNIFTY-II.NFO,01/07/2024,09:43:00,52780.05,52784.2,120,52792,15,0,273855
BANKNIFTY-II.NFO,01/07/2024,09:43:02,52780.05,52780.1,120,52791.75,45,0,273855
BANKNIFTY-II.NFO,01/07/2024,09:43:03,52780.05,52776.95,15,52781.2,45,0,273855
BANKNIFTY-II.NFO,01/07/2024,09:43:05,52780.05,52776.95,15,52784.9,15,0,273855
BANKNIFTY-II.NFO,01/07/2024,09:43:07,52780.05,52776.95,15,52780.05,30,0,273855
BANKNIFTY-II.NFO,01/07/2024,09:43:08,52776.95,52769.05,120,52780.05,30,15,273855
BANKNIFTY-II.NFO,01/07/2024,09:43:10,52776.95,52770.6,120,52780.05,30,0,273855
BANKNIFTY-II.NFO,01/07/2024,09:43:12,52776.95,52770.2,120,52780.05,30,0,273855
BANKNIFTY-II.NFO,01/07/2024,09:43:13,52776.95,52767.1,120,52778.9,30,0,273855
BANKNIFTY-II.NFO,01/07/2024,09:43:15,52776.95,52770.1,120,52780,15,0,273855
BANKNIFTY-II.NFO,01/07/2024,09:43:17,52770.85,52772.05,15,52779.25,15,15,273855
BANKNIFTY-II.NFO,01/07/2024,09:43:18,52780,52773.3,120,52780.05,30,15,273855
BANKNIFTY-II.NFO,01/07/2024,09:43:20,52769.45,52766.9,120,52777.1,30,15,273855
BANKNIFTY-II.NFO,01/07/2024,09:43:22,52769.45,52766.1,120,52776.05,30,0,273855
BANKNIFTY-II.NFO,01/07/2024,09:43:23,52769.45,52772.05,15,52779.7,30,0,273855
BANKNIFTY-II.NFO,01/07/2024,09:43:25,52769.45,52766.05,15,52773.85,45,0,273855
BANKNIFTY-II.NFO,01/07/2024,09:43:27,52769.45,52770.75,120,52780.05,30,0,273855
BANKNIFTY-II.NFO,01/07/2024,09:43:28,52769.45,52768.25,120,52778.15,30,0,273855
BANKNIFTY-II.NFO,01/07/2024,09:43:30,52769.45,52766.1,120,52777.7,45,0,273855
BANKNIFTY-II.NFO,01/07/2024,09:43:32,52769.45,52769.7,120,52780,30,0,273855
BANKNIFTY-II.NFO,01/07/2024,09:43:33,52769.45,52772.3,120,52780.05,30,0,273855
BANKNIFTY-II.NFO,01/07/2024,09:43:35,52769.45,52772,15,52780.05,30,0,273855
BANKNIFTY-II.NFO,01/07/2024,09:43:37,52769.45,52772,15,52777.65,60,0,273855
BANKNIFTY-II.NFO,01/07/2024,09:43:38,52769.45,52772,15,52778.6,45,0,273855
BANKNIFTY-II.NFO,01/07/2024,09:43:40,52769.45,52772,15,52776.15,60,0,273855
BANKNIFTY-II.NFO,01/07/2024,09:43:42,52769.45,52766,15,52768.35,60,30,273855
BANKNIFTY-II.NFO,01/07/2024,09:43:43,52764.05,52752.25,120,52761.9,30,75,273855
BANKNIFTY-II.NFO,01/07/2024,09:43:45,52750.95,52750,30,52758.8,60,15,273855
BANKNIFTY-II.NFO,01/07/2024,09:43:47,52750.05,52750.05,120,52760.35,75,15,273855
BANKNIFTY-II.NFO,01/07/2024,09:43:48,52750.05,52754.1,120,52764,60,0,273855
BANKNIFTY-II.NFO,01/07/2024,09:43:50,52750.05,52750.85,120,52761.85,75,0,273855
BANKNIFTY-II.NFO,01/07/2024,09:43:52,52750.05,52753.15,120,52764,75,0,273855
BANKNIFTY-II.NFO,01/07/2024,09:43:53,52750.05,52750.05,120,52759.5,75,0,273855
BANKNIFTY-II.NFO,01/07/2024,09:43:55,52755.65,52750.05,15,52758.65,75,15,273855
BANKNIFTY-II.NFO,01/07/2024,09:43:57,52755.65,52750,30,52756.25,105,0,273855
BANKNIFTY-II.NFO,01/07/2024,09:43:58,52756.25,52750,30,52756.25,60,15,273855
BANKNIFTY-II.NFO,01/07/2024,09:44:00,52756.25,52750,30,52757.2,45,0,273855
BANKNIFTY-II.NFO,01/07/2024,09:44:02,52750,52741.6,15,52749.45,45,30,273855
BANKNIFTY-II.NFO,01/07/2024,09:44:03,52750,52742.1,120,52751.45,60,0,273855
BANKNIFTY-II.NFO,01/07/2024,09:44:05,52750,52742.1,120,52754,60,0,273855
BANKNIFTY-II.NFO,01/07/2024,09:44:07,52750,52741.6,15,52748.5,30,0,273855
BANKNIFTY-II.NFO,01/07/2024,09:44:08,52750,52742.1,120,52754.55,60,0,273855
BANKNIFTY-II.NFO,01/07/2024,09:44:10,52742.45,52741.6,15,52749.9,120,105,273855
BANKNIFTY-II.NFO,01/07/2024,09:44:12,52742.45,52742.05,15,52750.95,120,0,273855
BANKNIFTY-II.NFO,01/07/2024,09:44:13,52742.45,52741.65,90,52752.3,120,0,273855
BANKNIFTY-II.NFO,01/07/2024,09:44:15,52744.6,52742.4,60,52754.1,120,30,273855
BANKNIFTY-II.NFO,01/07/2024,09:44:17,52744.6,52746.25,60,52750,15,0,273855
BANKNIFTY-II.NFO,01/07/2024,09:44:18,52744.6,52745.65,60,52750,15,0,273855
BANKNIFTY-II.NFO,01/07/2024,09:44:20,52744.6,52745,15,52750,15,0,273855
BANKNIFTY-II.NFO,01/07/2024,09:44:22,52744.6,52746.05,60,52750,15,0,273855
BANKNIFTY-II.NFO,01/07/2024,09:44:23,52744.6,52745.15,60,52750,15,0,273855
BANKNIFTY-II.NFO,01/07/2024,09:44:25,52750,52750.05,15,52756.65,120,15,273855
BANKNIFTY-II.NFO,01/07/2024,09:44:27,52750,52750.05,15,52758.9,15,0,273855
BANKNIFTY-II.NFO,01/07/2024,09:44:28,52750,52748.1,60,52758.3,45,0,273855
BANKNIFTY-II.NFO,01/07/2024,09:44:30,52754.05,52752.05,15,52758.8,135,15,273855
BANKNIFTY-II.NFO,01/07/2024,09:44:32,52754.05,52750.05,15,52758.9,135,0,273855
BANKNIFTY-II.NFO,01/07/2024,09:44:35,52750.05,52750,15,52757.55,15,135,273855
BANKNIFTY-II.NFO,01/07/2024,09:44:37,52756.05,52754.05,15,52762.6,120,15,273855
BANKNIFTY-II.NFO,01/07/2024,09:44:38,52764.05,52758.05,15,52766.9,120,15,273855
BANKNIFTY-II.NFO,01/07/2024,09:44:40,52769.85,52758.1,15,52768.6,30,15,273855
BANKNIFTY-II.NFO,01/07/2024,09:44:42,52755.85,52750.45,30,52762.35,45,45,273855
BANKNIFTY-II.NFO,01/07/2024,09:44:43,52755.85,52752.05,15,52763.7,30,0,273855
BANKNIFTY-II.NFO,01/07/2024,09:44:45,52755.85,52752.05,15,52760.75,30,0,273855
BANKNIFTY-II.NFO,01/07/2024,09:44:47,52755.85,52758.1,30,52768.85,30,0,273855
BANKNIFTY-II.NFO,01/07/2024,09:44:48,52755.85,52762.2,30,52769.85,15,0,273855
BANKNIFTY-II.NFO,01/07/2024,09:44:50,52768.7,52768.7,15,52777,30,45,273855
BANKNIFTY-II.NFO,01/07/2024,09:44:52,52768.7,52758.05,15,52768.7,45,15,273855
BANKNIFTY-II.NFO,01/07/2024,09:44:53,52776.45,52766.05,15,52773.8,45,30,273855
BANKNIFTY-II.NFO,01/07/2024,09:44:55,52776.45,52762.5,30,52776.8,45,0,273855
BANKNIFTY-II.NFO,01/07/2024,09:44:57,52774.25,52766.1,30,52777,30,15,273855
BANKNIFTY-II.NFO,01/07/2024,09:44:58,52777,52767,30,52777,15,15,273855
BANKNIFTY-II.NFO,01/07/2024,09:45:00,52784.45,52776.5,120,52787,105,375,273855
BANKNIFTY-II.NFO,01/07/2024,09:45:00,52784.45,52776.5,120,52787,105,0,273855
BANKNIFTY-II.NFO,01/07/2024,09:45:02,52775,52762.1,135,52776.2,150,15,273855
BANKNIFTY-II.NFO,01/07/2024,09:45:03,52762.1,52770.45,120,52782.2,120,60,273855
BANKNIFTY-II.NFO,01/07/2024,09:45:05,52762.1,52766.1,120,52779.3,150,0,273855
BANKNIFTY-II.NFO,01/07/2024,09:45:07,52762.1,52764.1,135,52776.6,165,0,273855
BANKNIFTY-II.NFO,01/07/2024,09:45:08,52762.1,52760.05,15,52769.8,120,0,273855
BANKNIFTY-II.NFO,01/07/2024,09:45:10,52774.95,52764.1,120,52775.55,120,15,273855
BANKNIFTY-II.NFO,01/07/2024,09:45:12,52774.95,52759.75,120,52771.35,135,0,273855
BANKNIFTY-II.NFO,01/07/2024,09:45:13,52774.95,52762.05,15,52773.15,135,0,273855
BANKNIFTY-II.NFO,01/07/2024,09:45:15,52774.95,52763.6,120,52776.35,105,0,273855
BANKNIFTY-II.NFO,01/07/2024,09:45:17,52776.45,52765.2,45,52776.7,30,90,273855
BANKNIFTY-II.NFO,01/07/2024,09:45:18,52767.35,52766.05,15,52776.5,15,15,273855
BANKNIFTY-II.NFO,01/07/2024,09:45:20,52767.35,52760.05,135,52772.15,60,0,273855
BANKNIFTY-II.NFO,01/07/2024,09:45:22,52767.35,52760,15,52765.45,15,0,273855
BANKNIFTY-II.NFO,01/07/2024,09:45:23,52760,52755.85,30,52761.6,30,15,274065
BANKNIFTY-II.NFO,01/07/2024,09:45:25,52760,52755.95,120,52766.9,15,0,274065
BANKNIFTY-II.NFO,01/07/2024,09:45:27,52760,52755.85,30,52763.2,45,0,274065
BANKNIFTY-II.NFO,01/07/2024,09:45:28,52760,52755.9,30,52767.5,15,0,274065
BANKNIFTY-II.NFO,01/07/2024,09:45:30,52760,52758.1,30,52768.95,15,0,274065
BANKNIFTY-II.NFO,01/07/2024,09:45:32,52760,52761,120,52770.15,60,0,274065
BANKNIFTY-II.NFO,01/07/2024,09:45:33,52760,52756.05,120,52760,75,0,274065
BANKNIFTY-II.NFO,01/07/2024,09:45:35,52760,52755.9,120,52760,75,0,274065
BANKNIFTY-II.NFO,01/07/2024,09:45:37,52760,52755.85,30,52760,60,15,274065
BANKNIFTY-II.NFO,01/07/2024,09:45:38,52760,52755.85,30,52760,60,0,274065
BANKNIFTY-II.NFO,01/07/2024,09:45:40,52761.1,52755.85,30,52761.6,15,120,274065
BANKNIFTY-II.NFO,01/07/2024,09:45:42,52755.85,52758.3,135,52769.1,15,15,274065
BANKNIFTY-II.NFO,01/07/2024,09:45:43,52757.85,52755.85,15,52762.65,15,15,274065
BANKNIFTY-II.NFO,01/07/2024,09:45:45,52757.85,52756.25,120,52766.5,30,0,274065
BANKNIFTY-II.NFO,01/07/2024,09:45:47,52757.85,52755.85,15,52765.5,60,0,274065
BANKNIFTY-II.NFO,01/07/2024,09:45:48,52757.85,52755.85,15,52764.8,60,0,274065
BANKNIFTY-II.NFO,01/07/2024,09:45:50,52757.85,52755.85,15,52757.85,15,0,274065
BANKNIFTY-II.NFO,01/07/2024,09:45:52,52755.85,52751.5,135,52757.85,15,15,274065
BANKNIFTY-II.NFO,01/07/2024,09:45:53,52755.85,52753.5,120,52757.85,15,0,274065
BANKNIFTY-II.NFO,01/07/2024,09:45:55,52757.85,52752.2,135,52762.75,60,15,274065
BANKNIFTY-II.NFO,01/07/2024,09:45:57,52757.85,52753.25,150,52760,45,0,274065
BANKNIFTY-II.NFO,01/07/2024,09:45:58,52757.85,52752.95,135,52760,45,0,274065
BANKNIFTY-II.NFO,01/07/2024,09:46:00,52760,52760.2,120,52765,15,45,274065
BANKNIFTY-II.NFO,01/07/2024,09:46:02,52765,52768.9,120,52779.95,15,15,274065
BANKNIFTY-II.NFO,01/07/2024,09:46:03,52765,52762.1,135,52773.3,15,0,274065
BANKNIFTY-II.NFO,01/07/2024,09:46:05,52757.85,52757.85,120,52767.7,30,15,274065
BANKNIFTY-II.NFO,01/07/2024,09:46:07,52757.85,52752.3,120,52764.85,60,0,274065
BANKNIFTY-II.NFO,01/07/2024,09:46:08,52757.85,52752.85,120,52764.7,45,0,274065
BANKNIFTY-II.NFO,01/07/2024,09:46:10,52757.85,52751.25,120,52760,15,0,274065
BANKNIFTY-II.NFO,01/07/2024,09:46:12,52757.85,52751.2,135,52760,15,0,274065
BANKNIFTY-II.NFO,01/07/2024,09:46:13,52757.85,52750.7,135,52760,15,0,274065
BANKNIFTY-II.NFO,01/07/2024,09:46:15,52760,52752.95,120,52764,15,30,274065
BANKNIFTY-II.NFO,01/07/2024,09:46:17,52760,52756.3,120,52767.55,75,0,274065
BANKNIFTY-II.NFO,01/07/2024,09:46:18,52760,52752.1,120,52763.5,75,0,274065
BANKNIFTY-II.NFO,01/07/2024,09:46:20,52760,52750.05,120,52762,90,0,274065
BANKNIFTY-II.NFO,01/07/2024,09:46:22,52744.35,52744.35,60,52750,750,165,274065
BANKNIFTY-II.NFO,01/07/2024,09:46:23,52744.35,52741.6,15,52747.9,30,0,274065
BANKNIFTY-II.NFO,01/07/2024,09:46:25,52744.35,52741.6,15,52746.7,75,0,274065
BANKNIFTY-II.NFO,01/07/2024,09:46:27,52744.35,52741.6,15,52747.85,30,0,274065
BANKNIFTY-II.NFO,01/07/2024,09:46:28,52744.35,52741.6,15,52749.95,120,0,274065
BANKNIFTY-II.NFO,01/07/2024,09:46:30,52747,52741.6,15,52748.55,120,30,274065
BANKNIFTY-II.NFO,01/07/2024,09:46:32,52740,52737.65,45,52749.05,75,30,274065
BANKNIFTY-II.NFO,01/07/2024,09:46:33,52748.3,52736.65,60,52747.5,150,15,274065
BANKNIFTY-II.NFO,01/07/2024,09:46:35,52748.3,52730.05,60,52739.1,60,0,274065
BANKNIFTY-II.NFO,01/07/2024,09:46:37,52748.3,52733.75,105,52745.8,120,0,274065
BANKNIFTY-II.NFO,01/07/2024,09:46:38,52748.3,52735.1,60,52747.9,165,0,274065
BANKNIFTY-II.NFO,01/07/2024,09:46:40,52747.25,52735.8,120,52747.1,135,45,274065
BANKNIFTY-II.NFO,01/07/2024,09:46:42,52747.25,52737.45,120,52748.35,120,0,274065
BANKNIFTY-II.NFO,01/07/2024,09:46:43,52747.25,52733.55,120,52744.95,150,0,274065
BANKNIFTY-II.NFO,01/07/2024,09:46:45,52747.25,52734.95,105,52748.05,165,0,274065
BANKNIFTY-II.NFO,01/07/2024,09:46:47,52747.25,52732.4,105,52743.4,15,0,274065
BANKNIFTY-II.NFO,01/07/2024,09:46:48,52747.25,52731.7,120,52743.35,135,0,274065
BANKNIFTY-II.NFO,01/07/2024,09:46:50,52747.25,52732.05,120,52743.7,135,0,274065
BANKNIFTY-II.NFO,01/07/2024,09:46:52,52741.95,52731.5,135,52743.3,135,15,274065
BANKNIFTY-II.NFO,01/07/2024,09:46:53,52741.95,52731.9,135,52743.9,120,0,274065
BANKNIFTY-II.NFO,01/07/2024,09:46:55,52741.95,52731.75,120,52744.05,120,0,274065
BANKNIFTY-II.NFO,01/07/2024,09:46:57,52741.95,52730.25,120,52741.1,15,0,274065
BANKNIFTY-II.NFO,01/07/2024,09:46:58,52741.95,52731.45,135,52742.85,120,0,274065
BANKNIFTY-II.NFO,01/07/2024,09:47:00,52741.95,52730.1,30,52740.25,120,0,274065
BANKNIFTY-II.NFO,01/07/2024,09:47:02,52730,52727.25,30,52730.5,120,75,274065
BANKNIFTY-II.NFO,01/07/2024,09:47:03,52728.65,52724.1,30,52729.85,105,45,274065
BANKNIFTY-II.NFO,01/07/2024,09:47:05,52728.65,52724.1,30,52734.55,105,0,274065
BANKNIFTY-II.NFO,01/07/2024,09:47:07,52728.65,52724.55,30,52734.95,120,0,274065
BANKNIFTY-II.NFO,01/07/2024,09:47:08,52728.65,52726.25,120,52730,750,0,274065
BANKNIFTY-II.NFO,01/07/2024,09:47:10,52730,52729.1,135,52730,225,540,274065
BANKNIFTY-II.NFO,01/07/2024,09:47:12,52747.2,52745.1,135,52750,60,300,274065
BANKNIFTY-II.NFO,01/07/2024,09:47:13,52750,52746.55,135,52750,45,15,274065
BANKNIFTY-II.NFO,01/07/2024,09:47:15,52750,52743.5,120,52750,45,0,274065
BANKNIFTY-II.NFO,01/07/2024,09:47:17,52750,52739.25,15,52749.7,120,0,274065
BANKNIFTY-II.NFO,01/07/2024,09:47:18,52750,52729.75,135,52749.95,135,0,274065
BANKNIFTY-II.NFO,01/07/2024,09:47:20,52750,52729.8,120,52742.45,135,0,274065
BANKNIFTY-II.NFO,01/07/2024,09:47:22,52750,52727.6,135,52740.85,120,0,274065
BANKNIFTY-II.NFO,01/07/2024,09:47:23,52750,52726.8,135,52738.35,45,0,274065
BANKNIFTY-II.NFO,01/07/2024,09:47:25,52750,52725.25,135,52738,45,0,274065
BANKNIFTY-II.NFO,01/07/2024,09:47:27,52750,52727.95,120,52740.8,120,0,274065
BANKNIFTY-II.NFO,01/07/2024,09:47:28,52750,52729.6,120,52741.2,120,0,274065
BANKNIFTY-II.NFO,01/07/2024,09:47:30,52739.95,52731.1,120,52742.2,135,15,274065
BANKNIFTY-II.NFO,01/07/2024,09:47:32,52739.95,52729.95,120,52740.85,120,0,274065
BANKNIFTY-II.NFO,01/07/2024,09:47:33,52739.95,52728.1,120,52739.6,120,0,274065
BANKNIFTY-II.NFO,01/07/2024,09:47:35,52739.95,52729.15,120,52745,30,0,274065
BANKNIFTY-II.NFO,01/07/2024,09:47:37,52739.95,52738.8,120,52745,15,0,274065
BANKNIFTY-II.NFO,01/07/2024,09:47:38,52739.95,52734.15,120,52745,15,0,274065
BANKNIFTY-II.NFO,01/07/2024,09:47:40,52739.95,52736.3,120,52745,15,0,274065
BANKNIFTY-II.NFO,01/07/2024,09:47:42,52739.95,52733.15,120,52744.35,30,0,274065
BANKNIFTY-II.NFO,01/07/2024,09:47:43,52739.95,52733.4,120,52744.4,120,0,274065
BANKNIFTY-II.NFO,01/07/2024,09:47:45,52739.95,52735.4,135,52745,15,0,274065
BANKNIFTY-II.NFO,01/07/2024,09:47:47,52739.95,52732.65,135,52744.7,135,0,274065
BANKNIFTY-II.NFO,01/07/2024,09:47:48,52739.95,52735.5,120,52745,15,0,274065
BANKNIFTY-II.NFO,01/07/2024,09:47:50,52739.95,52741.95,120,52745,15,0,274065
BANKNIFTY-II.NFO,01/07/2024,09:47:52,52745,52745.15,120,52750,45,15,274065
BANKNIFTY-II.NFO,01/07/2024,09:47:53,52752.5,52752,120,52755,30,75,274065
BANKNIFTY-II.NFO,01/07/2024,09:47:55,52760,52767.15,150,52775.7,120,105,274065
BANKNIFTY-II.NFO,01/07/2024,09:47:57,52760,52757.65,120,52769.7,120,0,274065
BANKNIFTY-II.NFO,01/07/2024,09:47:58,52760,52750.05,15,52761.4,135,0,274065
BANKNIFTY-II.NFO,01/07/2024,09:48:00,52760,52744.1,120,52756.35,120,0,274065
BANKNIFTY-II.NFO,01/07/2024,09:48:02,52760,52748.15,120,52757.9,120,0,274065
BANKNIFTY-II.NFO,01/07/2024,09:48:03,52760,52744.4,120,52754.95,120,0,274065
BANKNIFTY-II.NFO,01/07/2024,09:48:05,52760,52742.1,120,52753.6,120,0,274065
BANKNIFTY-II.NFO,01/07/2024,09:48:07,52760,52742.1,120,52751.65,45,0,274065
BANKNIFTY-II.NFO,01/07/2024,09:48:08,52760,52742.05,15,52750.75,45,0,274065
BANKNIFTY-II.NFO,01/07/2024,09:48:10,52760,52740.1,120,52750.75,120,0,274065
BANKNIFTY-II.NFO,01/07/2024,09:48:12,52760,52740.1,120,52751.55,120,0,274065
BANKNIFTY-II.NFO,01/07/2024,09:48:13,52760,52750,15,52752.5,120,0,274065
BANKNIFTY-II.NFO,01/07/2024,09:48:15,52750,52742.05,15,52750.4,120,15,274065
BANKNIFTY-II.NFO,01/07/2024,09:48:17,52750,52736.1,135,52747.35,135,0,274065
BANKNIFTY-II.NFO,01/07/2024,09:48:18,52750,52736.1,135,52748.35,120,0,274065
BANKNIFTY-II.NFO,01/07/2024,09:48:20,52750,52736.05,15,52743.4,45,0,274065
BANKNIFTY-II.NFO,01/07/2024,09:48:22,52750,52732.95,135,52744.9,135,0,274065
BANKNIFTY-II.NFO,01/07/2024,09:48:23,52750,52732.1,120,52742.85,120,0,274065
BANKNIFTY-II.NFO,01/07/2024,09:48:25,52750,52732.1,120,52742.8,120,0,274065
BANKNIFTY-II.NFO,01/07/2024,09:48:27,52750,52734.05,15,52743.4,120,0,274065
BANKNIFTY-II.NFO,01/07/2024,09:48:28,52750,52734.05,15,52742.45,30,0,274065
BANKNIFTY-II.NFO,01/07/2024,09:48:30,52750,52736.05,15,52746.15,135,0,274065
BANKNIFTY-II.NFO,01/07/2024,09:48:32,52736.1,52740.7,105,52752.85,120,15,274125
BANKNIFTY-II.NFO,01/07/2024,09:48:33,52736.1,52748.25,105,52759.05,135,0,274125
BANKNIFTY-II.NFO,01/07/2024,09:48:35,52736.1,52751.05,105,52760,30,0,274125
BANKNIFTY-II.NFO,01/07/2024,09:48:37,52736.1,52744.95,105,52755.65,120,0,274125
BANKNIFTY-II.NFO,01/07/2024,09:48:38,52736.1,52746.4,105,52757.2,45,0,274125
BANKNIFTY-II.NFO,01/07/2024,09:48:40,52736.1,52741.9,105,52753.05,135,0,274125
BANKNIFTY-II.NFO,01/07/2024,09:48:42,52736.1,52740,15,52748.2,30,0,274125
BANKNIFTY-II.NFO,01/07/2024,09:48:43,52736.1,52740,15,52749.5,120,0,274125
BANKNIFTY-II.NFO,01/07/2024,09:48:45,52736.1,52744.25,105,52756.3,120,0,274125
BANKNIFTY-II.NFO,01/07/2024,09:48:47,52736.1,52753.7,120,52760,60,0,274125
BANKNIFTY-II.NFO,01/07/2024,09:48:48,52760,52757.95,120,52760,15,45,274125
BANKNIFTY-II.NFO,01/07/2024,09:48:50,52760,52762.05,15,52769.35,120,15,274125
BANKNIFTY-II.NFO,01/07/2024,09:48:52,52760,52760.05,15,52768.05,120,0,274125
BANKNIFTY-II.NFO,01/07/2024,09:48:53,52760,52758.05,15,52767.45,120,0,274125
BANKNIFTY-II.NFO,01/07/2024,09:48:55,52760,52753.95,105,52764.65,150,0,274125
BANKNIFTY-II.NFO,01/07/2024,09:48:57,52760,52756.1,105,52767,135,0,274125
BANKNIFTY-II.NFO,01/07/2024,09:48:58,52760,52752.9,150,52762.15,120,0,274125
BANKNIFTY-II.NFO,01/07/2024,09:49:00,52760,52748.35,105,52758.8,120,0,274125
BANKNIFTY-II.NFO,01/07/2024,09:49:02,52760,52752.35,150,52761.25,135,0,274125
BANKNIFTY-II.NFO,01/07/2024,09:49:03,52760,52752.05,15,52761.15,135,0,274125
BANKNIFTY-II.NFO,01/07/2024,09:49:05,52758.9,52747.15,120,52758.05,75,60,274125
BANKNIFTY-II.NFO,01/07/2024,09:49:07,52758.9,52747.8,120,52757.8,90,0,274125
BANKNIFTY-II.NFO,01/07/2024,09:49:08,52758.9,52750.05,15,52757.4,75,0,274125
BANKNIFTY-II.NFO,01/07/2024,09:49:10,52758.9,52741.35,120,52752.4,75,0,274125
BANKNIFTY-II.NFO,01/07/2024,09:49:12,52758.9,52740.1,120,52749.4,75,0,274125
BANKNIFTY-II.NFO,01/07/2024,09:49:13,52750.6,52742.05,15,52750.3,75,15,274125
BANKNIFTY-II.NFO,01/07/2024,09:49:15,52750.6,52744.05,15,52752.1,60,0,274125
BANKNIFTY-II.NFO,01/07/2024,09:49:17,52750.6,52740.05,15,52748.55,60,0,274125
BANKNIFTY-II.NFO,01/07/2024,09:49:18,52750.6,52740,15,52748.25,75,0,274125
BANKNIFTY-II.NFO,01/07/2024,09:49:20,52750.6,52740,15,52744.95,75,0,274125
BANKNIFTY-II.NFO,01/07/2024,09:49:22,52740,52736,15,52742.6,75,15,274125
BANKNIFTY-II.NFO,01/07/2024,09:49:23,52736,52724.3,120,52735.9,60,15,274125
BANKNIFTY-II.NFO,01/07/2024,09:49:25,52736,52728.1,120,52739.3,75,0,274125
BANKNIFTY-II.NFO,01/07/2024,09:49:27,52736,52732.75,120,52747.35,60,0,274125
BANKNIFTY-II.NFO,01/07/2024,09:49:28,52736,52733.8,120,52747.2,60,0,274125
BANKNIFTY-II.NFO,01/07/2024,09:49:30,52736,52730.65,120,52743.4,75,0,274125
BANKNIFTY-II.NFO,01/07/2024,09:49:32,52742.5,52730.9,120,52742.5,45,15,274125
BANKNIFTY-II.NFO,01/07/2024,09:49:33,52742.5,52732.15,135,52743.95,60,0,274125
BANKNIFTY-II.NFO,01/07/2024,09:49:35,52742.5,52731.3,120,52743.3,45,0,274125
BANKNIFTY-II.NFO,01/07/2024,09:49:37,52742.5,52733.9,120,52746,60,0,274125
BANKNIFTY-II.NFO,01/07/2024,09:49:38,52742.5,52733.15,135,52744.9,60,0,274125
BANKNIFTY-II.NFO,01/07/2024,09:49:40,52742.5,52732.1,135,52744.25,60,0,274125
BANKNIFTY-II.NFO,01/07/2024,09:49:42,52732.2,52730,120,52741.8,60,15,274125
BANKNIFTY-II.NFO,01/07/2024,09:49:43,52732.2,52729.1,120,52740.5,60,0,274125
BANKNIFTY-II.NFO,01/07/2024,09:49:45,52732.2,52726.7,135,52738.85,75,0,274125
BANKNIFTY-II.NFO,01/07/2024,09:49:47,52732.2,52725.1,135,52737.1,75,0,274125
BANKNIFTY-II.NFO,01/07/2024,09:49:48,52732.2,52728.2,120,52740.65,75,0,274125
BANKNIFTY-II.NFO,01/07/2024,09:49:50,52732.2,52732,120,52744.6,45,15,274125
BANKNIFTY-II.NFO,01/07/2024,09:49:52,52732.2,52734.25,120,52746.65,45,0,274125
BANKNIFTY-II.NFO,01/07/2024,09:49:53,52732.2,52730.4,135,52741.95,45,0,274125
BANKNIFTY-II.NFO,01/07/2024,09:49:55,52732.2,52726,120,52732.2,30,0,274125
BANKNIFTY-II.NFO,01/07/2024,09:49:57,52732.2,52726.2,120,52732.2,30,0,274125
BANKNIFTY-II.NFO,01/07/2024,09:49:58,52726.5,52730.3,120,52732.2,30,15,274125
BANKNIFTY-II.NFO,01/07/2024,09:50:00,52726.5,52724.35,120,52732.2,30,0,274125
BANKNIFTY-II.NFO,01/07/2024,09:50:02,52726.5,52726.55,120,52732.2,30,0,274125
BANKNIFTY-II.NFO,01/07/2024,09:50:03,52726.5,52726.6,120,52732.2,30,0,274125
BANKNIFTY-II.NFO,01/07/2024,09:50:05,52726.5,52727.4,120,52732.2,30,0,274125
BANKNIFTY-II.NFO,01/07/2024,09:50:07,52726.5,52726.65,120,52732.2,30,0,274125
BANKNIFTY-II.NFO,01/07/2024,09:50:08,52732.2,52732.25,120,52744.85,45,30,274125
BANKNIFTY-II.NFO,01/07/2024,09:50:10,52732.2,52728.95,135,52741.35,45,0,274125
BANKNIFTY-II.NFO,01/07/2024,09:50:12,52732.2,52731.8,135,52744.25,45,0,274125
BANKNIFTY-II.NFO,01/07/2024,09:50:13,52732.2,52731.7,120,52744.05,45,0,274125
BANKNIFTY-II.NFO,01/07/2024,09:50:15,52732.2,52728.5,135,52740.5,45,0,274125
BANKNIFTY-II.NFO,01/07/2024,09:50:17,52732.2,52733.85,120,52745.95,30,0,274125
BANKNIFTY-II.NFO,01/07/2024,09:50:18,52732.2,52737.35,120,52749.85,45,0,274125
BANKNIFTY-II.NFO,01/07/2024,09:50:20,52732.2,52739.6,120,52751.85,45,0,274125
BANKNIFTY-II.NFO,01/07/2024,09:50:22,52732.2,52732.6,135,52745.2,45,0,274125
BANKNIFTY-II.NFO,01/07/2024,09:50:23,52732.2,52731.45,135,52743.2,45,0,274125
BANKNIFTY-II.NFO,01/07/2024,09:50:25,52732.2,52730.85,135,52743,45,0,274125
BANKNIFTY-II.NFO,01/07/2024,09:50:27,52732.2,52731.25,120,52740.4,45,0,274125
BANKNIFTY-II.NFO,01/07/2024,09:50:28,52732.2,52727,135,52738.7,45,0,274125
BANKNIFTY-II.NFO,01/07/2024,09:50:30,52732.2,52726.55,120,52736.5,15,0,274125
