Ticker,Date,Time,LTP,BuyPrice,BuyQty,SellPrice,SellQty,LTQ,OpenInterest
NIFTY-I.NFO,01/07/2024,09:15:00,24125,24100.05,50,24114.95,100,2925,0
NIFTY-I.NFO,01/07/2024,09:15:00,24125,24100.05,50,24114.95,100,0,0
NIFTY-I.NFO,01/07/2024,09:15:00,24132.25,24100.05,50,24114.95,100,0,0
NIFTY-I.NFO,01/07/2024,09:15:00,24100,24100.05,50,24114.95,100,0,0
NIFTY-I.NFO,01/07/2024,09:15:01,24098.55,24089.05,100,24098.55,200,7725,14158500
NIFTY-I.NFO,01/07/2024,09:15:01,24087.05,24089.05,100,24098.55,200,0,14158500
NIFTY-I.NFO,01/07/2024,09:15:02,24095.65,24091.8,125,24095.65,325,6750,14158500
NIFTY-I.NFO,01/07/2024,09:15:04,24095.8,24095.8,125,24104.75,100,8800,14158500
NIFTY-I.NFO,01/07/2024,09:15:05,24102.5,24102.5,100,24108.35,75,6125,14158500
NIFTY-I.NFO,01/07/2024,09:15:07,24108.4,24105.1,225,24108.4,300,5100,14158500
NIFTY-I.NFO,01/07/2024,09:15:08,24108.3,24101.45,100,24112.4,25,4500,14158500
NIFTY-I.NFO,01/07/2024,09:15:09,24103.05,24101.2,825,24103.95,100,1725,14158500
NIFTY-I.NFO,01/07/2024,09:15:11,24102.3,24102.3,100,24108.6,50,4225,14158500
NIFTY-I.NFO,01/07/2024,09:15:12,24101.05,24101.65,25,24105.4,100,6200,14158500
NIFTY-I.NFO,01/07/2024,09:15:14,24104.1,24098.7,100,24104.7,100,2900,14158500
NIFTY-I.NFO,01/07/2024,09:15:15,24104.3,24100.1,25,24104.3,50,2800,14158500
NIFTY-I.NFO,01/07/2024,09:15:17,24104.9,24100.1,100,24104.5,25,4525,14158500
NIFTY-I.NFO,01/07/2024,09:15:18,24104.15,24101.2,25,24104.1,50,6400,14158500
NIFTY-I.NFO,01/07/2024,09:15:20,24104.1,24101,25,24103.55,25,3175,14158500
NIFTY-I.NFO,01/07/2024,09:15:21,24097.15,24095.15,100,24096.9,25,3950,14116450
NIFTY-I.NFO,01/07/2024,09:15:23,24095.3,24092.45,100,24095.3,25,3825,14116450
NIFTY-I.NFO,01/07/2024,09:15:24,24090.95,24090,125,24090.95,125,3125,14116450
NIFTY-I.NFO,01/07/2024,09:15:26,24090.95,24091,25,24091.8,25,3025,14116450
NIFTY-I.NFO,01/07/2024,09:15:27,24089.8,24086,700,24089.45,25,5675,14116450
NIFTY-I.NFO,01/07/2024,09:15:27,24086,24086,700,24089.45,25,0,14116450
NIFTY-I.NFO,01/07/2024,09:15:29,24088.55,24086.05,100,24088.3,50,2375,14116450
NIFTY-I.NFO,01/07/2024,09:15:30,24082,24082.1,50,24088.45,100,2825,14116450
NIFTY-I.NFO,01/07/2024,09:15:30,24082,24082.1,50,24088.45,100,0,14116450
NIFTY-I.NFO,01/07/2024,09:15:32,24087.8,24084.8,100,24087.9,25,2450,14116450
NIFTY-I.NFO,01/07/2024,09:15:34,24082.95,24082.9,125,24085.5,50,2525,14116450
NIFTY-I.NFO,01/07/2024,09:15:35,24087.55,24083.85,100,24088.5,50,3100,14116450
NIFTY-I.NFO,01/07/2024,09:15:37,24088.3,24085.05,100,24087.9,125,3150,14116450
NIFTY-I.NFO,01/07/2024,09:15:38,24090.4,24088.25,50,24090.55,25,2025,14116450
NIFTY-I.NFO,01/07/2024,09:15:40,24088.65,24088.3,25,24090.75,50,1825,14116450
NIFTY-I.NFO,01/07/2024,09:15:41,24089.4,24089.4,75,24090.9,75,475,14116450
NIFTY-I.NFO,01/07/2024,09:15:43,24093.4,24089.45,75,24093.2,100,1475,14116450
NIFTY-I.NFO,01/07/2024,09:15:44,24090.9,24090.05,50,24093.3,50,1025,14116450
NIFTY-I.NFO,01/07/2024,09:15:46,24093.85,24089.7,25,24093.85,175,3475,14116450
NIFTY-I.NFO,01/07/2024,09:15:47,24096.25,24093,125,24096.65,25,3025,14116450
NIFTY-I.NFO,01/07/2024,09:15:49,24099.6,24095.6,125,24099.6,75,1450,14116450
NIFTY-I.NFO,01/07/2024,09:15:50,24100.5,24095.9,25,24100.5,50,3025,14116450
NIFTY-I.NFO,01/07/2024,09:15:52,24106.95,24103.1,225,24107.4,75,3200,14116450
NIFTY-I.NFO,01/07/2024,09:15:53,24111.8,24110,325,24113,100,9775,14116450
NIFTY-I.NFO,01/07/2024,09:15:55,24110,24103.9,225,24109.45,50,5075,14116450
NIFTY-I.NFO,01/07/2024,09:15:57,24101.45,24101.75,75,24105.95,100,775,14116450
NIFTY-I.NFO,01/07/2024,09:15:58,24102,24101.95,50,24105.7,275,375,14116450
NIFTY-I.NFO,01/07/2024,09:16:00,24104.4,24105.5,25,24109.95,25,1700,14116450
NIFTY-I.NFO,01/07/2024,09:16:01,24109.25,24106.4,175,24109.2,25,300,14116450
NIFTY-I.NFO,01/07/2024,09:16:03,24108.8,24103.95,200,24108.8,75,2625,14116450
NIFTY-I.NFO,01/07/2024,09:16:04,24109.8,24106.1,200,24110,125,575,14116450
NIFTY-I.NFO,01/07/2024,09:16:06,24106.1,24105.95,175,24108.5,250,925,14116450
NIFTY-I.NFO,01/07/2024,09:16:07,24106.45,24102,350,24105.6,100,750,14116450
NIFTY-I.NFO,01/07/2024,09:16:09,24101.55,24100.75,25,24101.55,400,2300,14116450
NIFTY-I.NFO,01/07/2024,09:16:10,24104.75,24101.15,25,24105.7,50,2725,14116450
NIFTY-I.NFO,01/07/2024,09:16:12,24104.7,24101.5,50,24103.35,50,2750,14116450
NIFTY-I.NFO,01/07/2024,09:16:13,24102.6,24100,25,24102.6,50,100,14116450
NIFTY-I.NFO,01/07/2024,09:16:15,24104.75,24102.8,25,24105.95,25,1050,14116450
NIFTY-I.NFO,01/07/2024,09:16:16,24108.1,24104.35,100,24108,125,2000,14116450
NIFTY-I.NFO,01/07/2024,09:16:18,24108.8,24104.15,200,24108.8,50,3075,14116450
NIFTY-I.NFO,01/07/2024,09:16:19,24102.9,24102.05,125,24107.45,225,375,14116450
NIFTY-I.NFO,01/07/2024,09:16:21,24110,24106.15,200,24110,1225,1500,14116450
NIFTY-I.NFO,01/07/2024,09:16:22,24110.8,24107.1,125,24111,900,1575,14116450
NIFTY-I.NFO,01/07/2024,09:16:24,24111,24108.25,150,24111.8,25,1325,14116450
NIFTY-I.NFO,01/07/2024,09:16:26,24107.95,24107.9,125,24111.95,175,400,14116450
NIFTY-I.NFO,01/07/2024,09:16:27,24106.2,24106.65,200,24109.95,25,700,14116450
NIFTY-I.NFO,01/07/2024,09:16:29,24110.05,24110,25,24111.85,100,3450,14116450
NIFTY-I.NFO,01/07/2024,09:16:30,24110,24106.7,150,24111.6,100,925,14116450
NIFTY-I.NFO,01/07/2024,09:16:32,24107.9,24109.2,150,24113.3,225,100,14116450
NIFTY-I.NFO,01/07/2024,09:16:33,24109.8,24108,100,24112.45,25,2650,14116450
NIFTY-I.NFO,01/07/2024,09:16:35,24113.25,24110.05,100,24113.25,25,775,14116450
NIFTY-I.NFO,01/07/2024,09:16:36,24108.6,24108.6,150,24110,25,1900,14116450
NIFTY-I.NFO,01/07/2024,09:16:38,24108.6,24107,50,24110.05,25,650,14116450
NIFTY-I.NFO,01/07/2024,09:16:39,24110.55,24110.55,50,24112.3,25,225,14116450
NIFTY-I.NFO,01/07/2024,09:16:41,24112.3,24112.35,175,24116.3,175,2050,14116450
NIFTY-I.NFO,01/07/2024,09:16:42,24112.35,24112.35,25,24115,50,300,14116450
NIFTY-I.NFO,01/07/2024,09:16:44,24111.55,24111.55,125,24115.95,325,1450,14116450
NIFTY-I.NFO,01/07/2024,09:16:45,24115.5,24110.6,100,24115.45,250,300,14116450
NIFTY-I.NFO,01/07/2024,09:16:47,24112.9,24111.6,350,24112.5,125,1950,14116450
NIFTY-I.NFO,01/07/2024,09:16:48,24111.4,24110,1075,24111.4,200,4450,14116450
NIFTY-I.NFO,01/07/2024,09:16:50,24113.1,24109.1,325,24112.85,125,2725,14116450
NIFTY-I.NFO,01/07/2024,09:16:51,24111.8,24113.35,25,24114.65,125,150,14116450
NIFTY-I.NFO,01/07/2024,09:16:53,24114.6,24113.6,100,24114.6,100,650,14116450
NIFTY-I.NFO,01/07/2024,09:16:54,24113.25,24113.25,50,24114.3,125,400,14116450
NIFTY-I.NFO,01/07/2024,09:16:56,24114,24114,275,24115,125,2000,14116450
NIFTY-I.NFO,01/07/2024,09:16:57,24115.25,24112.05,25,24113.35,200,825,14116450
NIFTY-I.NFO,01/07/2024,09:16:59,24113.3,24110.5,100,24112.85,125,1725,14116450
NIFTY-I.NFO,01/07/2024,09:17:00,24107,24106,350,24108.65,50,600,14116450
NIFTY-I.NFO,01/07/2024,09:17:02,24106.15,24103.65,125,24106.15,25,850,14116450
NIFTY-I.NFO,01/07/2024,09:17:03,24110.45,24105.85,275,24110.45,50,350,14116450
NIFTY-I.NFO,01/07/2024,09:17:05,24107.7,24107.4,200,24111.95,50,650,14116450
NIFTY-I.NFO,01/07/2024,09:17:06,24108.4,24108.5,250,24112.65,75,700,14116450
NIFTY-I.NFO,01/07/2024,09:17:08,24110.2,24110.2,200,24113.3,75,225,14116450
NIFTY-I.NFO,01/07/2024,09:17:09,24113,24110.7,200,24113,125,250,14116450
NIFTY-I.NFO,01/07/2024,09:17:11,24112,24111.6,200,24116.05,100,1725,14116450
NIFTY-I.NFO,01/07/2024,09:17:12,24114.2,24114,200,24114.2,200,100,14116450
NIFTY-I.NFO,01/07/2024,09:17:14,24114.05,24114.05,200,24115,50,300,14116450
NIFTY-I.NFO,01/07/2024,09:17:15,24117.5,24114.15,275,24118,25,850,14116450
NIFTY-I.NFO,01/07/2024,09:17:17,24120,24115.2,275,24120,150,6875,14116450
NIFTY-I.NFO,01/07/2024,09:17:18,24119.4,24114.1,200,24118.85,250,3675,14116450
NIFTY-I.NFO,01/07/2024,09:17:20,24114.25,24114.35,200,24115.7,300,100,14116450
NIFTY-I.NFO,01/07/2024,09:17:22,24117.7,24115.05,150,24117.85,25,1675,14116450
NIFTY-I.NFO,01/07/2024,09:17:23,24115,24114,250,24115.85,25,300,14116450
NIFTY-I.NFO,01/07/2024,09:17:25,24115.9,24114.05,125,24116.1,225,150,14116450
NIFTY-I.NFO,01/07/2024,09:17:26,24115,24114.95,25,24115.85,200,425,14116450
NIFTY-I.NFO,01/07/2024,09:17:28,24116.35,24114.25,100,24118,125,1025,14116450
NIFTY-I.NFO,01/07/2024,09:17:29,24119.1,24115.5,125,24119.05,50,675,14116450
NIFTY-I.NFO,01/07/2024,09:17:31,24115.7,24114,200,24116.45,50,1475,14116450
NIFTY-I.NFO,01/07/2024,09:17:32,24117.1,24114.25,200,24117.6,250,575,14116450
NIFTY-I.NFO,01/07/2024,09:17:34,24119.1,24117.1,200,24119.15,25,2025,14116450
NIFTY-I.NFO,01/07/2024,09:17:35,24116.3,24115.4,125,24116.8,25,1325,14116450
NIFTY-I.NFO,01/07/2024,09:17:37,24115.45,24116.45,150,24118.1,50,350,14116450
NIFTY-I.NFO,01/07/2024,09:17:38,24116.35,24116.35,150,24117.7,50,650,14116450
NIFTY-I.NFO,01/07/2024,09:17:40,24116.95,24114.2,100,24117.2,75,900,14116450
NIFTY-I.NFO,01/07/2024,09:17:42,24116.55,24114.05,200,24116.05,300,1000,14116450
NIFTY-I.NFO,01/07/2024,09:17:43,24114.45,24114.05,200,24115.05,100,1200,14116450
NIFTY-I.NFO,01/07/2024,09:17:45,24114,24112.05,175,24114.5,200,1050,14116450
NIFTY-I.NFO,01/07/2024,09:17:46,24110.75,24110,200,24110.75,75,725,14116450
NIFTY-I.NFO,01/07/2024,09:17:48,24110.95,24108.8,125,24110,200,400,14116450
NIFTY-I.NFO,01/07/2024,09:17:49,24108.8,24108.2,325,24111.9,50,250,14116450
NIFTY-I.NFO,01/07/2024,09:17:51,24108.55,24108.55,100,24112.1,200,525,14116450
NIFTY-I.NFO,01/07/2024,09:17:52,24110.05,24110.05,75,24110.1,50,1325,14116450
NIFTY-I.NFO,01/07/2024,09:17:54,24108.55,24108.55,125,24109.95,50,500,14116450
NIFTY-I.NFO,01/07/2024,09:17:55,24110.2,24108.15,300,24109.55,50,475,14116450
NIFTY-I.NFO,01/07/2024,09:17:57,24108,24108,275,24108.6,50,900,14116450
NIFTY-I.NFO,01/07/2024,09:17:59,24107.7,24106.15,50,24107.7,100,650,14116450
NIFTY-I.NFO,01/07/2024,09:18:00,24105,24105,200,24105.15,100,775,14116450
NIFTY-I.NFO,01/07/2024,09:18:02,24104.65,24103.65,50,24104.75,125,750,14116450
NIFTY-I.NFO,01/07/2024,09:18:03,24105.65,24104.2,200,24105.95,50,450,14116450
NIFTY-I.NFO,01/07/2024,09:18:05,24105.4,24105.6,50,24105.9,50,225,14116450
NIFTY-I.NFO,01/07/2024,09:18:06,24107.4,24106.3,25,24107.6,50,975,14116450
NIFTY-I.NFO,01/07/2024,09:18:08,24104,24103.45,100,24104.3,50,900,14116450
NIFTY-I.NFO,01/07/2024,09:18:09,24100.7,24100.65,125,24102.6,25,10175,14116450
NIFTY-I.NFO,01/07/2024,09:18:11,24102.6,24101.2,75,24102.6,450,2125,14116450
NIFTY-I.NFO,01/07/2024,09:18:12,24101.8,24101.8,100,24102.6,125,850,14116450
NIFTY-I.NFO,01/07/2024,09:18:14,24100.1,24100.1,25,24101.05,125,725,14116450
NIFTY-I.NFO,01/07/2024,09:18:15,24100.3,24098.05,25,24100.45,50,325,14116450
NIFTY-I.NFO,01/07/2024,09:18:17,24100.75,24097.05,25,24100.25,50,7375,14116450
NIFTY-I.NFO,01/07/2024,09:18:19,24093,24094.05,25,24095.8,950,1200,14116450
NIFTY-I.NFO,01/07/2024,09:18:20,24094.05,24093,1750,24094.05,150,1000,14125150
NIFTY-I.NFO,01/07/2024,09:18:22,24093,24093,1025,24094.05,125,650,14125150
NIFTY-I.NFO,01/07/2024,09:18:24,24093.05,24093.15,200,24094.05,1075,1450,14125150
NIFTY-I.NFO,01/07/2024,09:18:25,24093.2,24093.1,25,24094.05,575,750,14125150
NIFTY-I.NFO,01/07/2024,09:18:27,24094,24093.05,75,24094,150,900,14125150
NIFTY-I.NFO,01/07/2024,09:18:29,24093.05,24093,300,24094,75,450,14125150
NIFTY-I.NFO,01/07/2024,09:18:30,24095.8,24094.1,175,24095.8,825,775,14125150
NIFTY-I.NFO,01/07/2024,09:18:32,24094.1,24094.2,25,24095.8,625,475,14125150
NIFTY-I.NFO,01/07/2024,09:18:34,24094.15,24094.15,100,24095.8,625,350,14125150
NIFTY-I.NFO,01/07/2024,09:18:35,24095.8,24094.15,25,24095.8,1125,975,14125150
NIFTY-I.NFO,01/07/2024,09:18:37,24092,24091.05,25,24093.05,50,1650,14125150
NIFTY-I.NFO,01/07/2024,09:18:39,24090,24089,25,24090.25,25,2325,14125150
NIFTY-I.NFO,01/07/2024,09:18:40,24087.05,24087,900,24088.55,25,1900,14125150
NIFTY-I.NFO,01/07/2024,09:18:42,24087.05,24087.05,125,24090,1800,350,14125150
NIFTY-I.NFO,01/07/2024,09:18:44,24091.65,24090,225,24092.5,250,2350,14125150
NIFTY-I.NFO,01/07/2024,09:18:45,24092,24090.25,100,24092.4,100,450,14125150
NIFTY-I.NFO,01/07/2024,09:18:47,24092.45,24091.75,100,24092.5,250,3125,14125150
NIFTY-I.NFO,01/07/2024,09:18:49,24090,24089.95,50,24090,75,1875,14125150
NIFTY-I.NFO,01/07/2024,09:18:51,24090.25,24090,350,24090.25,350,350,14125150
NIFTY-I.NFO,01/07/2024,09:18:52,24089.95,24089.85,100,24089.95,150,2750,14125150
NIFTY-I.NFO,01/07/2024,09:18:54,24091.15,24089.85,200,24091.15,150,600,14125150
NIFTY-I.NFO,01/07/2024,09:18:56,24090.35,24090.35,100,24090.95,50,850,14125150
NIFTY-I.NFO,01/07/2024,09:18:57,24089.55,24089.05,100,24089.75,50,725,14125150
NIFTY-I.NFO,01/07/2024,09:18:59,24087,24087.05,100,24089.25,25,600,14125150
NIFTY-I.NFO,01/07/2024,09:19:01,24088.4,24087.05,75,24088.7,50,1825,14125150
NIFTY-I.NFO,01/07/2024,09:19:02,24087,24087,650,24087.65,50,675,14125150
NIFTY-I.NFO,01/07/2024,09:19:04,24088.7,24087.7,25,24088.5,100,1325,14125150
NIFTY-I.NFO,01/07/2024,09:19:06,24090.9,24090.05,75,24091.2,50,1025,14125150
NIFTY-I.NFO,01/07/2024,09:19:07,24091.3,24088.55,100,24090.85,100,425,14125150
NIFTY-I.NFO,01/07/2024,09:19:09,24089.3,24089.25,50,24090,275,925,14125150
NIFTY-I.NFO,01/07/2024,09:19:11,24088.35,24088.15,100,24089.6,25,650,14125150
NIFTY-I.NFO,01/07/2024,09:19:12,24090.8,24088,500,24090.5,50,5425,14125150
NIFTY-I.NFO,01/07/2024,09:19:14,24088.4,24087.05,25,24088.4,25,1600,14125150
NIFTY-I.NFO,01/07/2024,09:19:16,24085.05,24085.05,75,24086.9,100,1050,14125150
NIFTY-I.NFO,01/07/2024,09:19:17,24084.1,24084,600,24084.1,75,6425,14125150
NIFTY-I.NFO,01/07/2024,09:19:19,24084,24083.25,100,24085,4000,3075,14125150
NIFTY-I.NFO,01/07/2024,09:19:21,24085,24084.25,125,24085,2725,2475,14125150
NIFTY-I.NFO,01/07/2024,09:19:22,24085,24084.9,100,24085,225,3400,14125150
NIFTY-I.NFO,01/07/2024,09:19:24,24085,24084.9,125,24085,100,200,14125150
NIFTY-I.NFO,01/07/2024,09:19:25,24087.85,24085.25,225,24087.85,25,2225,14125150
NIFTY-I.NFO,01/07/2024,09:19:27,24089,24087.2,100,24089,100,350,14125150
NIFTY-I.NFO,01/07/2024,09:19:29,24089.55,24088.1,75,24090,125,525,14125150
NIFTY-I.NFO,01/07/2024,09:19:30,24088.85,24088.1,50,24089.35,225,50,14125150
NIFTY-I.NFO,01/07/2024,09:19:32,24088.1,24088.15,50,24090,150,400,14125150
NIFTY-I.NFO,01/07/2024,09:19:34,24088.1,24088.95,100,24089,700,475,14125150
NIFTY-I.NFO,01/07/2024,09:19:35,24090.95,24090.15,100,24092,325,2375,14125150
NIFTY-I.NFO,01/07/2024,09:19:37,24092,24091.55,100,24092.6,25,450,14125150
NIFTY-I.NFO,01/07/2024,09:19:39,24094.05,24091.85,125,24094.45,25,400,14125150
NIFTY-I.NFO,01/07/2024,09:19:40,24089.9,24089.85,75,24089.9,700,14200,14125150
NIFTY-I.NFO,01/07/2024,09:19:42,24090,24089.9,25,24090,925,1450,14125150
NIFTY-I.NFO,01/07/2024,09:19:44,24090.15,24090.05,100,24090.15,50,1600,14125150
NIFTY-I.NFO,01/07/2024,09:19:45,24090.5,24090.5,75,24093.45,25,325,14125150
NIFTY-I.NFO,01/07/2024,09:19:47,24091.1,24091.1,100,24093.45,25,725,14125150
NIFTY-I.NFO,01/07/2024,09:19:49,24095,24094.6,100,24095,175,175,14125150
NIFTY-I.NFO,01/07/2024,09:19:50,24095,24095.1,25,24095.45,25,1400,14125150
NIFTY-I.NFO,01/07/2024,09:19:52,24096.8,24095.9,75,24096.95,25,675,14125150
NIFTY-I.NFO,01/07/2024,09:19:54,24097.95,24096.65,50,24099,350,100,14125150
NIFTY-I.NFO,01/07/2024,09:19:55,24098.45,24096.65,50,24098.45,25,200,14125150
NIFTY-I.NFO,01/07/2024,09:19:57,24096.4,24096.4,400,24097.95,25,2875,14125150
NIFTY-I.NFO,01/07/2024,09:19:59,24096.15,24096.2,75,24096.95,25,600,14125150
NIFTY-I.NFO,01/07/2024,09:20:00,24096.95,24096.45,50,24097.95,25,2850,14125150
NIFTY-I.NFO,01/07/2024,09:20:02,24095.45,24095.5,25,24099.75,25,2200,14125150
NIFTY-I.NFO,01/07/2024,09:20:04,24095.2,24095.45,50,24099.8,50,3100,14125150
NIFTY-I.NFO,01/07/2024,09:20:05,24100,24096.85,25,24100,33500,3850,14125150
NIFTY-I.NFO,01/07/2024,09:20:07,24097.95,24096.9,100,24100,33200,5850,14125150
NIFTY-I.NFO,01/07/2024,09:20:09,24095,24095.45,350,24099.25,50,12850,14125150
NIFTY-I.NFO,01/07/2024,09:20:10,24096.1,24096.1,75,24097.35,25,16900,14125150
NIFTY-I.NFO,01/07/2024,09:20:12,24095.85,24095.35,125,24097.35,25,3375,14125150
NIFTY-I.NFO,01/07/2024,09:20:14,24099.5,24096.45,100,24099.4,50,925,14125150
NIFTY-I.NFO,01/07/2024,09:20:15,24098.5,24095.2,100,24098.45,75,1375,14125150
NIFTY-I.NFO,01/07/2024,09:20:17,24095.15,24095.15,25,24095.85,25,425,14125150
NIFTY-I.NFO,01/07/2024,09:20:18,24096,24095.05,50,24096,25,175,14125150
NIFTY-I.NFO,01/07/2024,09:20:20,24097.35,24095.2,100,24097.35,100,975,14125150
NIFTY-I.NFO,01/07/2024,09:20:22,24095.85,24095.05,100,24096.1,100,1600,14125150
NIFTY-I.NFO,01/07/2024,09:20:23,24096.45,24095.05,100,24096.55,25,650,14125150
NIFTY-I.NFO,01/07/2024,09:20:25,24096.85,24096.55,125,24096.95,25,325,14125150
NIFTY-I.NFO,01/07/2024,09:20:27,24097,24097,450,24097.25,225,300,14125150
NIFTY-I.NFO,01/07/2024,09:20:28,24096,24096,50,24096.45,50,625,14125150
NIFTY-I.NFO,01/07/2024,09:20:30,24096.95,24095,275,24097,25,900,14125150
NIFTY-I.NFO,01/07/2024,09:20:32,24096.45,24095,1125,24096.6,25,600,14125150
NIFTY-I.NFO,01/07/2024,09:20:33,24096,24095,1025,24096,75,200,14125150
NIFTY-I.NFO,01/07/2024,09:20:35,24097,24097,100,24099,50,375,14125150
NIFTY-I.NFO,01/07/2024,09:20:37,24096.05,24096.45,150,24099,200,350,14125150
NIFTY-I.NFO,01/07/2024,09:20:38,24099.95,24099.05,100,24100,32550,750,14125150
NIFTY-I.NFO,01/07/2024,09:20:40,24099.15,24099.25,100,24100,30800,2200,14125150
NIFTY-I.NFO,01/07/2024,09:20:42,24099.9,24098.4,100,24099.9,25,1125,14125150
NIFTY-I.NFO,01/07/2024,09:20:43,24100,24097.85,100,24100,30450,475,14125150
NIFTY-I.NFO,01/07/2024,09:20:45,24100,24097.35,50,24100,30425,200,14125150
NIFTY-I.NFO,01/07/2024,09:20:46,24099.85,24097,25,24099.9,25,250,14125150
NIFTY-I.NFO,01/07/2024,09:20:48,24099.75,24096.45,100,24100,30400,1175,14125150
NIFTY-I.NFO,01/07/2024,09:20:50,24099.95,24095.6,100,24099.85,50,2500,14125150
NIFTY-I.NFO,01/07/2024,09:20:51,24099.95,24099.95,75,24100,29600,1100,14125150
NIFTY-I.NFO,01/07/2024,09:20:53,24100,24099.95,150,24100,27000,3550,14125150
NIFTY-I.NFO,01/07/2024,09:20:55,24099.7,24098.3,75,24099.7,525,375,14125150
NIFTY-I.NFO,01/07/2024,09:20:56,24100,24099.95,25,24100,26100,3900,14125150
NIFTY-I.NFO,01/07/2024,09:20:58,24099.7,24096.4,100,24099.7,300,2750,14125150
NIFTY-I.NFO,01/07/2024,09:21:00,24100,24099.9,100,24100,24200,2925,14125150
NIFTY-I.NFO,01/07/2024,09:21:01,24100,24098.3,350,24100,16175,9450,14125150
NIFTY-I.NFO,01/07/2024,09:21:03,24100,24099.75,25,24100,8550,10075,14125150
NIFTY-I.NFO,01/07/2024,09:21:05,24099.7,24099.75,25,24100,4475,4325,14125150
NIFTY-I.NFO,01/07/2024,09:21:06,24100,24099.9,100,24100,3900,575,14125150
NIFTY-I.NFO,01/07/2024,09:21:08,24100.35,24100.45,25,24101.7,50,3975,14125150
NIFTY-I.NFO,01/07/2024,09:21:10,24101.85,24102.55,25,24103,25,100,14125150
NIFTY-I.NFO,01/07/2024,09:21:11,24103.8,24102.95,100,24104.45,25,475,14125150
NIFTY-I.NFO,01/07/2024,09:21:13,24102.75,24102.75,25,24105.9,200,475,14125150
NIFTY-I.NFO,01/07/2024,09:21:15,24106.3,24102.75,25,24105.85,200,75,14125150
NIFTY-I.NFO,01/07/2024,09:21:16,24103.95,24102.8,100,24103.95,125,2050,14125150
NIFTY-I.NFO,01/07/2024,09:21:18,24103.45,24102.8,75,24103.45,25,2375,14125150
NIFTY-I.NFO,01/07/2024,09:21:20,24105.35,24103.9,25,24105.15,100,575,14125150
NIFTY-I.NFO,01/07/2024,09:21:21,24099.7,24102,100,24105.05,100,2175,14147350
NIFTY-I.NFO,01/07/2024,09:21:23,24105.15,24103.5,75,24105.15,100,225,14147350
NIFTY-I.NFO,01/07/2024,09:21:25,24102.55,24102.55,100,24105.35,25,1575,14147350
NIFTY-I.NFO,01/07/2024,09:21:26,24103.5,24102.55,100,24105.4,200,675,14147350
NIFTY-I.NFO,01/07/2024,09:21:28,24102.65,24102.65,75,24105.5,150,225,14147350
NIFTY-I.NFO,01/07/2024,09:21:30,24105,24105,175,24105.95,225,300,14147350
NIFTY-I.NFO,01/07/2024,09:21:31,24103.95,24103.95,50,24104.95,25,475,14147350
NIFTY-I.NFO,01/07/2024,09:21:33,24104.95,24103.95,50,24106.4,200,25,14147350
NIFTY-I.NFO,01/07/2024,09:21:35,24106.55,24105,50,24106.2,50,1000,14147350
NIFTY-I.NFO,01/07/2024,09:21:36,24106.45,24105.2,50,24106.55,275,125,14147350
NIFTY-I.NFO,01/07/2024,09:21:38,24106.55,24105.15,25,24107.35,225,3150,14147350
NIFTY-I.NFO,01/07/2024,09:21:39,24105.2,24105.2,50,24106.8,75,125,14147350
NIFTY-I.NFO,01/07/2024,09:21:41,24108,24106.6,25,24108,200,250,14147350
NIFTY-I.NFO,01/07/2024,09:21:43,24107.25,24106.6,100,24108,200,175,14147350
NIFTY-I.NFO,01/07/2024,09:21:44,24107.55,24105.2,100,24107.55,625,250,14147350
NIFTY-I.NFO,01/07/2024,09:21:46,24105.2,24105.3,100,24106.9,25,850,14147350
NIFTY-I.NFO,01/07/2024,09:21:48,24106.75,24105.25,100,24106.9,125,425,14147350
NIFTY-I.NFO,01/07/2024,09:21:49,24105.05,24105.05,100,24106,25,1250,14147350
NIFTY-I.NFO,01/07/2024,09:21:51,24100,24100.05,100,24101.55,150,2750,14147350
NIFTY-I.NFO,01/07/2024,09:21:53,24095.05,24095.1,100,24096.95,125,1925,14147350
NIFTY-I.NFO,01/07/2024,09:21:54,24097.45,24095.2,200,24098.25,25,1475,14147350
NIFTY-I.NFO,01/07/2024,09:21:56,24095.1,24095.6,200,24097.95,25,50,14147350
NIFTY-I.NFO,01/07/2024,09:21:58,24095.45,24095.25,150,24095.4,175,475,14147350
NIFTY-I.NFO,01/07/2024,09:21:59,24094.05,24094.05,75,24095,75,775,14147350
NIFTY-I.NFO,01/07/2024,09:22:01,24097.45,24094.2,100,24097.2,75,675,14147350
NIFTY-I.NFO,01/07/2024,09:22:03,24097.85,24095.45,50,24097.1,25,200,14147350
NIFTY-I.NFO,01/07/2024,09:22:04,24097.15,24095.45,50,24097.75,225,50,14147350
NIFTY-I.NFO,01/07/2024,09:22:06,24096.35,24096.4,200,24098.7,25,150,14147350
NIFTY-I.NFO,01/07/2024,09:22:08,24096.3,24096.85,125,24098.7,25,675,14147350
NIFTY-I.NFO,01/07/2024,09:22:09,24098,24096.9,100,24098.7,25,125,14147350
NIFTY-I.NFO,01/07/2024,09:22:11,24096.9,24097.3,100,24098,25,175,14147350
NIFTY-I.NFO,01/07/2024,09:22:13,24097,24097,75,24098.55,25,325,14147350
NIFTY-I.NFO,01/07/2024,09:22:14,24096.35,24096.35,100,24097.95,275,600,14147350
NIFTY-I.NFO,01/07/2024,09:22:16,24098.2,24097.4,75,24098.25,225,100,14147350
NIFTY-I.NFO,01/07/2024,09:22:18,24096.35,24096.35,25,24097.9,25,1375,14147350
NIFTY-I.NFO,01/07/2024,09:22:19,24095.45,24095.45,75,24097.15,250,275,14147350
NIFTY-I.NFO,01/07/2024,09:22:21,24095.5,24095.65,100,24097.45,150,625,14147350
NIFTY-I.NFO,01/07/2024,09:22:23,24097.2,24096.05,100,24097.35,175,350,14147350
NIFTY-I.NFO,01/07/2024,09:22:24,24096,24095.45,100,24096.55,75,1875,14147350
NIFTY-I.NFO,01/07/2024,09:22:26,24095,24095.05,100,24096.35,250,600,14147350
NIFTY-I.NFO,01/07/2024,09:22:28,24096,24095.25,75,24095.6,200,50,14147350
NIFTY-I.NFO,01/07/2024,09:22:29,24095.35,24095.35,25,24096.65,100,100,14147350
NIFTY-I.NFO,01/07/2024,09:22:31,24094.3,24094.1,75,24095.05,25,3050,14147350
NIFTY-I.NFO,01/07/2024,09:22:33,24095.1,24095.05,100,24097,150,225,14147350
NIFTY-I.NFO,01/07/2024,09:22:34,24096.8,24095.05,100,24096.9,25,25,14147350
NIFTY-I.NFO,01/07/2024,09:22:36,24095.35,24094.55,75,24095.35,175,325,14147350
NIFTY-I.NFO,01/07/2024,09:22:38,24095.35,24094.75,200,24096.35,275,325,14147350
NIFTY-I.NFO,01/07/2024,09:22:39,24095,24094.75,125,24096.65,225,150,14147350
NIFTY-I.NFO,01/07/2024,09:22:41,24096.3,24094.75,100,24096.2,25,75,14147350
NIFTY-I.NFO,01/07/2024,09:22:43,24094.6,24094.05,25,24095.55,125,575,14147350
NIFTY-I.NFO,01/07/2024,09:22:44,24095.4,24095.05,25,24095.55,125,200,14147350
NIFTY-I.NFO,01/07/2024,09:22:46,24095,24094.35,50,24095,550,200,14147350
NIFTY-I.NFO,01/07/2024,09:22:48,24095.35,24095.4,125,24096,25,725,14147350
NIFTY-I.NFO,01/07/2024,09:22:49,24097.2,24097.2,200,24098,175,125,14147350
NIFTY-I.NFO,01/07/2024,09:22:51,24098,24097.2,150,24098,225,200,14147350
NIFTY-I.NFO,01/07/2024,09:22:53,24098,24097.35,200,24098,50,875,14147350
NIFTY-I.NFO,01/07/2024,09:22:54,24097.35,24097.35,150,24098,50,75,14147350
NIFTY-I.NFO,01/07/2024,09:22:56,24099.05,24099.05,25,24099.9,50,75,14147350
NIFTY-I.NFO,01/07/2024,09:22:58,24100,24099.05,25,24100,125,175,14147350
NIFTY-I.NFO,01/07/2024,09:22:59,24102,24100.6,250,24103,100,250,14147350
NIFTY-I.NFO,01/07/2024,09:23:01,24104.15,24101.8,100,24103.65,175,2000,14147350
NIFTY-I.NFO,01/07/2024,09:23:03,24102.9,24099.15,100,24102.7,25,3050,14147350
NIFTY-I.NFO,01/07/2024,09:23:04,24098.1,24098.1,25,24101.45,75,200,14147350
NIFTY-I.NFO,01/07/2024,09:23:06,24102.05,24099.1,150,24102.1,25,125,14147350
NIFTY-I.NFO,01/07/2024,09:23:08,24100.2,24099.6,200,24103.8,25,725,14147350
NIFTY-I.NFO,01/07/2024,09:23:09,24100.05,24098.75,250,24100.05,200,125,14147350
NIFTY-I.NFO,01/07/2024,09:23:11,24100.2,24098.75,200,24102.8,25,1675,14147350
NIFTY-I.NFO,01/07/2024,09:23:13,24104,24100.45,250,24104,25,325,14147350
NIFTY-I.NFO,01/07/2024,09:23:15,24105,24103.3,125,24106.75,100,150,14147350
NIFTY-I.NFO,01/07/2024,09:23:16,24101.9,24101.85,150,24105.95,25,225,14147350
NIFTY-I.NFO,01/07/2024,09:23:18,24106.6,24104.2,100,24105,25,475,14147350
NIFTY-I.NFO,01/07/2024,09:23:20,24104.2,24104.2,75,24105,25,275,14147350
NIFTY-I.NFO,01/07/2024,09:23:21,24104.75,24104.75,75,24105,50,100,14147350
NIFTY-I.NFO,01/07/2024,09:23:23,24106.95,24104.75,100,24106.7,125,450,14147350
NIFTY-I.NFO,01/07/2024,09:23:25,24104.75,24104.75,100,24105,125,100,14147350
NIFTY-I.NFO,01/07/2024,09:23:26,24105,24104.75,75,24105,250,75,14147350
NIFTY-I.NFO,01/07/2024,09:23:28,24104.75,24104.75,75,24105,225,125,14147350
NIFTY-I.NFO,01/07/2024,09:23:30,24105,24104.2,75,24104.75,25,25,14147350
NIFTY-I.NFO,01/07/2024,09:23:31,24103.05,24103.05,175,24105,25,375,14147350
NIFTY-I.NFO,01/07/2024,09:23:33,24106.6,24105.05,100,24106.75,525,225,14147350
NIFTY-I.NFO,01/07/2024,09:23:35,24107,24105.15,75,24107.35,350,125,14147350
NIFTY-I.NFO,01/07/2024,09:23:36,24107,24105.8,250,24108,125,25,14147350
NIFTY-I.NFO,01/07/2024,09:23:38,24106.85,24106.85,125,24108,75,100,14147350
NIFTY-I.NFO,01/07/2024,09:23:40,24107,24107.05,100,24108,75,875,14147350
NIFTY-I.NFO,01/07/2024,09:23:41,24113.6,24111.05,25,24112.5,25,2250,14147350
NIFTY-I.NFO,01/07/2024,09:23:43,24111.3,24108.6,100,24111.8,125,475,14147350
NIFTY-I.NFO,01/07/2024,09:23:45,24108.6,24111.85,75,24112.1,100,50,14147350
NIFTY-I.NFO,01/07/2024,09:23:46,24109.25,24109.3,200,24112.95,200,425,14147350
NIFTY-I.NFO,01/07/2024,09:23:48,24111.3,24108.6,50,24111.9,25,375,14147350
NIFTY-I.NFO,01/07/2024,09:23:49,24111.35,24111.35,25,24112.25,125,75,14147350
NIFTY-I.NFO,01/07/2024,09:23:51,24111.35,24111.35,75,24112,25,250,14147350
NIFTY-I.NFO,01/07/2024,09:23:53,24112.2,24111.35,25,24111.95,100,100,14147350
NIFTY-I.NFO,01/07/2024,09:23:54,24110.05,24110.05,50,24110.9,25,175,14147350
NIFTY-I.NFO,01/07/2024,09:23:56,24111,24110.05,75,24111,50,150,14147350
NIFTY-I.NFO,01/07/2024,09:23:58,24111.85,24110.05,50,24111.85,100,150,14147350
NIFTY-I.NFO,01/07/2024,09:23:59,24111.35,24110.05,25,24111,25,50,14147350
NIFTY-I.NFO,01/07/2024,09:24:01,24110,24110,50,24112.15,250,925,14147350
NIFTY-I.NFO,01/07/2024,09:24:03,24108.9,24108.9,75,24111.9,325,100,14147350
NIFTY-I.NFO,01/07/2024,09:24:04,24111.9,24111.4,75,24111.85,100,350,14147350
NIFTY-I.NFO,01/07/2024,09:24:06,24112.85,24111.4,75,24112.15,75,775,14147350
NIFTY-I.NFO,01/07/2024,09:24:08,24112.05,24112.05,100,24112.15,25,125,14147350
NIFTY-I.NFO,01/07/2024,09:24:09,24114.15,24113.25,50,24114.1,25,150,14147350
NIFTY-I.NFO,01/07/2024,09:24:11,24115,24114.15,100,24115,15300,1375,14147350
NIFTY-I.NFO,01/07/2024,09:24:13,24114.6,24113.4,100,24115,15275,900,14147350
NIFTY-I.NFO,01/07/2024,09:24:14,24115,24113.4,100,24115,15100,175,14147350
NIFTY-I.NFO,01/07/2024,09:24:16,24113.4,24113.4,475,24115.85,25,15850,14147350
NIFTY-I.NFO,01/07/2024,09:24:18,24114.65,24113.4,100,24114.8,200,525,14147350
NIFTY-I.NFO,01/07/2024,09:24:19,24115,24113.4,100,24114.8,200,150,14147350
NIFTY-I.NFO,01/07/2024,09:24:21,24114,24113.05,100,24114.35,625,350,14147350
NIFTY-I.NFO,01/07/2024,09:24:23,24113.8,24111.4,100,24111.45,75,725,14162500
NIFTY-I.NFO,01/07/2024,09:24:24,24111.45,24111.4,25,24111.45,225,125,14162500
NIFTY-I.NFO,01/07/2024,09:24:26,24111.4,24111.4,75,24113.35,25,550,14162500
NIFTY-I.NFO,01/07/2024,09:24:28,24111.5,24111.5,25,24114.85,25,100,14162500
NIFTY-I.NFO,01/07/2024,09:24:29,24115,24112.55,100,24115,50,500,14162500
NIFTY-I.NFO,01/07/2024,09:24:31,24115,24112.9,75,24115,25,50,14162500
NIFTY-I.NFO,01/07/2024,09:24:33,24112.65,24112.65,100,24115,50,25,14162500
NIFTY-I.NFO,01/07/2024,09:24:34,24111.5,24111.5,25,24112.95,525,75,14162500
NIFTY-I.NFO,01/07/2024,09:24:36,24110,24108.75,150,24111.35,200,975,14162500
NIFTY-I.NFO,01/07/2024,09:24:38,24110,24108.05,100,24108.75,150,0,14162500
NIFTY-I.NFO,01/07/2024,09:24:39,24106.2,24106.2,50,24107.85,100,725,14162500
NIFTY-I.NFO,01/07/2024,09:24:41,24106.2,24106.05,50,24108.05,150,0,14162500
NIFTY-I.NFO,01/07/2024,09:24:43,24106.25,24106.35,50,24108.05,175,200,14162500
NIFTY-I.NFO,01/07/2024,09:24:44,24110.3,24108.15,100,24110.95,125,125,14162500
NIFTY-I.NFO,01/07/2024,09:24:46,24109,24109,375,24109.4,25,225,14162500
NIFTY-I.NFO,01/07/2024,09:24:48,24108.2,24108.2,25,24110,25,650,14162500
NIFTY-I.NFO,01/07/2024,09:24:49,24107.7,24108.1,100,24110,175,25,14162500
NIFTY-I.NFO,01/07/2024,09:24:51,24108.1,24108.1,50,24109.95,125,75,14162500
NIFTY-I.NFO,01/07/2024,09:24:53,24108.1,24108.1,25,24110,100,25,14162500
NIFTY-I.NFO,01/07/2024,09:24:54,24109,24108.6,25,24110,100,25,14162500
NIFTY-I.NFO,01/07/2024,09:24:56,24110,24108.9,25,24110,50,75,14162500
NIFTY-I.NFO,01/07/2024,09:24:58,24108.75,24109,25,24110,50,200,14162500
NIFTY-I.NFO,01/07/2024,09:24:59,24113.7,24111.2,100,24113.35,100,300,14162500
NIFTY-I.NFO,01/07/2024,09:25:01,24113.7,24111.2,100,24113.55,100,0,14162500
NIFTY-I.NFO,01/07/2024,09:25:03,24113.75,24111,100,24113.25,200,25,14162500
NIFTY-I.NFO,01/07/2024,09:25:04,24115.1,24111.95,75,24115.1,25,450,14162500
NIFTY-I.NFO,01/07/2024,09:25:06,24112.7,24112.05,25,24114.25,150,275,14162500
NIFTY-I.NFO,01/07/2024,09:25:08,24114.9,24112.4,25,24115,125,75,14162500
NIFTY-I.NFO,01/07/2024,09:25:09,24113.3,24112,75,24113.65,100,400,14162500
NIFTY-I.NFO,01/07/2024,09:25:11,24112,24113.3,75,24114,100,125,14162500
NIFTY-I.NFO,01/07/2024,09:25:13,24114,24112,100,24113.9,25,775,14162500
NIFTY-I.NFO,01/07/2024,09:25:14,24113.15,24112.25,100,24113.3,125,150,14162500
NIFTY-I.NFO,01/07/2024,09:25:16,24113.3,24112.25,50,24113.6,25,75,14162500
NIFTY-I.NFO,01/07/2024,09:25:18,24114.9,24113.6,150,24114.9,25,300,14162500
NIFTY-I.NFO,01/07/2024,09:25:19,24114.4,24113.6,50,24114,25,50,14162500
NIFTY-I.NFO,01/07/2024,09:25:21,24113.3,24112.1,100,24114.8,25,300,14162500
NIFTY-I.NFO,01/07/2024,09:25:22,24113.3,24113.05,100,24114.8,50,0,14162500
NIFTY-I.NFO,01/07/2024,09:25:24,24114.8,24113.6,200,24114.8,400,950,14162500
NIFTY-I.NFO,01/07/2024,09:25:26,24117.85,24117.75,100,24118,325,2650,14162500
NIFTY-I.NFO,01/07/2024,09:25:28,24118.9,24116.8,100,24118.9,275,475,14162500
NIFTY-I.NFO,01/07/2024,09:25:29,24118.9,24116.8,75,24118.9,150,200,14162500
NIFTY-I.NFO,01/07/2024,09:25:31,24118.9,24117.65,75,24118.9,25,125,14162500
NIFTY-I.NFO,01/07/2024,09:25:33,24119.7,24117.75,75,24119,25,250,14162500
NIFTY-I.NFO,01/07/2024,09:25:34,24118.9,24117.85,50,24119.7,50,75,14162500
NIFTY-I.NFO,01/07/2024,09:25:36,24120,24120,250,24120.75,50,4750,14162500
NIFTY-I.NFO,01/07/2024,09:25:37,24122.1,24122.1,75,24122.3,100,1075,14162500
NIFTY-I.NFO,01/07/2024,09:25:39,24122.3,24122.3,100,24122.85,100,150,14162500
NIFTY-I.NFO,01/07/2024,09:25:41,24121.15,24120.1,75,24120.85,50,175,14162500
NIFTY-I.NFO,01/07/2024,09:25:42,24121.2,24120.05,100,24121.2,100,325,14162500
NIFTY-I.NFO,01/07/2024,09:25:44,24121.25,24121.2,100,24122.1,50,75,14162500
NIFTY-I.NFO,01/07/2024,09:25:46,24122.1,24121.2,75,24122.1,25,50,14162500
NIFTY-I.NFO,01/07/2024,09:25:47,24122.65,24120.2,75,24121.2,25,275,14162500
NIFTY-I.NFO,01/07/2024,09:25:49,24121,24120.15,100,24121,725,600,14162500
NIFTY-I.NFO,01/07/2024,09:25:51,24120,24118.9,500,24120.75,25,650,14162500
NIFTY-I.NFO,01/07/2024,09:25:52,24122,24120.05,225,24122,25,775,14162500
NIFTY-I.NFO,01/07/2024,09:25:54,24122.7,24122.7,50,24123.05,25,550,14162500
NIFTY-I.NFO,01/07/2024,09:25:56,24125,24123.5,75,24125,26250,700,14162500
NIFTY-I.NFO,01/07/2024,09:25:57,24125,24124.05,50,24125,26100,175,14162500
NIFTY-I.NFO,01/07/2024,09:25:59,24124.45,24124.4,100,24125,26125,525,14162500
NIFTY-I.NFO,01/07/2024,09:26:01,24122.85,24122.85,75,24125,25950,250,14162500
NIFTY-I.NFO,01/07/2024,09:26:02,24122.8,24122.75,150,24125,25450,700,14162500
NIFTY-I.NFO,01/07/2024,09:26:04,24125,24122.75,225,24125,25425,725,14162500
NIFTY-I.NFO,01/07/2024,09:26:06,24125,24123.2,75,24125,25400,100,14162500
NIFTY-I.NFO,01/07/2024,09:26:07,24125,24123.45,25,24125,25375,75,14162500
NIFTY-I.NFO,01/07/2024,09:26:09,24122.85,24122.85,100,24125,25250,175,14162500
NIFTY-I.NFO,01/07/2024,09:26:11,24125,24123.5,300,24124.95,450,300,14162500
NIFTY-I.NFO,01/07/2024,09:26:12,24122.65,24122.05,100,24123,1000,1175,14162500
NIFTY-I.NFO,01/07/2024,09:26:14,24123,24121.45,100,24123,625,525,14162500
NIFTY-I.NFO,01/07/2024,09:26:15,24123,24121.9,25,24123,500,125,14162500
NIFTY-I.NFO,01/07/2024,09:26:17,24121.45,24121.25,100,24122.95,400,325,14162500
NIFTY-I.NFO,01/07/2024,09:26:19,24122.7,24122.15,75,24122.95,375,50,14162500
NIFTY-I.NFO,01/07/2024,09:26:20,24122.95,24121.5,50,24122.95,150,250,14162500
NIFTY-I.NFO,01/07/2024,09:26:22,24122.75,24121.35,150,24122.85,150,200,14162500
NIFTY-I.NFO,01/07/2024,09:26:24,24121.95,24121.8,100,24122.65,50,300,14162500
NIFTY-I.NFO,01/07/2024,09:26:25,24122.85,24121.15,100,24122.85,175,250,14162500
NIFTY-I.NFO,01/07/2024,09:26:27,24121.8,24121.85,50,24122.85,150,100,14162500
NIFTY-I.NFO,01/07/2024,09:26:29,24122.85,24120.05,100,24122.85,50,1125,14162500
NIFTY-I.NFO,01/07/2024,09:26:30,24120.05,24120.05,75,24121.25,50,300,14162500
NIFTY-I.NFO,01/07/2024,09:26:32,24117.6,24117.3,150,24118.3,100,950,14162500
NIFTY-I.NFO,01/07/2024,09:26:34,24111,24111.05,300,24114.1,25,1450,14162500
NIFTY-I.NFO,01/07/2024,09:26:35,24112.3,24112.3,275,24114.1,125,50,14162500
NIFTY-I.NFO,01/07/2024,09:26:37,24114.1,24114,325,24114.1,25,375,14162500
NIFTY-I.NFO,01/07/2024,09:26:39,24114.6,24113.35,75,24114.1,200,75,14162500
NIFTY-I.NFO,01/07/2024,09:26:40,24113.35,24113.35,25,24114.1,175,75,14162500
NIFTY-I.NFO,01/07/2024,09:26:42,24114.05,24114.1,25,24115,250,225,14162500
NIFTY-I.NFO,01/07/2024,09:26:44,24114.15,24114.15,100,24114.95,175,100,14162500
NIFTY-I.NFO,01/07/2024,09:26:45,24110.45,24110.4,75,24111.65,25,550,14162500
NIFTY-I.NFO,01/07/2024,09:26:47,24110,24108.1,100,24110.4,300,1000,14162500
NIFTY-I.NFO,01/07/2024,09:26:49,24108.1,24108.1,25,24110.4,150,125,14162500
NIFTY-I.NFO,01/07/2024,09:26:50,24108.2,24110.05,100,24111.85,100,900,14162500
NIFTY-I.NFO,01/07/2024,09:26:52,24112.05,24108.55,200,24112,25,450,14162500
NIFTY-I.NFO,01/07/2024,09:26:54,24110.3,24110.6,300,24113.45,25,50,14162500
NIFTY-I.NFO,01/07/2024,09:26:55,24110.6,24111.85,50,24113.4,50,75,14162500
NIFTY-I.NFO,01/07/2024,09:26:57,24111.85,24111.85,100,24113,175,150,14162500
NIFTY-I.NFO,01/07/2024,09:26:59,24111.85,24111.85,25,24112,50,200,14162500
NIFTY-I.NFO,01/07/2024,09:27:00,24112,24111.85,25,24112.5,100,50,14162500
NIFTY-I.NFO,01/07/2024,09:27:02,24111.8,24111.3,100,24113,225,175,14162500
NIFTY-I.NFO,01/07/2024,09:27:04,24111.85,24111.3,100,24113,150,25,14162500
NIFTY-I.NFO,01/07/2024,09:27:05,24111.9,24111.9,75,24112.5,50,250,14162500
NIFTY-I.NFO,01/07/2024,09:27:07,24111.55,24111.3,100,24112.6,50,150,14162500
NIFTY-I.NFO,01/07/2024,09:27:09,24111.9,24111.3,100,24111.75,250,150,14162500
NIFTY-I.NFO,01/07/2024,09:27:10,24111.3,24111.3,150,24111.65,50,225,14162500
NIFTY-I.NFO,01/07/2024,09:27:12,24111.45,24111.45,125,24111.65,50,75,14162500
NIFTY-I.NFO,01/07/2024,09:27:14,24112.7,24112.75,300,24115.7,125,1150,14162500
NIFTY-I.NFO,01/07/2024,09:27:15,24116.05,24116.05,300,24118,50,225,14162500
NIFTY-I.NFO,01/07/2024,09:27:17,24116.5,24116.5,275,24118,50,25,14162500
NIFTY-I.NFO,01/07/2024,09:27:18,24118,24115.45,100,24118.15,25,300,14162500
NIFTY-I.NFO,01/07/2024,09:27:20,24115.55,24116.2,100,24119.25,100,275,14162500
NIFTY-I.NFO,01/07/2024,09:27:22,24116.55,24115.1,100,24116.75,150,25,14162500
NIFTY-I.NFO,01/07/2024,09:27:23,24115.55,24115.3,300,24117.9,100,750,14172325
NIFTY-I.NFO,01/07/2024,09:27:25,24118,24116.05,200,24118.95,25,50,14172325
NIFTY-I.NFO,01/07/2024,09:27:27,24117.55,24117.55,350,24120,850,50,14172325
NIFTY-I.NFO,01/07/2024,09:27:28,24120,24118.8,150,24120,800,75,14172325
NIFTY-I.NFO,01/07/2024,09:27:30,24121.45,24119.55,250,24122,275,2750,14172325
NIFTY-I.NFO,01/07/2024,09:27:32,24120.5,24120.55,100,24122,150,200,14172325
NIFTY-I.NFO,01/07/2024,09:27:33,24120.95,24120.1,50,24121.15,100,50,14172325
NIFTY-I.NFO,01/07/2024,09:27:35,24121.55,24119.5,75,24122,125,1500,14172325
NIFTY-I.NFO,01/07/2024,09:27:37,24122,24120.15,125,24122,50,125,14172325
NIFTY-I.NFO,01/07/2024,09:27:38,24120.9,24120.95,100,24123,75,425,14172325
NIFTY-I.NFO,01/07/2024,09:27:40,24121.85,24122.05,75,24123,50,75,14172325
NIFTY-I.NFO,01/07/2024,09:27:42,24121.05,24121.05,75,24123,25,150,14172325
NIFTY-I.NFO,01/07/2024,09:27:44,24122,24121.6,75,24123,50,75,14172325
NIFTY-I.NFO,01/07/2024,09:27:45,24124.25,24122.15,100,24123.8,25,450,14172325
NIFTY-I.NFO,01/07/2024,09:27:47,24122.1,24122.15,100,24124.5,125,175,14172325
NIFTY-I.NFO,01/07/2024,09:27:49,24122.15,24122.15,50,24124.05,25,75,14172325
NIFTY-I.NFO,01/07/2024,09:27:50,24122.15,24123.1,100,24124.85,125,175,14172325
NIFTY-I.NFO,01/07/2024,09:27:52,24123.1,24122.75,100,24125,25250,1225,14172325
NIFTY-I.NFO,01/07/2024,09:27:54,24123.3,24123.35,100,24125,25150,350,14172325
NIFTY-I.NFO,01/07/2024,09:27:55,24122.95,24124.3,100,24124.85,125,175,14172325
NIFTY-I.NFO,01/07/2024,09:27:57,24124.35,24124.4,100,24125,24975,775,14172325
NIFTY-I.NFO,01/07/2024,09:27:59,24124.7,24122.05,100,24124.55,100,2025,14172325
NIFTY-I.NFO,01/07/2024,09:28:00,24122.35,24122.35,75,24123.5,25,1125,14172325
NIFTY-I.NFO,01/07/2024,09:28:02,24122.65,24121,100,24122.8,325,525,14172325
NIFTY-I.NFO,01/07/2024,09:28:04,24121,24121,75,24122.05,200,500,14172325
NIFTY-I.NFO,01/07/2024,09:28:05,24123.2,24121.05,100,24123.3,125,175,14172325
NIFTY-I.NFO,01/07/2024,09:28:07,24121.05,24121.1,100,24123.3,125,175,14172325
NIFTY-I.NFO,01/07/2024,09:28:09,24123.5,24123.55,200,24123.8,25,200,14172325
NIFTY-I.NFO,01/07/2024,09:28:10,24124.4,24122,175,24124.45,300,850,14172325
NIFTY-I.NFO,01/07/2024,09:28:12,24123,24123.05,100,24124.8,325,150,14172325
NIFTY-I.NFO,01/07/2024,09:28:14,24123.4,24123.25,100,24124.55,100,825,14172325
NIFTY-I.NFO,01/07/2024,09:28:15,24122.9,24122.05,100,24124,25,1000,14172325
NIFTY-I.NFO,01/07/2024,09:28:17,24122,24122.05,100,24123.95,75,450,14172325
NIFTY-I.NFO,01/07/2024,09:28:18,24122,24122.05,100,24122.9,25,250,14172325
NIFTY-I.NFO,01/07/2024,09:28:20,24122.05,24122.05,50,24123.1,200,625,14172325
NIFTY-I.NFO,01/07/2024,09:28:22,24122.05,24121.15,100,24121.95,50,2450,14172325
NIFTY-I.NFO,01/07/2024,09:28:23,24120.6,24120.55,125,24120.7,200,2700,14172325
NIFTY-I.NFO,01/07/2024,09:28:25,24121.35,24120.3,50,24121.4,200,500,14172325
NIFTY-I.NFO,01/07/2024,09:28:27,24117.6,24117.55,75,24118.45,200,2600,14172325
NIFTY-I.NFO,01/07/2024,09:28:28,24118.8,24117.6,75,24118.8,200,325,14172325
NIFTY-I.NFO,01/07/2024,09:28:30,24117.65,24116.05,75,24118.45,100,1150,14172325
NIFTY-I.NFO,01/07/2024,09:28:32,24118.5,24115.05,100,24118.3,25,425,14172325
NIFTY-I.NFO,01/07/2024,09:28:33,24118.5,24115.05,100,24116.8,25,0,14172325
NIFTY-I.NFO,01/07/2024,09:28:35,24118.5,24115.05,100,24116.1,100,0,14172325
NIFTY-I.NFO,01/07/2024,09:28:37,24115.05,24115.05,25,24116.1,25,150,14172325
NIFTY-I.NFO,01/07/2024,09:28:38,24115.15,24115.15,75,24116.1,25,150,14172325
NIFTY-I.NFO,01/07/2024,09:28:40,24115.15,24115.15,300,24117.2,25,125,14172325
NIFTY-I.NFO,01/07/2024,09:28:42,24115.45,24115.1,25,24115.6,300,125,14172325
NIFTY-I.NFO,01/07/2024,09:28:43,24115,24111.55,100,24113.75,100,575,14172325
NIFTY-I.NFO,01/07/2024,09:28:45,24113.75,24111.65,75,24114.65,200,75,14172325
NIFTY-I.NFO,01/07/2024,09:28:47,24114.3,24111.75,75,24114.1,100,275,14172325
NIFTY-I.NFO,01/07/2024,09:28:48,24113,24110.8,100,24113,225,225,14172325
NIFTY-I.NFO,01/07/2024,09:28:50,24113,24112.15,100,24113,175,50,14172325
NIFTY-I.NFO,01/07/2024,09:28:52,24113,24112.15,275,24113,50,150,14172325
NIFTY-I.NFO,01/07/2024,09:28:53,24114.25,24114.25,225,24115.45,25,300,14172325
NIFTY-I.NFO,01/07/2024,09:28:55,24115.45,24115.3,175,24117.2,25,225,14172325
NIFTY-I.NFO,01/07/2024,09:28:57,24116.65,24113.95,100,24116.85,100,325,14172325
NIFTY-I.NFO,01/07/2024,09:28:58,24114.3,24114.4,25,24115.8,100,75,14172325
NIFTY-I.NFO,01/07/2024,09:29:00,24114.25,24112.05,100,24114.2,100,175,14172325
NIFTY-I.NFO,01/07/2024,09:29:02,24115.3,24112.15,75,24114.95,100,50,14172325
NIFTY-I.NFO,01/07/2024,09:29:03,24112,24112.05,100,24115.45,375,650,14172325
NIFTY-I.NFO,01/07/2024,09:29:05,24112.15,24112.15,275,24115,25,250,14172325
NIFTY-I.NFO,01/07/2024,09:29:07,24112.7,24112.7,175,24114.25,25,150,14172325
NIFTY-I.NFO,01/07/2024,09:29:08,24112.9,24112.9,50,24114.15,25,25,14172325
NIFTY-I.NFO,01/07/2024,09:29:10,24112.9,24113.8,100,24114.1,25,75,14172325
NIFTY-I.NFO,01/07/2024,09:29:12,24112.9,24113.7,100,24113.95,25,0,14172325
NIFTY-I.NFO,01/07/2024,09:29:13,24113.55,24112.9,75,24113.95,25,25,14172325
NIFTY-I.NFO,01/07/2024,09:29:15,24114.3,24114.05,75,24115,100,275,14172325
NIFTY-I.NFO,01/07/2024,09:29:17,24115.4,24115.35,25,24117.65,150,375,14172325
NIFTY-I.NFO,01/07/2024,09:29:18,24116.05,24117.2,25,24117.65,150,25,14172325
NIFTY-I.NFO,01/07/2024,09:29:20,24117.6,24117.6,50,24118.3,25,225,14172325
NIFTY-I.NFO,01/07/2024,09:29:22,24117.6,24118.15,50,24118.3,25,0,14172325
NIFTY-I.NFO,01/07/2024,09:29:23,24117.45,24117.45,100,24120,125,275,14172325
NIFTY-I.NFO,01/07/2024,09:29:25,24115,24115.05,100,24116.55,100,250,14172325
NIFTY-I.NFO,01/07/2024,09:29:27,24115.25,24114,100,24115.95,50,250,14172325
NIFTY-I.NFO,01/07/2024,09:29:28,24115.25,24114,100,24115.25,200,0,14172325
NIFTY-I.NFO,01/07/2024,09:29:30,24113,24112.95,25,24115,25,1425,14172325
NIFTY-I.NFO,01/07/2024,09:29:31,24117.6,24116.15,100,24118.9,100,100,14172325
NIFTY-I.NFO,01/07/2024,09:29:33,24116.8,24116.25,50,24119.35,25,50,14172325
NIFTY-I.NFO,01/07/2024,09:29:35,24115.4,24115.7,100,24118.85,25,100,14172325
NIFTY-I.NFO,01/07/2024,09:29:36,24115.4,24115.4,100,24118.45,25,0,14172325
NIFTY-I.NFO,01/07/2024,09:29:38,24117,24116.55,25,24117,175,125,14172325
NIFTY-I.NFO,01/07/2024,09:29:40,24118,24116.6,75,24118.75,225,200,14172325
NIFTY-I.NFO,01/07/2024,09:29:41,24118.05,24118.05,50,24118.95,200,2625,14172325
NIFTY-I.NFO,01/07/2024,09:29:43,24119.3,24118.55,25,24119.3,100,50,14172325
NIFTY-I.NFO,01/07/2024,09:29:45,24118.05,24118.05,50,24118.75,25,325,14172325
NIFTY-I.NFO,01/07/2024,09:29:46,24118.75,24115.8,100,24118.85,175,275,14172325
NIFTY-I.NFO,01/07/2024,09:29:48,24118.85,24117.05,100,24118.8,25,25,14172325
NIFTY-I.NFO,01/07/2024,09:29:50,24118.45,24117.05,75,24118.85,125,50,14172325
NIFTY-I.NFO,01/07/2024,09:29:51,24118.35,24117.05,75,24117.8,100,75,14172325
NIFTY-I.NFO,01/07/2024,09:29:53,24116.8,24116.05,100,24116.8,25,225,14172325
NIFTY-I.NFO,01/07/2024,09:29:55,24116,24116,350,24117.05,25,350,14172325
NIFTY-I.NFO,01/07/2024,09:29:56,24118,24116.55,100,24118,50,75,14172325
NIFTY-I.NFO,01/07/2024,09:29:58,24118.95,24116.95,100,24119,25,100,14172325
NIFTY-I.NFO,01/07/2024,09:30:00,24116.95,24118.6,75,24119,25,50,14172325
NIFTY-I.NFO,01/07/2024,09:30:01,24116.55,24116.55,75,24117.9,100,500,14172325
NIFTY-I.NFO,01/07/2024,09:30:03,24118,24116.55,75,24117.15,100,475,14172325
NIFTY-I.NFO,01/07/2024,09:30:05,24116.9,24116.3,250,24117.15,100,300,14172325
NIFTY-I.NFO,01/07/2024,09:30:06,24116.65,24116.65,50,24117.15,100,900,14172325
NIFTY-I.NFO,01/07/2024,09:30:08,24117.95,24116.75,50,24117.95,100,100,14172325
NIFTY-I.NFO,01/07/2024,09:30:10,24118.7,24117.65,150,24119,50,1325,14172325
NIFTY-I.NFO,01/07/2024,09:30:11,24121.7,24120.15,100,24121.7,100,350,14172325
NIFTY-I.NFO,01/07/2024,09:30:13,24121.75,24118.7,25,24121.8,200,2175,14172325
NIFTY-I.NFO,01/07/2024,09:30:15,24121.7,24119.05,75,24121.85,525,275,14172325
NIFTY-I.NFO,01/07/2024,09:30:16,24122,24119.95,75,24122.35,100,25,14172325
NIFTY-I.NFO,01/07/2024,09:30:18,24122.4,24121.05,75,24122.55,100,50,14172325
NIFTY-I.NFO,01/07/2024,09:30:20,24119.4,24116.55,100,24119.5,125,900,14172325
NIFTY-I.NFO,01/07/2024,09:30:21,24120.9,24117.6,100,24120.9,100,25,14172325
NIFTY-I.NFO,01/07/2024,09:30:23,24120.05,24117.2,75,24120.05,75,625,14195700
NIFTY-I.NFO,01/07/2024,09:30:25,24116.5,24116.45,75,24116.9,75,125,14195700
NIFTY-I.NFO,01/07/2024,09:30:26,24116.75,24116.45,75,24116.75,25,50,14195700
NIFTY-I.NFO,01/07/2024,09:30:28,24114.6,24112.75,100,24115.35,125,850,14195700
NIFTY-I.NFO,01/07/2024,09:30:30,24116.6,24115.05,100,24116.6,50,650,14195700
NIFTY-I.NFO,01/07/2024,09:30:31,24115.15,24115.15,50,24118,300,325,14195700
NIFTY-I.NFO,01/07/2024,09:30:33,24116.15,24116.75,25,24119.4,25,125,14195700
NIFTY-I.NFO,01/07/2024,09:30:35,24119.4,24118.3,25,24121,25,900,14195700
NIFTY-I.NFO,01/07/2024,09:30:36,24119.7,24116.8,100,24119.75,200,500,14195700
NIFTY-I.NFO,01/07/2024,09:30:38,24119.2,24116.8,100,24119.2,100,75,14195700
NIFTY-I.NFO,01/07/2024,09:30:40,24120,24117.05,25,24120,25,250,14195700
NIFTY-I.NFO,01/07/2024,09:30:41,24120.15,24120.05,25,24122.4,25,100,14195700
NIFTY-I.NFO,01/07/2024,09:30:43,24124,24123.9,75,24124.5,25,250,14195700
NIFTY-I.NFO,01/07/2024,09:30:45,24122,24122.4,25,24125,23700,975,14195700
NIFTY-I.NFO,01/07/2024,09:30:46,24121.6,24120.85,150,24123.15,200,50,14195700
NIFTY-I.NFO,01/07/2024,09:30:48,24124.25,24123.95,25,24124.5,250,525,14195700
NIFTY-I.NFO,01/07/2024,09:30:49,24123.9,24123.25,100,24123.95,50,1225,14195700
NIFTY-I.NFO,01/07/2024,09:30:51,24124.25,24122.6,250,24124.4,375,1225,14195700
NIFTY-I.NFO,01/07/2024,09:30:53,24124.15,24122.7,25,24123.7,275,25,14195700
NIFTY-I.NFO,01/07/2024,09:30:54,24122.2,24122.2,75,24122.3,25,375,14195700
NIFTY-I.NFO,01/07/2024,09:30:56,24122,24120.7,100,24122,225,175,14195700
NIFTY-I.NFO,01/07/2024,09:30:58,24121,24120,50,24121.05,300,1575,14195700
NIFTY-I.NFO,01/07/2024,09:30:59,24120.75,24120.05,100,24120.75,100,50,14195700
NIFTY-I.NFO,01/07/2024,09:31:01,24122.55,24121.5,75,24123.25,25,525,14195700
NIFTY-I.NFO,01/07/2024,09:31:03,24122.3,24122.05,50,24124.55,200,3150,14195700
NIFTY-I.NFO,01/07/2024,09:31:04,24124.6,24124.05,100,24125,22575,425,14195700
NIFTY-I.NFO,01/07/2024,09:31:06,24125,24124.35,75,24125,9975,12625,14195700
NIFTY-I.NFO,01/07/2024,09:31:08,24125,24124.3,100,24125,9675,425,14195700
NIFTY-I.NFO,01/07/2024,09:31:09,24125,24124.1,25,24125,9550,150,14195700
NIFTY-I.NFO,01/07/2024,09:31:11,24125,24124.85,75,24124.95,125,150,14195700
NIFTY-I.NFO,01/07/2024,09:31:13,24123,24123,50,24123.6,50,550,14195700
NIFTY-I.NFO,01/07/2024,09:31:14,24123.6,24122.4,100,24123.25,100,450,14195700
NIFTY-I.NFO,01/07/2024,09:31:16,24124.2,24123,100,24124.8,50,200,14195700
NIFTY-I.NFO,01/07/2024,09:31:17,24125,24123.15,25,24125,8850,700,14195700
NIFTY-I.NFO,01/07/2024,09:31:19,24125,24124.95,175,24125,7750,1125,14195700
NIFTY-I.NFO,01/07/2024,09:31:21,24124.95,24124,75,24125,4375,3700,14195700
NIFTY-I.NFO,01/07/2024,09:31:22,24129,24126.8,75,24129,225,5525,14195700
NIFTY-I.NFO,01/07/2024,09:31:24,24130,24129.5,100,24130,1050,2625,14195700
NIFTY-I.NFO,01/07/2024,09:31:26,24127.8,24126.4,25,24127.95,200,450,14195700
NIFTY-I.NFO,01/07/2024,09:31:27,24127.15,24126.4,25,24127.45,125,1975,14195700
NIFTY-I.NFO,01/07/2024,09:31:29,24127.1,24126.7,75,24127.1,125,600,14195700
NIFTY-I.NFO,01/07/2024,09:31:30,24126.35,24126.4,100,24127.1,25,1050,14195700
NIFTY-I.NFO,01/07/2024,09:31:32,24127.5,24127.2,100,24127.65,25,350,14195700
NIFTY-I.NFO,01/07/2024,09:31:34,24127.6,24127.4,75,24127.6,125,550,14195700
NIFTY-I.NFO,01/07/2024,09:31:35,24129,24127.95,25,24129,250,450,14195700
NIFTY-I.NFO,01/07/2024,09:31:37,24129.2,24128.3,75,24129.3,125,2950,14195700
NIFTY-I.NFO,01/07/2024,09:31:39,24128.3,24128.25,75,24128.65,100,450,14195700
NIFTY-I.NFO,01/07/2024,09:31:40,24128.1,24127.05,175,24127.4,25,1200,14195700
NIFTY-I.NFO,01/07/2024,09:31:42,24124.05,24123.95,150,24124.5,50,4875,14195700
NIFTY-I.NFO,01/07/2024,09:31:44,24123.65,24123.5,100,24123.7,50,425,14195700
NIFTY-I.NFO,01/07/2024,09:31:45,24124,24123.9,100,24124,175,250,14195700
NIFTY-I.NFO,01/07/2024,09:31:47,24123.35,24122.85,125,24125.45,25,900,14195700
NIFTY-I.NFO,01/07/2024,09:31:48,24124.35,24124.3,125,24124.35,100,175,14195700
NIFTY-I.NFO,01/07/2024,09:31:50,24124.85,24124.5,100,24124.85,75,375,14195700
NIFTY-I.NFO,01/07/2024,09:31:52,24124.35,24124.35,75,24125.5,225,925,14195700
NIFTY-I.NFO,01/07/2024,09:31:53,24125.15,24124.05,100,24124.7,100,325,14195700
NIFTY-I.NFO,01/07/2024,09:31:55,24123.7,24123.1,100,24123.85,75,750,14195700
NIFTY-I.NFO,01/07/2024,09:31:57,24127.2,24124.45,50,24127.4,100,300,14195700
NIFTY-I.NFO,01/07/2024,09:31:58,24123.5,24123.8,75,24126.9,200,675,14195700
NIFTY-I.NFO,01/07/2024,09:32:00,24124.9,24126.05,75,24127.35,200,25,14195700
NIFTY-I.NFO,01/07/2024,09:32:02,24125.6,24125,75,24125.55,75,925,14195700
NIFTY-I.NFO,01/07/2024,09:32:03,24124.9,24124.8,100,24126.35,200,4000,14195700
NIFTY-I.NFO,01/07/2024,09:32:05,24125,24124.6,100,24124.9,275,400,14195700
NIFTY-I.NFO,01/07/2024,09:32:06,24124.9,24124.75,100,24124.9,175,150,14195700
NIFTY-I.NFO,01/07/2024,09:32:08,24125.35,24124.95,100,24125.35,50,775,14195700
NIFTY-I.NFO,01/07/2024,09:32:10,24125.5,24125.55,25,24127,350,725,14195700
NIFTY-I.NFO,01/07/2024,09:32:12,24125.25,24123.85,75,24125.25,300,800,14195700
NIFTY-I.NFO,01/07/2024,09:32:13,24123.8,24122.35,25,24124.2,225,425,14195700
NIFTY-I.NFO,01/07/2024,09:32:15,24122.3,24122.1,100,24122.9,75,1725,14195700
NIFTY-I.NFO,01/07/2024,09:32:16,24120,24116.9,25,24120.7,200,3200,14195700
NIFTY-I.NFO,01/07/2024,09:32:18,24118.9,24116.2,50,24120.45,125,125,14195700
NIFTY-I.NFO,01/07/2024,09:32:20,24120.35,24118.55,100,24120.35,50,125,14195700
NIFTY-I.NFO,01/07/2024,09:32:21,24122.1,24120.05,75,24122.15,25,150,14195700
NIFTY-I.NFO,01/07/2024,09:32:23,24122.3,24121.55,75,24123.2,350,225,14195700
NIFTY-I.NFO,01/07/2024,09:32:25,24121.25,24121.7,75,24122.65,425,275,14195700
NIFTY-I.NFO,01/07/2024,09:32:26,24112.1,24112.1,100,24112.65,250,4350,14195700
NIFTY-I.NFO,01/07/2024,09:32:28,24109.65,24109.05,100,24111.65,175,3225,14195700
NIFTY-I.NFO,01/07/2024,09:32:30,24109.65,24109.1,100,24111.95,300,1400,14195700
NIFTY-I.NFO,01/07/2024,09:32:31,24116,24111.6,25,24114.45,25,375,14195700
NIFTY-I.NFO,01/07/2024,09:32:33,24110.45,24110.45,50,24114.05,150,50,14195700
NIFTY-I.NFO,01/07/2024,09:32:35,24110.45,24111,100,24115.3,50,50,14195700
NIFTY-I.NFO,01/07/2024,09:32:36,24115.5,24111.9,100,24114.6,200,125,14195700
NIFTY-I.NFO,01/07/2024,09:32:38,24113.6,24112.7,100,24113.6,125,25,14195700
NIFTY-I.NFO,01/07/2024,09:32:40,24108,24108.1,100,24108.95,150,800,14195700
NIFTY-I.NFO,01/07/2024,09:32:41,24113.7,24110.2,75,24113.75,125,400,14195700
NIFTY-I.NFO,01/07/2024,09:32:43,24110.2,24110.85,100,24113,200,50,14195700
NIFTY-I.NFO,01/07/2024,09:32:45,24108.7,24108.15,100,24108.7,75,1475,14195700
NIFTY-I.NFO,01/07/2024,09:32:46,24108.45,24108.5,100,24109.7,150,2175,14195700
NIFTY-I.NFO,01/07/2024,09:32:48,24109.75,24108.15,100,24109.25,250,1850,14195700
NIFTY-I.NFO,01/07/2024,09:32:50,24108.75,24108.25,25,24108.75,250,1775,14195700
NIFTY-I.NFO,01/07/2024,09:32:51,24108.35,24108.35,50,24108.75,150,825,14195700
NIFTY-I.NFO,01/07/2024,09:32:53,24108.5,24108.3,75,24108.85,250,725,14195700
NIFTY-I.NFO,01/07/2024,09:32:55,24108.85,24108.8,25,24108.85,75,1775,14195700
NIFTY-I.NFO,01/07/2024,09:32:56,24109.85,24108.85,100,24109.85,150,1025,14195700
NIFTY-I.NFO,01/07/2024,09:32:58,24109.85,24108.85,50,24109.35,50,150,14195700
NIFTY-I.NFO,01/07/2024,09:33:00,24106.7,24106.8,75,24108.4,250,2650,14195700
NIFTY-I.NFO,01/07/2024,09:33:01,24106.4,24106.4,100,24106.95,250,2350,14195700
NIFTY-I.NFO,01/07/2024,09:33:03,24106.85,24106.85,50,24108.95,250,2875,14195700
NIFTY-I.NFO,01/07/2024,09:33:05,24110.95,24109.65,25,24110.95,250,825,14195700
NIFTY-I.NFO,01/07/2024,09:33:06,24107.25,24107.35,25,24108.45,250,850,14195700
NIFTY-I.NFO,01/07/2024,09:33:08,24109.95,24109.45,25,24110.95,250,750,14195700
NIFTY-I.NFO,01/07/2024,09:33:10,24110.45,24110.4,50,24110.45,250,300,14195700
NIFTY-I.NFO,01/07/2024,09:33:11,24113.35,24111.5,100,24113.95,25,875,14195700
NIFTY-I.NFO,01/07/2024,09:33:13,24115,24114.4,75,24116.4,25,300,14195700
NIFTY-I.NFO,01/07/2024,09:33:15,24119,24118.3,75,24119.2,100,550,14195700
NIFTY-I.NFO,01/07/2024,09:33:16,24111.7,24111.9,75,24115,250,1500,14195700
NIFTY-I.NFO,01/07/2024,09:33:18,24113.25,24111.1,75,24112.45,75,325,14195700
NIFTY-I.NFO,01/07/2024,09:33:20,24113,24113,25,24114.85,250,2125,14195700
NIFTY-I.NFO,01/07/2024,09:33:21,24110.5,24110.25,100,24110.5,225,1050,14195700
NIFTY-I.NFO,01/07/2024,09:33:23,24111.5,24110.1,100,24110.55,250,2050,14195700
NIFTY-I.NFO,01/07/2024,09:33:25,24111,24112.2,75,24112.95,25,175,14222025
NIFTY-I.NFO,01/07/2024,09:33:26,24113.9,24113.9,50,24114.05,250,800,14222025
NIFTY-I.NFO,01/07/2024,09:33:28,24112.25,24112.75,75,24113.55,275,225,14222025
NIFTY-I.NFO,01/07/2024,09:33:30,24113.05,24111.75,75,24113.05,100,375,14222025
NIFTY-I.NFO,01/07/2024,09:33:31,24110.55,24110.5,25,24110.55,125,1675,14222025
NIFTY-I.NFO,01/07/2024,09:33:33,24110.05,24110.1,100,24110.45,75,1300,14222025
NIFTY-I.NFO,01/07/2024,09:33:34,24110.85,24111.05,75,24112.75,500,675,14222025
NIFTY-I.NFO,01/07/2024,09:33:36,24112.15,24112.3,75,24112.75,375,275,14222025
NIFTY-I.NFO,01/07/2024,09:33:38,24112.35,24111.5,75,24112.75,225,375,14222025
NIFTY-I.NFO,01/07/2024,09:33:39,24114.3,24113,25,24113.65,250,575,14222025
NIFTY-I.NFO,01/07/2024,09:33:41,24112.55,24112.25,75,24113.15,100,1900,14222025
NIFTY-I.NFO,01/07/2024,09:33:43,24110.45,24110.85,75,24112.35,100,1675,14222025
NIFTY-I.NFO,01/07/2024,09:33:44,24106.2,24109.2,25,24112.15,50,3125,14222025
NIFTY-I.NFO,01/07/2024,09:33:46,24110.85,24108.65,100,24111.4,50,1875,14222025
NIFTY-I.NFO,01/07/2024,09:33:48,24112.3,24110.4,100,24112.55,50,2725,14222025
NIFTY-I.NFO,01/07/2024,09:33:49,24111.95,24108.35,25,24111.85,50,400,14222025
NIFTY-I.NFO,01/07/2024,09:33:51,24111.85,24112.8,100,24114.65,100,50,14222025
NIFTY-I.NFO,01/07/2024,09:33:52,24115,24114.35,125,24114.65,250,350,14222025
NIFTY-I.NFO,01/07/2024,09:33:54,24113.4,24113.35,100,24113.65,50,1125,14222025
NIFTY-I.NFO,01/07/2024,09:33:56,24112.9,24112.85,150,24112.9,250,850,14222025
NIFTY-I.NFO,01/07/2024,09:33:57,24112.8,24112.7,100,24112.8,150,1025,14222025
NIFTY-I.NFO,01/07/2024,09:33:59,24112.9,24112.85,100,24113.15,25,975,14222025
NIFTY-I.NFO,01/07/2024,09:34:01,24108.25,24111.55,75,24113.15,275,2575,14222025
NIFTY-I.NFO,01/07/2024,09:34:02,24111.55,24111.75,25,24114,25,1200,14222025
NIFTY-I.NFO,01/07/2024,09:34:04,24112.45,24110.05,100,24112.6,150,2175,14222025
NIFTY-I.NFO,01/07/2024,09:34:06,24112,24112,175,24112.3,25,725,14222025
NIFTY-I.NFO,01/07/2024,09:34:07,24111.7,24111.1,75,24111.7,75,775,14222025
NIFTY-I.NFO,01/07/2024,09:34:09,24110.7,24110.15,75,24110.7,50,825,14222025
NIFTY-I.NFO,01/07/2024,09:34:11,24110.65,24110.2,75,24110.6,150,775,14222025
NIFTY-I.NFO,01/07/2024,09:34:12,24110,24109.1,100,24109.7,175,1275,14222025
NIFTY-I.NFO,01/07/2024,09:34:14,24109,24109.2,25,24109.35,125,850,14222025
NIFTY-I.NFO,01/07/2024,09:34:16,24108.1,24108.1,225,24109.2,250,500,14222025
NIFTY-I.NFO,01/07/2024,09:34:17,24108.05,24108.05,75,24108.1,450,925,14222025
NIFTY-I.NFO,01/07/2024,09:34:19,24107.95,24107.15,75,24107.95,75,525,14222025
NIFTY-I.NFO,01/07/2024,09:34:21,24107.2,24107.1,100,24107.15,75,200,14222025
NIFTY-I.NFO,01/07/2024,09:34:22,24101.05,24101.05,150,24102.75,25,3125,14222025
NIFTY-I.NFO,01/07/2024,09:34:24,24100.05,24100.15,100,24100.65,125,575,14222025
NIFTY-I.NFO,01/07/2024,09:34:26,24102.45,24101.35,25,24102.45,25,200,14222025
NIFTY-I.NFO,01/07/2024,09:34:28,24104.35,24104.2,100,24104.4,50,375,14222025
NIFTY-I.NFO,01/07/2024,09:34:29,24104.45,24103.6,75,24104.45,50,925,14222025
NIFTY-I.NFO,01/07/2024,09:34:31,24104.4,24104.5,75,24105,125,400,14222025
NIFTY-I.NFO,01/07/2024,09:34:33,24104.15,24104.2,75,24107.2,100,625,14222025
NIFTY-I.NFO,01/07/2024,09:34:34,24107.2,24105.45,75,24107.55,100,50,14222025
NIFTY-I.NFO,01/07/2024,09:34:36,24102.5,24102.5,75,24105.1,100,350,14222025
NIFTY-I.NFO,01/07/2024,09:34:38,24103.25,24103.45,75,24104.7,25,50,14222025
NIFTY-I.NFO,01/07/2024,09:34:39,24103.9,24103.1,100,24103.85,75,125,14222025
NIFTY-I.NFO,01/07/2024,09:34:41,24102.65,24101.1,100,24102.45,325,675,14222025
NIFTY-I.NFO,01/07/2024,09:34:43,24101.1,24101.1,75,24102.05,125,500,14222025
NIFTY-I.NFO,01/07/2024,09:34:44,24100,24100.05,100,24102.05,25,850,14222025
NIFTY-I.NFO,01/07/2024,09:34:46,24104.95,24102.1,100,24105,75,525,14222025
NIFTY-I.NFO,01/07/2024,09:34:48,24103.35,24104.4,100,24104.7,25,300,14222025
NIFTY-I.NFO,01/07/2024,09:34:49,24100.1,24100.1,50,24102,50,600,14222025
NIFTY-I.NFO,01/07/2024,09:34:51,24101.3,24101.25,100,24101.95,75,100,14222025
NIFTY-I.NFO,01/07/2024,09:34:53,24101.7,24101.7,75,24102,25,350,14222025
NIFTY-I.NFO,01/07/2024,09:34:54,24101.95,24101.75,100,24101.85,75,225,14222025
NIFTY-I.NFO,01/07/2024,09:34:56,24103,24102.35,75,24103.95,25,225,14222025
NIFTY-I.NFO,01/07/2024,09:34:58,24104.7,24103.4,25,24104.7,250,500,14222025
NIFTY-I.NFO,01/07/2024,09:34:59,24104,24101.2,100,24103.95,150,1575,14222025
NIFTY-I.NFO,01/07/2024,09:35:01,24100,24100.05,100,24100.6,150,250,14222025
NIFTY-I.NFO,01/07/2024,09:35:03,24100.05,24100.15,25,24101.7,250,2625,14222025
NIFTY-I.NFO,01/07/2024,09:35:04,24101.1,24101.25,75,24103.2,250,1175,14222025
NIFTY-I.NFO,01/07/2024,09:35:06,24100.3,24100.5,75,24103.15,25,1125,14222025
NIFTY-I.NFO,01/07/2024,09:35:08,24102.7,24102.15,75,24102.7,350,400,14222025
NIFTY-I.NFO,01/07/2024,09:35:09,24103.7,24100.95,175,24103.45,25,1675,14222025
NIFTY-I.NFO,01/07/2024,09:35:11,24104.95,24103.8,100,24105.25,450,975,14222025
NIFTY-I.NFO,01/07/2024,09:35:13,24101.05,24100.75,75,24103.55,300,725,14222025
NIFTY-I.NFO,01/07/2024,09:35:14,24103,24102.15,175,24102.95,150,525,14222025
NIFTY-I.NFO,01/07/2024,09:35:16,24102.95,24101.95,75,24103.25,350,150,14222025
NIFTY-I.NFO,01/07/2024,09:35:17,24102.6,24101.7,75,24102.55,50,350,14222025
NIFTY-I.NFO,01/07/2024,09:35:19,24103.15,24102.5,100,24103.15,25,425,14222025
NIFTY-I.NFO,01/07/2024,09:35:21,24105,24103.65,75,24105.3,275,150,14222025
NIFTY-I.NFO,01/07/2024,09:35:22,24101.2,24101.3,75,24103,50,650,14222025
NIFTY-I.NFO,01/07/2024,09:35:24,24101.05,24101.05,100,24102,25,725,14222025
NIFTY-I.NFO,01/07/2024,09:35:26,24103,24102.15,100,24103,50,300,14222025
NIFTY-I.NFO,01/07/2024,09:35:27,24104,24103.35,50,24104,25,100,14222025
NIFTY-I.NFO,01/07/2024,09:35:29,24105,24104.7,100,24106,100,75,14222025
NIFTY-I.NFO,01/07/2024,09:35:31,24108,24106.6,75,24108.05,500,250,14222025
NIFTY-I.NFO,01/07/2024,09:35:32,24105,24105.05,100,24107.05,250,600,14222025
NIFTY-I.NFO,01/07/2024,09:35:34,24105,24105.05,450,24107.9,100,0,14222025
NIFTY-I.NFO,01/07/2024,09:35:36,24105,24106.5,100,24108.05,675,0,14222025
NIFTY-I.NFO,01/07/2024,09:35:37,24106.55,24105.25,100,24106.55,175,700,14222025
NIFTY-I.NFO,01/07/2024,09:35:39,24104.05,24104.05,75,24104.1,125,625,14222025
NIFTY-I.NFO,01/07/2024,09:35:41,24103,24102.9,100,24104.05,350,750,14222025
NIFTY-I.NFO,01/07/2024,09:35:42,24102.15,24102.55,75,24102.85,25,200,14222025
NIFTY-I.NFO,01/07/2024,09:35:44,24102.9,24102.85,125,24102.9,50,375,14222025
NIFTY-I.NFO,01/07/2024,09:35:46,24102.85,24103.7,25,24104.95,25,475,14222025
NIFTY-I.NFO,01/07/2024,09:35:47,24105.6,24105.7,100,24106.6,100,900,14222025
NIFTY-I.NFO,01/07/2024,09:35:49,24105.4,24103.35,350,24105.4,25,775,14222025
NIFTY-I.NFO,01/07/2024,09:35:51,24102.95,24102.95,50,24104.75,300,650,14222025
NIFTY-I.NFO,01/07/2024,09:35:52,24103.2,24100.7,100,24103.5,150,3000,14222025
NIFTY-I.NFO,01/07/2024,09:35:54,24104.45,24101.95,75,24103.75,325,375,14222025
NIFTY-I.NFO,01/07/2024,09:35:56,24102.85,24101.15,100,24103.95,75,525,14222025
NIFTY-I.NFO,01/07/2024,09:35:57,24103.75,24102.65,100,24102.85,1000,50,14222025
NIFTY-I.NFO,01/07/2024,09:35:59,24102.85,24103.35,25,24103.75,25,1025,14222025
NIFTY-I.NFO,01/07/2024,09:36:01,24104.35,24103.15,75,24104.5,250,350,14222025
NIFTY-I.NFO,01/07/2024,09:36:02,24101.85,24101.05,100,24101.85,200,700,14222025
NIFTY-I.NFO,01/07/2024,09:36:04,24101.8,24101,100,24101.8,50,1975,14222025
NIFTY-I.NFO,01/07/2024,09:36:06,24103.35,24101.1,25,24104.75,125,75,14222025
NIFTY-I.NFO,01/07/2024,09:36:07,24102.85,24102.8,350,24104.95,25,475,14222025
NIFTY-I.NFO,01/07/2024,09:36:09,24104.85,24105.35,100,24107,100,225,14222025
NIFTY-I.NFO,01/07/2024,09:36:11,24108,24106.95,100,24108,200,650,14222025
NIFTY-I.NFO,01/07/2024,09:36:12,24107.85,24106.9,100,24107.85,225,1500,14222025
NIFTY-I.NFO,01/07/2024,09:36:14,24105.8,24106.4,25,24107.9,75,1300,14222025
NIFTY-I.NFO,01/07/2024,09:36:16,24110.4,24109.4,425,24111,1000,1225,14222025
NIFTY-I.NFO,01/07/2024,09:36:17,24114.25,24112.65,25,24114.45,25,1325,14222025
NIFTY-I.NFO,01/07/2024,09:36:19,24112.25,24112.3,25,24113,125,1000,14222025
NIFTY-I.NFO,01/07/2024,09:36:21,24115,24113.65,100,24114.35,300,325,14222025
NIFTY-I.NFO,01/07/2024,09:36:22,24113.5,24113.35,25,24113.65,100,275,14222025
NIFTY-I.NFO,01/07/2024,09:36:24,24113.25,24113.25,50,24113.55,75,450,14221450
NIFTY-I.NFO,01/07/2024,09:36:25,24112.95,24111.75,75,24113.05,25,975,14221450
NIFTY-I.NFO,01/07/2024,09:36:27,24112.3,24111.95,75,24113.05,475,350,14221450
NIFTY-I.NFO,01/07/2024,09:36:29,24112.75,24112.85,75,24113,425,275,14221450
NIFTY-I.NFO,01/07/2024,09:36:30,24112.9,24111.3,75,24112.9,225,475,14221450
NIFTY-I.NFO,01/07/2024,09:36:32,24110.55,24108.35,75,24110,50,600,14221450
NIFTY-I.NFO,01/07/2024,09:36:34,24110,24108.35,100,24110,25,275,14221450
NIFTY-I.NFO,01/07/2024,09:36:35,24109.35,24109.55,75,24109.7,200,75,14221450
NIFTY-I.NFO,01/07/2024,09:36:37,24108.7,24105.95,350,24108.25,225,500,14221450
NIFTY-I.NFO,01/07/2024,09:36:39,24108.2,24108.55,75,24109.95,25,150,14221450
NIFTY-I.NFO,01/07/2024,09:36:40,24110,24109.8,100,24111.75,125,400,14221450
NIFTY-I.NFO,01/07/2024,09:36:42,24111.6,24111.5,25,24111.6,100,200,14221450
NIFTY-I.NFO,01/07/2024,09:36:43,24113.15,24112.35,25,24113.25,250,250,14221450
NIFTY-I.NFO,01/07/2024,09:36:45,24113.4,24113.4,75,24113.9,100,625,14221450
NIFTY-I.NFO,01/07/2024,09:36:47,24113.35,24113.15,125,24113.25,200,875,14221450
NIFTY-I.NFO,01/07/2024,09:36:48,24110.65,24111.65,50,24112.55,50,575,14221450
NIFTY-I.NFO,01/07/2024,09:36:50,24112.55,24112.4,75,24112.55,200,50,14221450
NIFTY-I.NFO,01/07/2024,09:36:52,24112.55,24112.4,50,24112.85,200,225,14221450
NIFTY-I.NFO,01/07/2024,09:36:53,24114.4,24112.2,125,24113.95,25,825,14221450
NIFTY-I.NFO,01/07/2024,09:36:55,24114.45,24113.6,100,24114.45,150,1150,14221450
NIFTY-I.NFO,01/07/2024,09:36:57,24114.6,24114.6,100,24114.95,25,50,14221450
NIFTY-I.NFO,01/07/2024,09:36:58,24116.55,24115.15,75,24117,25,550,14221450
NIFTY-I.NFO,01/07/2024,09:37:00,24118,24116.55,75,24118,100,250,14221450
NIFTY-I.NFO,01/07/2024,09:37:02,24118.75,24118.65,75,24118.95,25,150,14221450
NIFTY-I.NFO,01/07/2024,09:37:03,24117.25,24116.5,100,24117.25,300,700,14221450
NIFTY-I.NFO,01/07/2024,09:37:05,24116.7,24114.9,25,24116.75,275,1225,14221450
NIFTY-I.NFO,01/07/2024,09:37:07,24116.7,24116.15,100,24116.25,100,100,14221450
NIFTY-I.NFO,01/07/2024,09:37:08,24116.9,24116.9,50,24117.75,350,425,14221450
NIFTY-I.NFO,01/07/2024,09:37:10,24117.25,24116.8,100,24116.95,25,700,14221450
NIFTY-I.NFO,01/07/2024,09:37:12,24117.25,24117,75,24117.25,50,75,14221450
NIFTY-I.NFO,01/07/2024,09:37:13,24117.85,24117.85,75,24118.95,25,150,14221450
NIFTY-I.NFO,01/07/2024,09:37:15,24119.75,24119.15,100,24119.45,25,150,14221450
NIFTY-I.NFO,01/07/2024,09:37:17,24119.3,24119.3,225,24119.45,25,1475,14221450
NIFTY-I.NFO,01/07/2024,09:37:18,24118.8,24118.65,100,24118.95,25,2600,14221450
NIFTY-I.NFO,01/07/2024,09:37:20,24117.95,24117.65,75,24118.35,350,725,14221450
NIFTY-I.NFO,01/07/2024,09:37:22,24117.9,24117.6,100,24117.75,325,275,14221450
NIFTY-I.NFO,01/07/2024,09:37:23,24116.75,24116.05,100,24116.9,300,450,14221450
NIFTY-I.NFO,01/07/2024,09:37:25,24116.9,24116.5,100,24116.9,25,175,14221450
NIFTY-I.NFO,01/07/2024,09:37:27,24115.4,24113.55,100,24115.4,75,1025,14221450
NIFTY-I.NFO,01/07/2024,09:37:28,24115.9,24115.5,100,24115.95,25,525,14221450
NIFTY-I.NFO,01/07/2024,09:37:30,24115.75,24115.4,25,24115.45,25,350,14221450
NIFTY-I.NFO,01/07/2024,09:37:32,24113.7,24112.6,100,24113.65,150,575,14221450
NIFTY-I.NFO,01/07/2024,09:37:33,24113.65,24113.65,25,24115.45,25,175,14221450
NIFTY-I.NFO,01/07/2024,09:37:35,24115.45,24114.9,50,24115,300,25,14221450
NIFTY-I.NFO,01/07/2024,09:37:37,24115.75,24115.85,25,24115.95,25,500,14221450
NIFTY-I.NFO,01/07/2024,09:37:38,24116.25,24114.5,100,24115.45,125,650,14221450
NIFTY-I.NFO,01/07/2024,09:37:40,24113.6,24113.55,100,24113.8,125,350,14221450
NIFTY-I.NFO,01/07/2024,09:37:42,24111.15,24111.15,25,24112.05,100,1075,14221450
NIFTY-I.NFO,01/07/2024,09:37:43,24111.8,24111.9,75,24111.95,350,75,14221450
NIFTY-I.NFO,01/07/2024,09:37:45,24112.2,24112.2,25,24113.45,50,450,14221450
NIFTY-I.NFO,01/07/2024,09:37:47,24114.95,24114.8,25,24114.95,25,525,14221450
NIFTY-I.NFO,01/07/2024,09:37:48,24114.65,24114.55,75,24114.65,350,475,14221450
NIFTY-I.NFO,01/07/2024,09:37:50,24114.65,24114.6,150,24114.65,175,175,14221450
NIFTY-I.NFO,01/07/2024,09:37:51,24112.95,24113,50,24113.8,50,1225,14221450
NIFTY-I.NFO,01/07/2024,09:37:53,24113.35,24113.2,100,24113.3,250,350,14221450
NIFTY-I.NFO,01/07/2024,09:37:55,24114,24114.1,25,24114.55,25,525,14221450
NIFTY-I.NFO,01/07/2024,09:37:56,24116.45,24115.75,50,24116.45,25,200,14221450
NIFTY-I.NFO,01/07/2024,09:37:58,24118.3,24118.05,75,24118.3,225,100,14221450
NIFTY-I.NFO,01/07/2024,09:38:00,24118.6,24118.5,25,24118.7,200,700,14221450
NIFTY-I.NFO,01/07/2024,09:38:01,24116.3,24115.05,100,24116.25,125,1025,14221450
NIFTY-I.NFO,01/07/2024,09:38:03,24114.7,24114.75,125,24115.1,25,2725,14221450
NIFTY-I.NFO,01/07/2024,09:38:05,24115.3,24115,150,24115.3,150,1950,14221450
NIFTY-I.NFO,01/07/2024,09:38:06,24115.95,24115.9,50,24116.5,75,375,14221450
NIFTY-I.NFO,01/07/2024,09:38:08,24118.15,24117.7,50,24118.15,75,125,14221450
NIFTY-I.NFO,01/07/2024,09:38:09,24118.15,24118.1,125,24118.15,50,25,14221450
NIFTY-I.NFO,01/07/2024,09:38:11,24118.7,24116.45,100,24118.1,25,1025,14221450
NIFTY-I.NFO,01/07/2024,09:38:13,24115.95,24115.7,100,24117.55,25,225,14221450
NIFTY-I.NFO,01/07/2024,09:38:14,24118.25,24118.2,100,24118.8,275,75,14221450
NIFTY-I.NFO,01/07/2024,09:38:16,24117.6,24116,100,24117.6,350,400,14221450
NIFTY-I.NFO,01/07/2024,09:38:18,24116.8,24116.9,75,24117.6,25,275,14221450
NIFTY-I.NFO,01/07/2024,09:38:19,24117.8,24117.4,75,24118,850,100,14221450
NIFTY-I.NFO,01/07/2024,09:38:21,24117.4,24117.7,50,24118,850,25,14221450
NIFTY-I.NFO,01/07/2024,09:38:22,24118,24117.95,100,24118,400,525,14221450
NIFTY-I.NFO,01/07/2024,09:38:24,24117.85,24116.1,100,24117.6,25,350,14221450
NIFTY-I.NFO,01/07/2024,09:38:26,24116.35,24114.8,75,24116.9,350,1575,14221450
NIFTY-I.NFO,01/07/2024,09:38:27,24114.9,24114.8,100,24115.3,150,300,14221450
NIFTY-I.NFO,01/07/2024,09:38:29,24115.45,24115.6,75,24116.3,150,75,14221450
NIFTY-I.NFO,01/07/2024,09:38:31,24116.85,24115.5,100,24117.15,100,250,14221450
NIFTY-I.NFO,01/07/2024,09:38:32,24116.2,24116.25,100,24117.35,75,225,14221450
NIFTY-I.NFO,01/07/2024,09:38:34,24118,24116.75,25,24118.85,25,200,14221450
NIFTY-I.NFO,01/07/2024,09:38:36,24122.3,24122.15,100,24122.9,25,1650,14221450
NIFTY-I.NFO,01/07/2024,09:38:37,24122,24120.4,350,24122.2,25,1125,14221450
NIFTY-I.NFO,01/07/2024,09:38:39,24121.8,24120.45,100,24121.7,25,100,14221450
NIFTY-I.NFO,01/07/2024,09:38:40,24120.85,24120.85,75,24121.2,125,150,14221450
NIFTY-I.NFO,01/07/2024,09:38:42,24120.7,24120.45,75,24120.7,100,200,14221450
NIFTY-I.NFO,01/07/2024,09:38:44,24119.7,24118.05,100,24119.75,50,1150,14221450
NIFTY-I.NFO,01/07/2024,09:38:45,24119.3,24118.45,100,24119.3,125,75,14221450
NIFTY-I.NFO,01/07/2024,09:38:47,24118.3,24117.4,25,24118.3,225,400,14221450
NIFTY-I.NFO,01/07/2024,09:38:49,24118.25,24118.25,25,24118.3,125,200,14221450
NIFTY-I.NFO,01/07/2024,09:38:50,24118.65,24118.65,100,24119.2,250,1225,14221450
NIFTY-I.NFO,01/07/2024,09:38:52,24117.9,24117.35,100,24118,25,425,14221450
NIFTY-I.NFO,01/07/2024,09:38:53,24118.45,24118.65,75,24119.25,50,325,14221450
NIFTY-I.NFO,01/07/2024,09:38:55,24119.45,24119.5,25,24120.25,200,300,14221450
NIFTY-I.NFO,01/07/2024,09:38:57,24120.5,24120.55,50,24120.95,25,100,14221450
NIFTY-I.NFO,01/07/2024,09:38:59,24125,24124.2,75,24124.45,25,2100,14221450
NIFTY-I.NFO,01/07/2024,09:39:00,24126,24125.9,100,24126,700,800,14221450
NIFTY-I.NFO,01/07/2024,09:39:02,24124,24121.4,100,24123.65,100,2950,14221450
NIFTY-I.NFO,01/07/2024,09:39:03,24121.3,24119.3,100,24121.3,225,350,14221450
NIFTY-I.NFO,01/07/2024,09:39:05,24120.05,24120,100,24120.15,25,1950,14221450
NIFTY-I.NFO,01/07/2024,09:39:07,24117.7,24116.65,350,24117.95,25,2175,14221450
NIFTY-I.NFO,01/07/2024,09:39:08,24117,24116.8,100,24119.4,100,1825,14221450
NIFTY-I.NFO,01/07/2024,09:39:10,24118.25,24116.35,450,24118.3,100,100,14221450
NIFTY-I.NFO,01/07/2024,09:39:12,24119.85,24117.95,350,24119.95,25,1175,14221450
NIFTY-I.NFO,01/07/2024,09:39:13,24120,24119.2,100,24119.95,125,175,14221450
NIFTY-I.NFO,01/07/2024,09:39:15,24118.85,24117.5,100,24119.1,25,500,14221450
NIFTY-I.NFO,01/07/2024,09:39:17,24119.8,24119.7,25,24120,425,175,14221450
NIFTY-I.NFO,01/07/2024,09:39:18,24119.5,24119.3,25,24119.55,350,625,14221450
NIFTY-I.NFO,01/07/2024,09:39:20,24118.95,24118.7,100,24118.95,250,150,14221450
NIFTY-I.NFO,01/07/2024,09:39:22,24118.95,24118.75,25,24119,200,400,14221450
NIFTY-I.NFO,01/07/2024,09:39:23,24119,24118.95,125,24119,150,75,14221450
NIFTY-I.NFO,01/07/2024,09:39:25,24119.85,24119.55,100,24119.85,25,175,14230450
NIFTY-I.NFO,01/07/2024,09:39:27,24119.35,24119.7,75,24119.95,25,225,14230450
NIFTY-I.NFO,01/07/2024,09:39:28,24122.3,24121.95,75,24124,50,200,14230450
NIFTY-I.NFO,01/07/2024,09:39:30,24126.95,24126.5,25,24126.95,25,1150,14230450
NIFTY-I.NFO,01/07/2024,09:39:31,24126.45,24124.6,100,24126.1,25,750,14230450
NIFTY-I.NFO,01/07/2024,09:39:33,24125.7,24124.7,25,24125.8,100,275,14230450
NIFTY-I.NFO,01/07/2024,09:39:35,24124.55,24122.8,100,24124.55,325,550,14230450
NIFTY-I.NFO,01/07/2024,09:39:36,24122.8,24121.85,100,24122.8,300,325,14230450
NIFTY-I.NFO,01/07/2024,09:39:38,24122.1,24122,50,24123.1,25,975,14230450
NIFTY-I.NFO,01/07/2024,09:39:40,24121.8,24121.45,100,24122.45,25,275,14230450
NIFTY-I.NFO,01/07/2024,09:39:41,24122.55,24122.65,75,24124.15,100,500,14230450
NIFTY-I.NFO,01/07/2024,09:39:43,24122.45,24121.25,100,24123.45,25,500,14230450
NIFTY-I.NFO,01/07/2024,09:39:44,24122.15,24122.25,75,24124.4,25,350,14230450
NIFTY-I.NFO,01/07/2024,09:39:46,24122.15,24122.2,125,24124,25,200,14230450
NIFTY-I.NFO,01/07/2024,09:39:48,24121.75,24121.7,100,24122.8,100,375,14230450
NIFTY-I.NFO,01/07/2024,09:39:49,24124.1,24122.1,100,24123.85,250,700,14230450
NIFTY-I.NFO,01/07/2024,09:39:51,24122.7,24122.25,100,24123.75,25,100,14230450
NIFTY-I.NFO,01/07/2024,09:39:52,24123.1,24122.85,125,24123.65,100,500,14230450
NIFTY-I.NFO,01/07/2024,09:39:54,24124.35,24123.15,25,24124.25,100,150,14230450
NIFTY-I.NFO,01/07/2024,09:39:56,24124.55,24123.9,100,24124.6,100,75,14230450
NIFTY-I.NFO,01/07/2024,09:39:57,24124.1,24123.9,100,24124.5,175,2125,14230450
NIFTY-I.NFO,01/07/2024,09:39:59,24124.5,24125.1,100,24125.7,250,175,14230450
NIFTY-I.NFO,01/07/2024,09:40:01,24123.8,24123.15,100,24125,100,1300,14230450
NIFTY-I.NFO,01/07/2024,09:40:02,24125.05,24124.1,75,24124.35,25,275,14230450
NIFTY-I.NFO,01/07/2024,09:40:04,24125.45,24125.15,25,24125.45,75,425,14230450
NIFTY-I.NFO,01/07/2024,09:40:05,24126.85,24126.15,50,24126.85,175,1325,14230450
NIFTY-I.NFO,01/07/2024,09:40:07,24123.45,24123.5,50,24125.15,25,1150,14230450
NIFTY-I.NFO,01/07/2024,09:40:09,24126.75,24127.35,75,24127.95,50,1100,14230450
NIFTY-I.NFO,01/07/2024,09:40:10,24128,24127.05,125,24128,425,375,14230450
NIFTY-I.NFO,01/07/2024,09:40:12,24128,24127.95,125,24128.4,25,500,14230450
NIFTY-I.NFO,01/07/2024,09:40:13,24129,24128.7,75,24129,75,275,14230450
NIFTY-I.NFO,01/07/2024,09:40:15,24128.65,24128.6,125,24128.65,25,225,14230450
NIFTY-I.NFO,01/07/2024,09:40:16,24130,24129.65,100,24130,3475,500,14230450
NIFTY-I.NFO,01/07/2024,09:40:18,24133.55,24132.15,50,24133.55,100,9050,14230450
NIFTY-I.NFO,01/07/2024,09:40:18,24134.9,24132.15,50,24133.55,100,0,14230450
NIFTY-I.NFO,01/07/2024,09:40:20,24130.8,24130.55,100,24130.95,25,1675,14230450
NIFTY-I.NFO,01/07/2024,09:40:21,24130.45,24130.4,25,24132.15,200,75,14230450
NIFTY-I.NFO,01/07/2024,09:40:23,24129.55,24128.7,50,24129.55,125,850,14230450
NIFTY-I.NFO,01/07/2024,09:40:25,24127.6,24125.05,100,24126.4,100,475,14230450
NIFTY-I.NFO,01/07/2024,09:40:26,24124,24123.8,100,24125.9,25,1725,14230450
NIFTY-I.NFO,01/07/2024,09:40:28,24125.75,24126.6,75,24128.3,100,325,14230450
NIFTY-I.NFO,01/07/2024,09:40:29,24127,24126.95,100,24128.65,25,275,14230450
NIFTY-I.NFO,01/07/2024,09:40:31,24128.1,24130.9,50,24131.8,25,425,14230450
NIFTY-I.NFO,01/07/2024,09:40:33,24130.9,24130.1,25,24130.65,100,125,14230450
NIFTY-I.NFO,01/07/2024,09:40:34,24130.25,24128.05,75,24130.1,75,425,14230450
NIFTY-I.NFO,01/07/2024,09:40:36,24129.15,24129.15,25,24130.6,25,100,14230450
NIFTY-I.NFO,01/07/2024,09:40:37,24130.35,24129.9,25,24130.6,75,175,14230450
NIFTY-I.NFO,01/07/2024,09:40:39,24130,24129.9,25,24130,75,50,14230450
NIFTY-I.NFO,01/07/2024,09:40:41,24131.2,24130.4,50,24130.7,275,1075,14230450
NIFTY-I.NFO,01/07/2024,09:40:42,24128.1,24130,200,24130.7,150,150,14230450
NIFTY-I.NFO,01/07/2024,09:40:44,24130.4,24130.4,25,24131.35,250,450,14230450
NIFTY-I.NFO,01/07/2024,09:40:46,24131.15,24130,175,24130.4,25,300,14230450
NIFTY-I.NFO,01/07/2024,09:40:47,24131.85,24130.7,50,24131.35,25,250,14230450
NIFTY-I.NFO,01/07/2024,09:40:49,24132,24130.75,100,24131.9,25,100,14230450
NIFTY-I.NFO,01/07/2024,09:40:50,24132,24131.35,125,24132,25,125,14230450
NIFTY-I.NFO,01/07/2024,09:40:52,24134.55,24132.95,50,24134.55,25,375,14230450
NIFTY-I.NFO,01/07/2024,09:40:54,24133,24132.9,25,24134,25,225,14230450
NIFTY-I.NFO,01/07/2024,09:40:55,24132.95,24133.6,100,24134.8,100,75,14230450
NIFTY-I.NFO,01/07/2024,09:40:57,24133.55,24131.05,75,24133.45,25,400,14230450
NIFTY-I.NFO,01/07/2024,09:40:58,24133.7,24133,25,24133.85,25,150,14230450
NIFTY-I.NFO,01/07/2024,09:41:00,24133.7,24133.7,50,24134.35,75,100,14230450
NIFTY-I.NFO,01/07/2024,09:41:02,24136.3,24135,225,24136.25,300,4650,14230450
NIFTY-I.NFO,01/07/2024,09:41:02,24136.35,24135,225,24136.25,300,0,14230450
NIFTY-I.NFO,01/07/2024,09:41:03,24133.9,24133.9,25,24135.85,225,350,14230450
NIFTY-I.NFO,01/07/2024,09:41:05,24135.55,24134.75,25,24135.55,125,200,14230450
NIFTY-I.NFO,01/07/2024,09:41:06,24136.6,24135,1075,24136.6,25,1050,14230450
NIFTY-I.NFO,01/07/2024,09:41:06,24136.6,24135,1075,24136.6,25,0,14230450
NIFTY-I.NFO,01/07/2024,09:41:08,24139.8,24139.05,100,24139.9,25,4025,14230450
NIFTY-I.NFO,01/07/2024,09:41:08,24139.8,24139.05,100,24139.9,25,0,14230450
NIFTY-I.NFO,01/07/2024,09:41:10,24140,24138.55,100,24140,1325,1175,14230450
NIFTY-I.NFO,01/07/2024,09:41:10,24140,24138.55,100,24140,1325,0,14230450
NIFTY-I.NFO,01/07/2024,09:41:11,24139.1,24137.05,25,24138.6,25,1925,14230450
NIFTY-I.NFO,01/07/2024,09:41:11,24140.6,24137.05,25,24138.6,25,0,14230450
NIFTY-I.NFO,01/07/2024,09:41:13,24139.85,24138.2,100,24139.35,125,175,14230450
NIFTY-I.NFO,01/07/2024,09:41:15,24138.25,24138.25,100,24140.35,25,1075,14230450
NIFTY-I.NFO,01/07/2024,09:41:16,24140,24140,200,24141,50,525,14230450
NIFTY-I.NFO,01/07/2024,09:41:16,24140.85,24140,200,24141,50,0,14230450
NIFTY-I.NFO,01/07/2024,09:41:18,24139.4,24139.4,75,24141.3,25,775,14230450
NIFTY-I.NFO,01/07/2024,09:41:18,24141.35,24139.4,75,24141.3,25,0,14230450
NIFTY-I.NFO,01/07/2024,09:41:20,24142,24142.1,25,24144,1875,950,14230450
NIFTY-I.NFO,01/07/2024,09:41:20,24142,24142.1,25,24144,1875,0,14230450
NIFTY-I.NFO,01/07/2024,09:41:21,24147,24144.15,100,24147,650,4850,14230450
NIFTY-I.NFO,01/07/2024,09:41:21,24147,24144.15,100,24147,650,0,14230450
NIFTY-I.NFO,01/07/2024,09:41:23,24143.3,24143.35,100,24145.85,150,1075,14230450
NIFTY-I.NFO,01/07/2024,09:41:25,24144.85,24142.85,75,24144.85,50,225,14230450
NIFTY-I.NFO,01/07/2024,09:41:26,24144,24143.35,25,24143.85,25,2550,14230450
NIFTY-I.NFO,01/07/2024,09:41:28,24140.45,24142.45,75,24144.35,25,575,14230450
NIFTY-I.NFO,01/07/2024,09:41:30,24140,24140,1175,24141.85,25,900,14230450
NIFTY-I.NFO,01/07/2024,09:41:31,24144.7,24141,100,24144.1,25,1375,14230450
NIFTY-I.NFO,01/07/2024,09:41:33,24142.45,24140.2,50,24144.05,25,750,14230450
NIFTY-I.NFO,01/07/2024,09:41:35,24142.4,24142.35,100,24142.4,575,400,14230450
NIFTY-I.NFO,01/07/2024,09:41:36,24142.45,24142.45,50,24143.95,25,2675,14230450
NIFTY-I.NFO,01/07/2024,09:41:38,24143.6,24143.2,50,24143.55,25,1050,14230450
NIFTY-I.NFO,01/07/2024,09:41:40,24146.95,24142.95,150,24147,1000,225,14230450
NIFTY-I.NFO,01/07/2024,09:41:41,24145,24142.45,50,24146.3,50,425,14230450
NIFTY-I.NFO,01/07/2024,09:41:43,24143.1,24141.95,175,24144,25,475,14230450
NIFTY-I.NFO,01/07/2024,09:41:45,24146.65,24143.35,125,24146.65,25,600,14230450
NIFTY-I.NFO,01/07/2024,09:41:46,24147,24146,25,24147,1050,150,14230450
NIFTY-I.NFO,01/07/2024,09:41:48,24148.45,24146.2,75,24148.45,100,3750,14230450
NIFTY-I.NFO,01/07/2024,09:41:48,24149,24146.2,75,24148.45,100,0,14230450
NIFTY-I.NFO,01/07/2024,09:41:50,24146.95,24146.95,50,24147.85,125,350,14230450
NIFTY-I.NFO,01/07/2024,09:41:51,24146.95,24146.95,1725,24148.45,50,350,14230450
NIFTY-I.NFO,01/07/2024,09:41:53,24147.7,24147.7,75,24148,25,400,14230450
NIFTY-I.NFO,01/07/2024,09:41:55,24148.45,24147,25,24148.45,25,125,14230450
NIFTY-I.NFO,01/07/2024,09:41:56,24146.95,24146.95,850,24148,50,825,14230450
NIFTY-I.NFO,01/07/2024,09:41:58,24147.45,24146.15,100,24148,50,2850,14230450
NIFTY-I.NFO,01/07/2024,09:42:00,24147.7,24146.95,150,24147.7,250,150,14230450
NIFTY-I.NFO,01/07/2024,09:42:01,24147.7,24147.35,75,24147.7,100,225,14230450
NIFTY-I.NFO,01/07/2024,09:42:03,24148,24147.5,25,24148,25,200,14230450
NIFTY-I.NFO,01/07/2024,09:42:05,24147,24147.3,150,24147.7,75,100,14230450
NIFTY-I.NFO,01/07/2024,09:42:06,24146,24146.05,25,24147,25,1550,14230450
NIFTY-I.NFO,01/07/2024,09:42:08,24146.55,24146,75,24147,25,150,14230450
NIFTY-I.NFO,01/07/2024,09:42:10,24143,24142.45,300,24145.75,25,550,14230450
NIFTY-I.NFO,01/07/2024,09:42:11,24144.4,24142.45,300,24144.45,25,150,14230450
NIFTY-I.NFO,01/07/2024,09:42:13,24145.95,24143.2,100,24146,25,125,14230450
NIFTY-I.NFO,01/07/2024,09:42:15,24145,24144.95,100,24146,25,25,14230450
NIFTY-I.NFO,01/07/2024,09:42:16,24147.7,24146.2,25,24148,25,600,14230450
NIFTY-I.NFO,01/07/2024,09:42:18,24149.75,24147.7,25,24149.9,75,325,14230450
NIFTY-I.NFO,01/07/2024,09:42:18,24149.75,24147.7,25,24149.9,75,0,14230450
NIFTY-I.NFO,01/07/2024,09:42:20,24147.5,24147,25,24149.95,1725,2075,14230450
NIFTY-I.NFO,01/07/2024,09:42:20,24149.95,24147,25,24149.95,1725,0,14230450
NIFTY-I.NFO,01/07/2024,09:42:21,24147.7,24145.25,25,24148.9,50,525,14230450
NIFTY-I.NFO,01/07/2024,09:42:23,24147.35,24147.35,75,24148.05,25,225,14230450
NIFTY-I.NFO,01/07/2024,09:42:25,24147.05,24145.5,450,24149.4,25,325,14230450
NIFTY-I.NFO,01/07/2024,09:42:26,24149.05,24145.5,375,24148.95,25,275,14232650
NIFTY-I.NFO,01/07/2024,09:42:28,24149.4,24147.35,25,24148,25,50,14232650
NIFTY-I.NFO,01/07/2024,09:42:30,24149,24147.65,50,24149,75,525,14232650
NIFTY-I.NFO,01/07/2024,09:42:31,24149,24148.3,75,24149.95,1725,150,14232650
NIFTY-I.NFO,01/07/2024,09:42:33,24153.05,24153.05,25,24154,1275,12575,14232650
NIFTY-I.NFO,01/07/2024,09:42:33,24154,24153.05,25,24154,1275,0,14232650
NIFTY-I.NFO,01/07/2024,09:42:35,24154,24153.85,25,24154,1000,300,14232650
NIFTY-I.NFO,01/07/2024,09:42:36,24153,24153,3050,24154,625,800,14232650
NIFTY-I.NFO,01/07/2024,09:42:38,24154,24153.5,25,24154,550,1000,14232650
NIFTY-I.NFO,01/07/2024,09:42:39,24154.95,24153,1525,24154.9,100,1600,14232650
NIFTY-I.NFO,01/07/2024,09:42:39,24154.95,24153,1525,24154.9,100,0,14232650
NIFTY-I.NFO,01/07/2024,09:42:41,24153,24153,1500,24155,525,800,14232650
NIFTY-I.NFO,01/07/2024,09:42:41,24155,24153,1500,24155,525,0,14232650
NIFTY-I.NFO,01/07/2024,09:42:43,24154,24153.55,25,24154.95,25,125,14232650
NIFTY-I.NFO,01/07/2024,09:42:44,24153,24153,1400,24155,25,1325,14232650
NIFTY-I.NFO,01/07/2024,09:42:46,24155,24155,300,24155.05,125,375,14232650
NIFTY-I.NFO,01/07/2024,09:42:48,24155,24154.95,275,24155,50,725,14232650
NIFTY-I.NFO,01/07/2024,09:42:48,24156,24154.95,275,24155,50,0,14232650
NIFTY-I.NFO,01/07/2024,09:42:49,24156.25,24156.25,50,24156.55,450,425,14232650
NIFTY-I.NFO,01/07/2024,09:42:49,24156.55,24156.25,50,24156.55,450,0,14232650
NIFTY-I.NFO,01/07/2024,09:42:51,24155.8,24154,100,24155.8,25,600,14232650
NIFTY-I.NFO,01/07/2024,09:42:53,24154.5,24155,25,24156.25,25,725,14232650
NIFTY-I.NFO,01/07/2024,09:42:54,24153,24153,1125,24154.5,225,200,14232650
NIFTY-I.NFO,01/07/2024,09:42:56,24154,24153,25,24154,200,1350,14232650
NIFTY-I.NFO,01/07/2024,09:42:58,24152,24153,100,24154,425,350,14232650
NIFTY-I.NFO,01/07/2024,09:42:59,24156.5,24156.5,1925,24156.55,275,725,14232650
NIFTY-I.NFO,01/07/2024,09:43:01,24156.5,24156.5,1675,24157.65,25,1450,14232650
NIFTY-I.NFO,01/07/2024,09:43:01,24157.9,24156.5,1675,24157.65,25,0,14232650
NIFTY-I.NFO,01/07/2024,09:43:03,24156.5,24156.5,1125,24158,850,700,14232650
NIFTY-I.NFO,01/07/2024,09:43:04,24156.7,24154.5,100,24157.5,100,1450,14232650
NIFTY-I.NFO,01/07/2024,09:43:04,24158,24154.5,100,24157.5,100,0,14232650
NIFTY-I.NFO,01/07/2024,09:43:06,24157.25,24154.5,75,24157.25,25,825,14232650
NIFTY-I.NFO,01/07/2024,09:43:08,24155.4,24153,25,24156.2,25,1125,14232650
NIFTY-I.NFO,01/07/2024,09:43:09,24155,24153,25,24155,25,275,14232650
NIFTY-I.NFO,01/07/2024,09:43:11,24156,24153.75,50,24156.7,25,475,14232650
NIFTY-I.NFO,01/07/2024,09:43:13,24153.15,24153,250,24155.6,75,100,14232650
NIFTY-I.NFO,01/07/2024,09:43:14,24157,24153.05,50,24156.9,25,450,14232650
NIFTY-I.NFO,01/07/2024,09:43:16,24156.9,24153.45,100,24156.85,150,225,14232650
NIFTY-I.NFO,01/07/2024,09:43:18,24153,24153.35,100,24156.75,150,350,14232650
NIFTY-I.NFO,01/07/2024,09:43:19,24153.45,24153,1375,24155.95,100,250,14232650
NIFTY-I.NFO,01/07/2024,09:43:21,24153,24154.5,50,24155,50,50,14232650
NIFTY-I.NFO,01/07/2024,09:43:23,24155,24154,50,24156,25,200,14232650
NIFTY-I.NFO,01/07/2024,09:43:24,24155,24153,1325,24155,25,150,14232650
NIFTY-I.NFO,01/07/2024,09:43:26,24153.7,24153,1250,24155,25,100,14232650
NIFTY-I.NFO,01/07/2024,09:43:28,24154.45,24154.4,25,24157,275,375,14232650
NIFTY-I.NFO,01/07/2024,09:43:29,24156.6,24156.85,25,24158.85,25,625,14232650
NIFTY-I.NFO,01/07/2024,09:43:31,24156.85,24156.85,125,24158.6,25,100,14232650
NIFTY-I.NFO,01/07/2024,09:43:31,24158.8,24156.85,125,24158.6,25,0,14232650
NIFTY-I.NFO,01/07/2024,09:43:33,24156.6,24158,25,24159,2000,300,14232650
NIFTY-I.NFO,01/07/2024,09:43:33,24159,24158,25,24159,2000,0,14232650
NIFTY-I.NFO,01/07/2024,09:43:34,24156.65,24156.6,25,24159,1750,475,14232650
NIFTY-I.NFO,01/07/2024,09:43:36,24156.65,24156.5,875,24156.65,50,225,14232650
NIFTY-I.NFO,01/07/2024,09:43:38,24159,24156.5,825,24159,1675,275,14232650
NIFTY-I.NFO,01/07/2024,09:43:39,24159,24156.5,800,24159,1375,325,14232650
NIFTY-I.NFO,01/07/2024,09:43:41,24157.35,24156.5,825,24159,1375,175,14232650
NIFTY-I.NFO,01/07/2024,09:43:43,24156.6,24156.5,775,24158.45,25,100,14232650
NIFTY-I.NFO,01/07/2024,09:43:44,24159,24158.75,25,24158.95,25,275,14232650
NIFTY-I.NFO,01/07/2024,09:43:46,24156.5,24156.5,600,24157.9,25,300,14232650
NIFTY-I.NFO,01/07/2024,09:43:48,24156.85,24156.85,275,24158.4,150,200,14232650
NIFTY-I.NFO,01/07/2024,09:43:49,24156.85,24156.5,1675,24158,25,400,14232650
NIFTY-I.NFO,01/07/2024,09:43:51,24159,24156.5,1575,24159,1400,225,14232650
NIFTY-I.NFO,01/07/2024,09:43:53,24158,24158,175,24158.9,25,225,14232650
NIFTY-I.NFO,01/07/2024,09:43:54,24158,24158,50,24159,1025,400,14232650
NIFTY-I.NFO,01/07/2024,09:43:56,24156.55,24156.55,1025,24158.5,50,325,14232650
NIFTY-I.NFO,01/07/2024,09:43:58,24156.55,24156.55,425,24158,25,675,14232650
NIFTY-I.NFO,01/07/2024,09:43:59,24156.55,24156.55,350,24159,975,200,14232650
NIFTY-I.NFO,01/07/2024,09:44:01,24156.55,24156.55,100,24157.65,25,300,14232650
NIFTY-I.NFO,01/07/2024,09:44:03,24156.55,24155,300,24156.55,50,2325,14232650
NIFTY-I.NFO,01/07/2024,09:44:04,24156.55,24155,225,24156.55,50,125,14232650
NIFTY-I.NFO,01/07/2024,09:44:06,24157.25,24154,125,24155,25,1150,14232650
NIFTY-I.NFO,01/07/2024,09:44:08,24153.5,24153,25,24155.65,25,150,14232650
NIFTY-I.NFO,01/07/2024,09:44:09,24152,24152,175,24154.15,25,125,14232650
NIFTY-I.NFO,01/07/2024,09:44:11,24153.95,24152,175,24154,25,50,14232650
NIFTY-I.NFO,01/07/2024,09:44:13,24152.05,24152.05,50,24154.45,50,75,14232650
NIFTY-I.NFO,01/07/2024,09:44:14,24155,24151.05,200,24154.75,25,700,14232650
NIFTY-I.NFO,01/07/2024,09:44:16,24152,24152,300,24154,50,25,14232650
NIFTY-I.NFO,01/07/2024,09:44:18,24156.35,24151.8,300,24155.4,350,200,14232650
NIFTY-I.NFO,01/07/2024,09:44:19,24155.25,24152.05,200,24156,25,600,14232650
NIFTY-I.NFO,01/07/2024,09:44:21,24152.3,24152.4,50,24155,225,350,14232650
NIFTY-I.NFO,01/07/2024,09:44:23,24152.3,24154.45,400,24155,225,0,14232650
NIFTY-I.NFO,01/07/2024,09:44:24,24155.5,24154.8,100,24156.55,100,400,14232650
NIFTY-I.NFO,01/07/2024,09:44:26,24156,24156,75,24156.55,75,100,14232650
NIFTY-I.NFO,01/07/2024,09:44:28,24156,24155,175,24156.55,75,75,14232650
NIFTY-I.NFO,01/07/2024,09:44:29,24155.05,24155,75,24158,325,350,14232650
NIFTY-I.NFO,01/07/2024,09:44:31,24155.85,24155,50,24157.7,250,100,14232650
NIFTY-I.NFO,01/07/2024,09:44:33,24157.45,24156,25,24157.45,175,50,14232650
NIFTY-I.NFO,01/07/2024,09:44:34,24157.75,24157.7,25,24158,350,325,14232650
NIFTY-I.NFO,01/07/2024,09:44:36,24156,24156.75,150,24157.3,25,150,14232650
NIFTY-I.NFO,01/07/2024,09:44:38,24155.8,24156,50,24158.4,75,2500,14232650
NIFTY-I.NFO,01/07/2024,09:44:39,24156.55,24156.55,100,24158.5,25,500,14232650
NIFTY-I.NFO,01/07/2024,09:44:41,24158.25,24157,925,24158.5,25,125,14232650
NIFTY-I.NFO,01/07/2024,09:44:43,24157,24157,800,24158.55,25,200,14232650
NIFTY-I.NFO,01/07/2024,09:44:44,24157.2,24157.05,125,24158.9,50,75,14232650
NIFTY-I.NFO,01/07/2024,09:44:46,24158,24158.1,25,24159,1475,175,14232650
NIFTY-I.NFO,01/07/2024,09:44:48,24158.7,24158.55,125,24159,750,950,14232650
NIFTY-I.NFO,01/07/2024,09:44:49,24159.15,24159.6,25,24159.9,25,925,14232650
NIFTY-I.NFO,01/07/2024,09:44:49,24159.9,24159.6,25,24159.9,25,0,14232650
NIFTY-I.NFO,01/07/2024,09:44:51,24158.55,24159,25,24159.65,25,3675,14232650
NIFTY-I.NFO,01/07/2024,09:44:51,24160.5,24159,25,24159.65,25,0,14232650
NIFTY-I.NFO,01/07/2024,09:44:53,24162,24158.8,25,24162,25,1000,14232650
NIFTY-I.NFO,01/07/2024,09:44:53,24162,24158.8,25,24162,25,0,14232650
NIFTY-I.NFO,01/07/2024,09:44:54,24159.65,24159.65,50,24162.55,100,200,14232650
NIFTY-I.NFO,01/07/2024,09:44:54,24162.55,24159.65,50,24162.55,100,0,14232650
NIFTY-I.NFO,01/07/2024,09:44:56,24159.65,24159.15,25,24162,25,125,14232650
NIFTY-I.NFO,01/07/2024,09:44:58,24162,24160,175,24162,50,300,14232650
NIFTY-I.NFO,01/07/2024,09:44:58,24162.95,24160,175,24162,50,0,14232650
NIFTY-I.NFO,01/07/2024,09:44:59,24163.45,24160,25,24162,1600,400,14232650
NIFTY-I.NFO,01/07/2024,09:44:59,24163.45,24160,25,24162,1600,0,14232650
NIFTY-I.NFO,01/07/2024,09:45:01,24161.3,24159,25,24161.35,100,600,14232650
NIFTY-I.NFO,01/07/2024,09:45:03,24162,24159.65,1000,24162,1125,800,14232650
NIFTY-I.NFO,01/07/2024,09:45:04,24161.95,24159.65,950,24161.95,75,350,14232650
NIFTY-I.NFO,01/07/2024,09:45:06,24161.15,24158,150,24160.55,100,1850,14232650
NIFTY-I.NFO,01/07/2024,09:45:08,24159.7,24157.05,25,24159.7,75,1400,14232650
NIFTY-I.NFO,01/07/2024,09:45:09,24157.2,24156.7,50,24159.7,75,150,14232650
NIFTY-I.NFO,01/07/2024,09:45:11,24160,24155.8,100,24159.9,100,175,14232650
NIFTY-I.NFO,01/07/2024,09:45:13,24157.55,24157.65,100,24160,50,125,14232650
NIFTY-I.NFO,01/07/2024,09:45:14,24161,24157.6,25,24160,125,75,14232650
NIFTY-I.NFO,01/07/2024,09:45:16,24160,24160.6,25,24161.4,25,200,14232650
NIFTY-I.NFO,01/07/2024,09:45:18,24159,24158.35,150,24162,1275,300,14232650
NIFTY-I.NFO,01/07/2024,09:45:19,24161.4,24160,1100,24161.7,25,725,14232650
NIFTY-I.NFO,01/07/2024,09:45:21,24160,24160,1050,24161,150,75,14232650
NIFTY-I.NFO,01/07/2024,09:45:23,24157,24157,75,24158.4,150,1175,14232650
NIFTY-I.NFO,01/07/2024,09:45:24,24154,24154,25,24155.05,50,675,14232650
NIFTY-I.NFO,01/07/2024,09:45:26,24152.05,24152.05,75,24155.85,25,450,14236450
NIFTY-I.NFO,01/07/2024,09:45:28,24157.35,24154.1,350,24157.6,25,300,14236450
NIFTY-I.NFO,01/07/2024,09:45:29,24157.6,24154.7,200,24157.45,25,75,14236450
NIFTY-I.NFO,01/07/2024,09:45:31,24159,24155.4,350,24159.3,25,100,14236450
NIFTY-I.NFO,01/07/2024,09:45:33,24156.35,24154.7,100,24157,50,1350,14236450
NIFTY-I.NFO,01/07/2024,09:45:34,24157.3,24154.5,100,24157.3,500,200,14236450
NIFTY-I.NFO,01/07/2024,09:45:36,24156.35,24154.45,75,24157.3,500,325,14236450
NIFTY-I.NFO,01/07/2024,09:45:38,24153.55,24153.9,350,24157.3,475,425,14236450
NIFTY-I.NFO,01/07/2024,09:45:39,24157.3,24153.9,350,24157.3,450,25,14236450
NIFTY-I.NFO,01/07/2024,09:45:41,24157.3,24153.7,100,24157.3,425,275,14236450
NIFTY-I.NFO,01/07/2024,09:45:43,24156,24154.95,175,24157.3,275,250,14236450
NIFTY-I.NFO,01/07/2024,09:45:44,24156,24154.95,75,24157.3,275,75,14236450
NIFTY-I.NFO,01/07/2024,09:45:46,24154.3,24154.7,25,24157.3,300,150,14236450
NIFTY-I.NFO,01/07/2024,09:45:48,24157.3,24155,150,24156,25,25,14236450
NIFTY-I.NFO,01/07/2024,09:45:49,24155,24155,100,24156,50,50,14236450
NIFTY-I.NFO,01/07/2024,09:45:51,24155,24155,25,24156.7,25,150,14236450
NIFTY-I.NFO,01/07/2024,09:45:53,24152.5,24153.05,25,24155,225,825,14236450
NIFTY-I.NFO,01/07/2024,09:45:54,24153.05,24153.3,125,24157,325,300,14236450
NIFTY-I.NFO,01/07/2024,09:45:56,24152.2,24152.1,175,24155,25,50,14236450
NIFTY-I.NFO,01/07/2024,09:45:58,24152.2,24152.05,25,24156.6,25,450,14236450
NIFTY-I.NFO,01/07/2024,09:45:59,24152.05,24155,200,24156.3,25,225,14236450
NIFTY-I.NFO,01/07/2024,09:46:01,24154.95,24154.75,25,24157,325,375,14236450
NIFTY-I.NFO,01/07/2024,09:46:02,24158,24154.75,75,24158,25,475,14236450
NIFTY-I.NFO,01/07/2024,09:46:04,24157,24155,175,24156,25,850,14236450
NIFTY-I.NFO,01/07/2024,09:46:06,24152.05,24152.05,50,24154,250,350,14236450
NIFTY-I.NFO,01/07/2024,09:46:07,24152,24152.15,25,24156.5,25,975,14236450
NIFTY-I.NFO,01/07/2024,09:46:09,24152.55,24152.8,50,24155,25,175,14236450
NIFTY-I.NFO,01/07/2024,09:46:11,24152.2,24152.25,100,24155,25,150,14236450
NIFTY-I.NFO,01/07/2024,09:46:12,24153.7,24153.7,50,24155,25,25,14236450
NIFTY-I.NFO,01/07/2024,09:46:14,24157,24155.9,125,24157.55,75,175,14236450
NIFTY-I.NFO,01/07/2024,09:46:16,24157.95,24153.6,50,24157.9,25,275,14236450
NIFTY-I.NFO,01/07/2024,09:46:17,24157.95,24155,100,24157,125,0,14236450
NIFTY-I.NFO,01/07/2024,09:46:19,24155,24155,50,24157,125,125,14236450
NIFTY-I.NFO,01/07/2024,09:46:21,24152.05,24153,75,24155,25,450,14236450
NIFTY-I.NFO,01/07/2024,09:46:22,24152.05,24154,50,24155,50,0,14236450
NIFTY-I.NFO,01/07/2024,09:46:24,24154.95,24153.45,75,24155,525,175,14236450
NIFTY-I.NFO,01/07/2024,09:46:26,24152.2,24152,475,24154.95,25,125,14236450
NIFTY-I.NFO,01/07/2024,09:46:27,24152,24152,225,24154,25,350,14236450
NIFTY-I.NFO,01/07/2024,09:46:29,24152,24152,200,24154,25,25,14236450
NIFTY-I.NFO,01/07/2024,09:46:31,24150.05,24150,1100,24153.95,25,850,14236450
NIFTY-I.NFO,01/07/2024,09:46:32,24150,24150,925,24151.9,25,275,14236450
NIFTY-I.NFO,01/07/2024,09:46:34,24149.35,24147.8,50,24149.25,50,1075,14236450
NIFTY-I.NFO,01/07/2024,09:46:36,24147,24144.9,25,24147,200,1650,14236450
NIFTY-I.NFO,01/07/2024,09:46:37,24147,24145.25,50,24147.6,225,0,14236450
NIFTY-I.NFO,01/07/2024,09:46:39,24146.95,24146.7,125,24150,1025,350,14236450
NIFTY-I.NFO,01/07/2024,09:46:41,24150,24145,25,24149.5,25,125,14236450
NIFTY-I.NFO,01/07/2024,09:46:42,24145.95,24147.95,75,24150,375,775,14236450
NIFTY-I.NFO,01/07/2024,09:46:44,24143.1,24145.45,150,24146.95,25,175,14236450
NIFTY-I.NFO,01/07/2024,09:46:46,24145.55,24145.55,150,24146.6,25,50,14236450
NIFTY-I.NFO,01/07/2024,09:46:47,24143.85,24145.1,50,24146.6,25,150,14236450
NIFTY-I.NFO,01/07/2024,09:46:49,24143.1,24144.05,150,24147.65,25,125,14236450
NIFTY-I.NFO,01/07/2024,09:46:51,24143.9,24144.7,75,24145.55,50,250,14236450
NIFTY-I.NFO,01/07/2024,09:46:52,24145.45,24144.7,150,24148.75,25,1275,14236450
NIFTY-I.NFO,01/07/2024,09:46:54,24144.75,24146.9,75,24148.95,25,150,14236450
NIFTY-I.NFO,01/07/2024,09:46:56,24145,24144.9,125,24149,25,125,14236450
NIFTY-I.NFO,01/07/2024,09:46:57,24146,24147.7,325,24149.05,25,950,14236450
NIFTY-I.NFO,01/07/2024,09:46:59,24149.05,24147.7,225,24149.15,25,125,14236450
NIFTY-I.NFO,01/07/2024,09:47:01,24148.35,24148.35,25,24148.4,250,300,14236450
NIFTY-I.NFO,01/07/2024,09:47:02,24145,24145,50,24147.65,200,1200,14236450
NIFTY-I.NFO,01/07/2024,09:47:04,24147.75,24145,50,24147.3,225,25,14236450
NIFTY-I.NFO,01/07/2024,09:47:06,24144,24144.5,75,24145,275,100,14236450
NIFTY-I.NFO,01/07/2024,09:47:07,24143.25,24143.25,300,24147.3,25,1625,14236450
NIFTY-I.NFO,01/07/2024,09:47:09,24145,24144,25,24145,825,125,14236450
NIFTY-I.NFO,01/07/2024,09:47:11,24146.2,24146.55,200,24148,1025,1050,14236450
NIFTY-I.NFO,01/07/2024,09:47:12,24145.6,24146.35,275,24148,1025,25,14236450
NIFTY-I.NFO,01/07/2024,09:47:14,24148.65,24145.35,75,24148.65,25,2750,14236450
NIFTY-I.NFO,01/07/2024,09:47:15,24145,24144.95,25,24148.45,50,100,14236450
NIFTY-I.NFO,01/07/2024,09:47:17,24145,24145,150,24148.25,50,125,14236450
NIFTY-I.NFO,01/07/2024,09:47:19,24145.4,24144.9,125,24148,25,1225,14236450
NIFTY-I.NFO,01/07/2024,09:47:20,24145.4,24143.6,50,24147.7,50,0,14236450
NIFTY-I.NFO,01/07/2024,09:47:22,24145.4,24145,25,24148,350,275,14236450
NIFTY-I.NFO,01/07/2024,09:47:24,24145,24145.1,25,24148,350,125,14236450
NIFTY-I.NFO,01/07/2024,09:47:25,24144.75,24144.75,25,24148,200,725,14236450
NIFTY-I.NFO,01/07/2024,09:47:27,24144.55,24144.8,25,24148,200,225,14236450
NIFTY-I.NFO,01/07/2024,09:47:29,24144.55,24145.5,25,24148,200,0,14236450
NIFTY-I.NFO,01/07/2024,09:47:30,24145.35,24145.3,25,24148,150,150,14236450
NIFTY-I.NFO,01/07/2024,09:47:32,24145.55,24146.25,25,24147.4,125,50,14236450
NIFTY-I.NFO,01/07/2024,09:47:34,24145.55,24145.55,75,24147.4,125,50,14236450
NIFTY-I.NFO,01/07/2024,09:47:35,24148,24146.2,25,24149.45,25,425,14236450
NIFTY-I.NFO,01/07/2024,09:47:37,24148,24148,25,24149.45,25,250,14236450
NIFTY-I.NFO,01/07/2024,09:47:39,24149.45,24148,50,24149.5,50,25,14236450
NIFTY-I.NFO,01/07/2024,09:47:40,24147.35,24147.35,350,24149.5,50,600,14236450
NIFTY-I.NFO,01/07/2024,09:47:42,24147.35,24147.35,300,24149.5,50,50,14236450
NIFTY-I.NFO,01/07/2024,09:47:44,24147.35,24147.35,300,24149.5,50,0,14236450
NIFTY-I.NFO,01/07/2024,09:47:45,24147.35,24147.35,425,24149.5,50,0,14236450
NIFTY-I.NFO,01/07/2024,09:47:47,24147.55,24148.05,275,24149.5,50,25,14236450
NIFTY-I.NFO,01/07/2024,09:47:48,24149.55,24149.55,225,24150.25,50,1250,14236450
NIFTY-I.NFO,01/07/2024,09:47:50,24150.3,24150.3,425,24152.3,25,700,14236450
NIFTY-I.NFO,01/07/2024,09:47:52,24154.5,24152.45,25,24154.8,100,525,14236450
NIFTY-I.NFO,01/07/2024,09:47:54,24152.9,24152.95,25,24154.95,50,450,14236450
NIFTY-I.NFO,01/07/2024,09:47:55,24154.7,24154.75,25,24157,150,400,14236450
NIFTY-I.NFO,01/07/2024,09:47:57,24152.9,24152.8,25,24156.95,200,525,14236450
NIFTY-I.NFO,01/07/2024,09:47:58,24152.35,24152.85,25,24155.95,200,225,14236450
NIFTY-I.NFO,01/07/2024,09:48:00,24153.85,24153,25,24153.9,25,75,14236450
NIFTY-I.NFO,01/07/2024,09:48:02,24150.7,24150.7,200,24152.8,25,175,14236450
NIFTY-I.NFO,01/07/2024,09:48:03,24150.7,24150,50,24152.8,25,0,14236450
NIFTY-I.NFO,01/07/2024,09:48:05,24152.35,24150.25,25,24152.75,200,150,14236450
NIFTY-I.NFO,01/07/2024,09:48:07,24150.25,24150.1,25,24153.15,200,25,14236450
NIFTY-I.NFO,01/07/2024,09:48:08,24153.4,24150.1,25,24153.35,25,850,14236450
NIFTY-I.NFO,01/07/2024,09:48:10,24150,24148,1175,24150,1425,125,14236450
NIFTY-I.NFO,01/07/2024,09:48:12,24148.4,24148.3,25,24150,1400,50,14236450
NIFTY-I.NFO,01/07/2024,09:48:13,24152.9,24150,25,24153.25,25,1525,14236450
NIFTY-I.NFO,01/07/2024,09:48:15,24153,24150,150,24152.8,100,125,14236450
NIFTY-I.NFO,01/07/2024,09:48:16,24150,24150,100,24152,100,50,14236450
NIFTY-I.NFO,01/07/2024,09:48:18,24151.7,24148,1150,24151.7,25,275,14236450
NIFTY-I.NFO,01/07/2024,09:48:20,24151.3,24148,950,24151.05,100,225,14236450
NIFTY-I.NFO,01/07/2024,09:48:21,24150,24148,600,24150,100,475,14236450
NIFTY-I.NFO,01/07/2024,09:48:23,24148,24148,575,24149.65,100,50,14236450
NIFTY-I.NFO,01/07/2024,09:48:25,24148,24148.05,25,24149.25,25,25,14236450
NIFTY-I.NFO,01/07/2024,09:48:26,24148.3,24147.7,25,24148.95,100,600,14234000
NIFTY-I.NFO,01/07/2024,09:48:28,24148.95,24147.7,25,24148.05,25,25,14234000
NIFTY-I.NFO,01/07/2024,09:48:31,24148.95,24147.7,25,24149.7,25,75,14234000
NIFTY-I.NFO,01/07/2024,09:48:33,24151,24147.7,25,24151.4,25,900,14234000
NIFTY-I.NFO,01/07/2024,09:48:35,24151,24151,4525,24152,25,200,14234000
NIFTY-I.NFO,01/07/2024,09:48:36,24150,24147.45,25,24150.1,325,4675,14234000
NIFTY-I.NFO,01/07/2024,09:48:38,24147.35,24146.65,50,24149,200,50,14234000
NIFTY-I.NFO,01/07/2024,09:48:40,24146.4,24146.3,150,24149,525,50,14234000
NIFTY-I.NFO,01/07/2024,09:48:41,24145,24145,625,24148,375,625,14234000
NIFTY-I.NFO,01/07/2024,09:48:43,24148,24145.95,50,24148,325,25,14234000
NIFTY-I.NFO,01/07/2024,09:48:45,24148,24146.35,125,24148,275,50,14234000
NIFTY-I.NFO,01/07/2024,09:48:46,24148,24147.1,125,24148,225,75,14234000
NIFTY-I.NFO,01/07/2024,09:48:48,24151.3,24150.45,100,24152.1,25,700,14234000
NIFTY-I.NFO,01/07/2024,09:48:50,24150.45,24151.35,50,24152.1,25,75,14234000
NIFTY-I.NFO,01/07/2024,09:48:51,24152.8,24152.05,100,24152.8,25,50,14234000
NIFTY-I.NFO,01/07/2024,09:48:53,24152.8,24152.05,25,24153,125,100,14234000
NIFTY-I.NFO,01/07/2024,09:48:54,24151.3,24148.45,50,24152.05,25,225,14234000
NIFTY-I.NFO,01/07/2024,09:48:56,24148.45,24148.9,50,24152.75,25,200,14234000
NIFTY-I.NFO,01/07/2024,09:48:58,24151.35,24148.1,75,24148.45,25,175,14234000
NIFTY-I.NFO,01/07/2024,09:48:59,24148.45,24150,25,24151.35,125,50,14234000
NIFTY-I.NFO,01/07/2024,09:49:01,24150,24149.7,100,24150.35,25,25,14234000
NIFTY-I.NFO,01/07/2024,09:49:03,24150.95,24147.55,75,24150.45,25,475,14234000
NIFTY-I.NFO,01/07/2024,09:49:04,24151.1,24147.05,75,24151.15,125,150,14234000
NIFTY-I.NFO,01/07/2024,09:49:06,24150,24148.75,75,24150,1000,50,14234000
NIFTY-I.NFO,01/07/2024,09:49:08,24150,24147,25,24149.75,125,775,14234000
NIFTY-I.NFO,01/07/2024,09:49:09,24146.35,24146.35,50,24148.35,125,150,14234000
NIFTY-I.NFO,01/07/2024,09:49:11,24146.35,24146.35,25,24148.35,125,0,14234000
NIFTY-I.NFO,01/07/2024,09:49:13,24147.35,24147.35,50,24148.35,125,75,14234000
NIFTY-I.NFO,01/07/2024,09:49:14,24144.75,24146.7,75,24148.6,75,1325,14234000
NIFTY-I.NFO,01/07/2024,09:49:16,24146.7,24146.7,25,24147.65,150,100,14234000
NIFTY-I.NFO,01/07/2024,09:49:18,24147.65,24147.15,100,24147.65,100,50,14234000
NIFTY-I.NFO,01/07/2024,09:49:19,24147.15,24146.35,25,24147.55,50,200,14234000
NIFTY-I.NFO,01/07/2024,09:49:21,24145.95,24145.95,50,24146.95,25,75,14234000
NIFTY-I.NFO,01/07/2024,09:49:23,24146.95,24145,1050,24146.7,75,50,14234000
NIFTY-I.NFO,01/07/2024,09:49:24,24145.85,24145,1050,24146.2,50,100,14234000
NIFTY-I.NFO,01/07/2024,09:49:26,24145,24145,1025,24146.9,125,25,14234000
NIFTY-I.NFO,01/07/2024,09:49:28,24145,24146.1,100,24147.4,50,0,14234000
NIFTY-I.NFO,01/07/2024,09:49:29,24147.9,24145,1025,24147.95,50,125,14234000
NIFTY-I.NFO,01/07/2024,09:49:31,24145,24145,975,24146,175,200,14234000
NIFTY-I.NFO,01/07/2024,09:49:33,24146,24145.25,75,24146,100,125,14234000
NIFTY-I.NFO,01/07/2024,09:49:34,24145.6,24145.25,75,24146,100,25,14234000
NIFTY-I.NFO,01/07/2024,09:49:36,24146,24145.5,100,24146,25,75,14234000
NIFTY-I.NFO,01/07/2024,09:49:38,24146,24145.5,125,24145.75,25,0,14234000
NIFTY-I.NFO,01/07/2024,09:49:39,24145,24145.6,100,24146.75,25,300,14234000
NIFTY-I.NFO,01/07/2024,09:49:41,24145,24145,850,24145.25,1050,200,14234000
NIFTY-I.NFO,01/07/2024,09:49:43,24145.1,24145.05,100,24145.1,25,25,14234000
NIFTY-I.NFO,01/07/2024,09:49:44,24145,24145.1,75,24145.25,1050,250,14234000
NIFTY-I.NFO,01/07/2024,09:49:46,24145.15,24145,750,24145.15,50,125,14234000
NIFTY-I.NFO,01/07/2024,09:49:48,24145.15,24145,825,24145.15,25,75,14234000
NIFTY-I.NFO,01/07/2024,09:49:49,24144.5,24144.5,150,24146.75,25,1225,14234000
NIFTY-I.NFO,01/07/2024,09:49:51,24146.75,24145.35,200,24147.9,50,475,14234000
NIFTY-I.NFO,01/07/2024,09:49:53,24147.55,24145,175,24147.55,50,775,14234000
NIFTY-I.NFO,01/07/2024,09:49:54,24145,24145,150,24146.8,100,100,14234000
