Ticker,Date,Time,LTP,BuyPrice,BuyQty,SellPrice,SellQty,LTQ,OpenInterest
NIFTY-III.NFO,01/07/2024,09:15:02,24389.15,24303.9,100,24336.15,50,50,61425
NIFTY-III.NFO,01/07/2024,09:15:02,24336.35,24303.9,100,24336.15,50,0,61425
NIFTY-III.NFO,01/07/2024,09:15:02,24389.15,24303.9,100,24336.15,50,0,61425
NIFTY-III.NFO,01/07/2024,09:15:02,24336.35,24303.9,100,24336.15,50,0,61425
NIFTY-III.NFO,01/07/2024,09:15:03,24336.15,24313.65,100,24349.7,25,25,61425
NIFTY-III.NFO,01/07/2024,09:15:03,24336.15,24313.65,100,24349.7,25,0,61425
NIFTY-III.NFO,01/07/2024,09:15:05,24336.15,24325.05,100,24347.8,25,0,61425
NIFTY-III.NFO,01/07/2024,09:15:06,24333.15,24333.3,100,24343.75,250,125,61425
NIFTY-III.NFO,01/07/2024,09:15:06,24333.15,24333.3,100,24343.75,250,0,61425
NIFTY-III.NFO,01/07/2024,09:15:07,24345.45,24330.05,100,24337.75,225,50,61425
NIFTY-III.NFO,01/07/2024,09:15:09,24345.45,24330.05,100,24348.25,225,0,61425
NIFTY-III.NFO,01/07/2024,09:15:11,24345.45,24330.05,100,24346.4,500,0,61425
NIFTY-III.NFO,01/07/2024,09:15:12,24340,24330.05,100,24343.3,500,25,61425
NIFTY-III.NFO,01/07/2024,09:15:14,24338,24330.05,100,24343.1,25,25,61425
NIFTY-III.NFO,01/07/2024,09:15:15,24338,24338,25,24341.4,500,0,61425
NIFTY-III.NFO,01/07/2024,09:15:17,24338,24330.05,100,24341.3,500,25,61425
NIFTY-III.NFO,01/07/2024,09:15:18,24338,24330.15,100,24338,25,0,61425
NIFTY-III.NFO,01/07/2024,09:15:20,24338,24330.15,100,24337.95,25,0,61425
NIFTY-III.NFO,01/07/2024,09:15:22,24330,24330,200,24332.35,500,125,61650
NIFTY-III.NFO,01/07/2024,09:15:22,24330,24330,200,24332.35,500,0,61650
NIFTY-III.NFO,01/07/2024,09:15:23,24330,24325,25,24330.95,25,250,61650
NIFTY-III.NFO,01/07/2024,09:15:25,24325,24319,25,24325.8,25,25,61650
NIFTY-III.NFO,01/07/2024,09:15:25,24325,24319,25,24325.8,25,0,61650
NIFTY-III.NFO,01/07/2024,09:15:26,24325,24319,25,24325.95,25,0,61650
NIFTY-III.NFO,01/07/2024,09:15:28,24325,24319,25,24323.95,25,0,61650
NIFTY-III.NFO,01/07/2024,09:15:31,24325,24319,25,24322.2,25,0,61650
NIFTY-III.NFO,01/07/2024,09:15:33,24319,24314.05,100,24322.1,25,25,61650
NIFTY-III.NFO,01/07/2024,09:15:33,24319,24314.05,100,24322.1,25,0,61650
NIFTY-III.NFO,01/07/2024,09:15:34,24314,24311.3,100,24322.2,200,50,61650
NIFTY-III.NFO,01/07/2024,09:15:34,24314,24311.3,100,24322.2,200,0,61650
NIFTY-III.NFO,01/07/2024,09:15:36,24314,24311.85,100,24322.65,200,0,61650
NIFTY-III.NFO,01/07/2024,09:15:38,24314,24312.4,100,24315,25,0,61650
NIFTY-III.NFO,01/07/2024,09:15:39,24315,24313.85,175,24325.3,275,25,61650
NIFTY-III.NFO,01/07/2024,09:15:41,24315,24315.85,100,24324.55,75,0,61650
NIFTY-III.NFO,01/07/2024,09:15:42,24315,24316.7,100,24324.55,75,0,61650
NIFTY-III.NFO,01/07/2024,09:15:44,24315,24316.1,175,24324.55,75,0,61650
NIFTY-III.NFO,01/07/2024,09:15:46,24324.55,24318.45,175,24325.9,75,25,61650
NIFTY-III.NFO,01/07/2024,09:15:47,24324.55,24318.45,175,24330.4,275,0,61650
NIFTY-III.NFO,01/07/2024,09:15:49,24324.55,24323.05,100,24332.85,200,0,61650
NIFTY-III.NFO,01/07/2024,09:15:50,24324.55,24325.15,100,24334.6,200,0,61650
NIFTY-III.NFO,01/07/2024,09:15:52,24338,24328.8,100,24340.65,200,25,61650
NIFTY-III.NFO,01/07/2024,09:15:54,24338,24334.95,100,24344.95,25,0,61650
NIFTY-III.NFO,01/07/2024,09:15:55,24338,24334.9,75,24343.9,275,0,61650
NIFTY-III.NFO,01/07/2024,09:15:57,24338,24334.9,75,24341.45,200,0,61650
NIFTY-III.NFO,01/07/2024,09:15:58,24338,24334.95,100,24344.25,225,0,61650
NIFTY-III.NFO,01/07/2024,09:16:00,24338,24335.4,100,24344.95,25,0,61650
NIFTY-III.NFO,01/07/2024,09:16:02,24335.4,24335.35,75,24341.4,100,25,61650
NIFTY-III.NFO,01/07/2024,09:16:03,24335.4,24330.7,100,24342.7,25,0,61650
NIFTY-III.NFO,01/07/2024,09:16:05,24343.75,24338,100,24343.8,200,25,61650
NIFTY-III.NFO,01/07/2024,09:16:06,24343.75,24338,25,24341.95,275,0,61650
NIFTY-III.NFO,01/07/2024,09:16:08,24343.75,24338,25,24338.35,275,0,61650
NIFTY-III.NFO,01/07/2024,09:16:10,24338,24325.8,100,24336.45,75,25,61650
NIFTY-III.NFO,01/07/2024,09:16:11,24338,24326,100,24336.45,75,0,61650
NIFTY-III.NFO,01/07/2024,09:16:13,24336.45,24326.45,100,24336.45,50,25,61650
NIFTY-III.NFO,01/07/2024,09:16:14,24336.45,24326.45,100,24336.45,50,0,61650
NIFTY-III.NFO,01/07/2024,09:16:16,24336.45,24328.95,100,24341.95,75,0,61650
NIFTY-III.NFO,01/07/2024,09:16:18,24336.45,24328.95,100,24340.8,75,0,61650
NIFTY-III.NFO,01/07/2024,09:16:19,24336.45,24328.95,100,24338,100,0,61650
NIFTY-III.NFO,01/07/2024,09:16:21,24336.45,24328.95,100,24338,25,0,61650
NIFTY-III.NFO,01/07/2024,09:16:22,24338,24331.35,100,24344.7,275,25,61650
NIFTY-III.NFO,01/07/2024,09:16:24,24338,24331.35,100,24344.95,100,0,61650
NIFTY-III.NFO,01/07/2024,09:16:26,24338,24333.1,100,24344.25,200,0,61650
NIFTY-III.NFO,01/07/2024,09:16:27,24338,24335.5,100,24344.25,275,0,61650
NIFTY-III.NFO,01/07/2024,09:16:29,24338,24338,275,24344.2,200,0,61650
NIFTY-III.NFO,01/07/2024,09:16:30,24338,24338.05,100,24344.95,25,0,61650
NIFTY-III.NFO,01/07/2024,09:16:37,24338,24338,125,24344.95,25,0,61650
NIFTY-III.NFO,01/07/2024,09:16:39,24338,24338,100,24344.95,100,25,61650
NIFTY-III.NFO,01/07/2024,09:16:40,24338,24338.05,100,24344.95,25,0,61650
NIFTY-III.NFO,01/07/2024,09:16:42,24338,24339.95,100,24344.95,25,0,61650
NIFTY-III.NFO,01/07/2024,09:16:45,24338,24340.5,100,24344.95,25,0,61650
NIFTY-III.NFO,01/07/2024,09:16:47,24338,24338,225,24344.85,200,0,61650
NIFTY-III.NFO,01/07/2024,09:16:48,24340.5,24340,25,24344.45,200,100,61650
NIFTY-III.NFO,01/07/2024,09:16:50,24340.5,24340,100,24344.95,25,0,61650
NIFTY-III.NFO,01/07/2024,09:16:56,24340.5,24340.5,100,24344.95,25,0,61650
NIFTY-III.NFO,01/07/2024,09:16:58,24344.95,24341,75,24345.65,275,25,61650
NIFTY-III.NFO,01/07/2024,09:16:59,24344.95,24341,75,24343.35,275,0,61650
NIFTY-III.NFO,01/07/2024,09:17:01,24340.5,24340,25,24340.8,75,100,61650
NIFTY-III.NFO,01/07/2024,09:17:02,24338,24330.2,175,24338.05,75,175,61650
NIFTY-III.NFO,01/07/2024,09:17:04,24338,24330.2,175,24339.5,75,0,61650
NIFTY-III.NFO,01/07/2024,09:17:06,24338,24338.05,200,24342.95,75,0,61650
NIFTY-III.NFO,01/07/2024,09:17:07,24338,24338.1,100,24345,75,0,61650
NIFTY-III.NFO,01/07/2024,09:17:09,24338,24339.4,100,24346.6,75,0,61650
NIFTY-III.NFO,01/07/2024,09:17:10,24340,24339.4,100,24349.35,150,250,61650
NIFTY-III.NFO,01/07/2024,09:17:12,24340,24339.4,100,24346.75,150,0,61650
NIFTY-III.NFO,01/07/2024,09:17:14,24340,24339.4,100,24346.6,75,0,61650
NIFTY-III.NFO,01/07/2024,09:17:15,24340,24339.4,100,24348.1,75,25,61650
NIFTY-III.NFO,01/07/2024,09:17:17,24340,24339.4,100,24349.7,75,0,61650
NIFTY-III.NFO,01/07/2024,09:17:18,24340,24339.4,100,24350.9,75,0,61650
NIFTY-III.NFO,01/07/2024,09:17:20,24340,24340.05,100,24350.9,75,0,61650
NIFTY-III.NFO,01/07/2024,09:17:22,24340,24340.05,100,24350.3,75,0,61650
NIFTY-III.NFO,01/07/2024,09:17:23,24340,24340.05,100,24348.85,150,0,61650
NIFTY-III.NFO,01/07/2024,09:17:25,24340,24340.05,100,24348.3,150,0,61650
NIFTY-III.NFO,01/07/2024,09:17:26,24340,24340.05,100,24348.3,75,0,61650
NIFTY-III.NFO,01/07/2024,09:17:28,24340,24340.05,100,24349.25,75,0,61650
NIFTY-III.NFO,01/07/2024,09:17:30,24340,24340.05,100,24350.1,150,0,61650
NIFTY-III.NFO,01/07/2024,09:17:31,24340,24340.05,175,24347.2,75,0,61650
NIFTY-III.NFO,01/07/2024,09:17:33,24340.05,24340.1,100,24347.15,25,25,61650
NIFTY-III.NFO,01/07/2024,09:17:35,24340.1,24340.1,100,24349.85,50,25,61650
NIFTY-III.NFO,01/07/2024,09:17:36,24340.1,24340.1,100,24348.55,50,0,61650
NIFTY-III.NFO,01/07/2024,09:17:38,24340.1,24340.1,100,24348.55,75,25,61650
NIFTY-III.NFO,01/07/2024,09:17:39,24340.1,24340.1,100,24348.55,100,25,61650
NIFTY-III.NFO,01/07/2024,09:17:41,24340.1,24340.1,100,24348.5,100,0,61650
NIFTY-III.NFO,01/07/2024,09:17:43,24340.1,24340.05,175,24347.15,100,0,61650
NIFTY-III.NFO,01/07/2024,09:17:44,24340.1,24340.05,175,24346.7,100,0,61650
NIFTY-III.NFO,01/07/2024,09:17:46,24340.1,24340,175,24344.2,100,0,61650
NIFTY-III.NFO,01/07/2024,09:17:48,24340.1,24340,175,24343.1,100,0,61650
NIFTY-III.NFO,01/07/2024,09:17:51,24340.1,24340.25,25,24344.65,100,0,61650
NIFTY-III.NFO,01/07/2024,09:17:53,24340.25,24340,150,24340.05,25,25,61650
NIFTY-III.NFO,01/07/2024,09:17:54,24340.25,24340,150,24340.05,25,0,61650
NIFTY-III.NFO,01/07/2024,09:17:56,24340,24340,25,24340.05,25,125,61650
NIFTY-III.NFO,01/07/2024,09:17:57,24340,24332.1,100,24340.05,100,25,61650
NIFTY-III.NFO,01/07/2024,09:17:59,24340,24330.9,100,24339.85,75,0,61650
NIFTY-III.NFO,01/07/2024,09:18:01,24340,24327.8,100,24337.25,75,0,61650
NIFTY-III.NFO,01/07/2024,09:18:02,24340,24327.5,100,24336.95,75,0,61650
NIFTY-III.NFO,01/07/2024,09:18:05,24340,24330.05,175,24336.95,75,0,61650
NIFTY-III.NFO,01/07/2024,09:18:07,24338.35,24330.05,100,24337.2,125,25,61650
NIFTY-III.NFO,01/07/2024,09:18:09,24338.35,24330,25,24334.45,125,0,61650
NIFTY-III.NFO,01/07/2024,09:18:10,24338.35,24330.05,100,24335.9,75,0,61650
NIFTY-III.NFO,01/07/2024,09:18:12,24335.9,24335.9,125,24336.9,50,75,61650
NIFTY-III.NFO,01/07/2024,09:18:14,24335.9,24335.9,75,24337.8,75,50,61650
NIFTY-III.NFO,01/07/2024,09:18:15,24335.9,24335.9,50,24337.8,75,25,61650
NIFTY-III.NFO,01/07/2024,09:18:17,24335.9,24330,100,24336.95,75,50,61650
NIFTY-III.NFO,01/07/2024,09:18:19,24335.9,24330,25,24336.3,325,0,61650
NIFTY-III.NFO,01/07/2024,09:18:20,24328.8,24326.55,75,24334,325,100,62050
NIFTY-III.NFO,01/07/2024,09:18:22,24328.8,24326,100,24333.95,25,0,62050
NIFTY-III.NFO,01/07/2024,09:18:25,24328.8,24330,25,24333.7,325,0,62050
NIFTY-III.NFO,01/07/2024,09:18:27,24328.8,24330,25,24333.7,75,0,62050
NIFTY-III.NFO,01/07/2024,09:18:29,24328.8,24330,25,24331.6,25,0,62050
NIFTY-III.NFO,01/07/2024,09:18:30,24331.6,24331.6,75,24335.15,250,25,62050
NIFTY-III.NFO,01/07/2024,09:18:32,24331.6,24331.6,75,24335.1,100,0,62050
NIFTY-III.NFO,01/07/2024,09:18:34,24331.6,24331.6,50,24335.1,25,25,62050
NIFTY-III.NFO,01/07/2024,09:18:35,24331.6,24331.6,50,24334.45,250,0,62050
NIFTY-III.NFO,01/07/2024,09:18:37,24331.6,24330,25,24331.15,325,50,62050
NIFTY-III.NFO,01/07/2024,09:18:39,24330,24320,100,24328.3,325,25,62050
NIFTY-III.NFO,01/07/2024,09:18:40,24324.75,24315.8,100,24324.6,75,175,62050
NIFTY-III.NFO,01/07/2024,09:18:42,24324.6,24315.8,100,24324.75,75,100,62050
NIFTY-III.NFO,01/07/2024,09:18:44,24315.8,24315.8,100,24324.75,75,100,62050
NIFTY-III.NFO,01/07/2024,09:18:45,24315.8,24316.7,100,24324.75,75,0,62050
NIFTY-III.NFO,01/07/2024,09:18:47,24315.8,24321.2,175,24327.55,100,0,62050
NIFTY-III.NFO,01/07/2024,09:18:48,24315.8,24319.5,100,24327.55,100,0,62050
NIFTY-III.NFO,01/07/2024,09:18:50,24315.8,24320.15,100,24327.55,100,0,62050
NIFTY-III.NFO,01/07/2024,09:18:54,24315.8,24320.55,100,24327.55,100,0,62050
NIFTY-III.NFO,01/07/2024,09:18:55,24315.8,24321.4,100,24329.05,100,0,62050
NIFTY-III.NFO,01/07/2024,09:18:57,24315.8,24318.35,175,24326.9,100,0,62050
NIFTY-III.NFO,01/07/2024,09:18:59,24315.8,24319,100,24326.9,100,0,62050
NIFTY-III.NFO,01/07/2024,09:19:00,24315.8,24317.15,175,24326.1,100,0,62050
NIFTY-III.NFO,01/07/2024,09:19:02,24315.8,24317.2,100,24326.1,100,0,62050
NIFTY-III.NFO,01/07/2024,09:19:04,24315.8,24318,100,24326.1,100,0,62050
NIFTY-III.NFO,01/07/2024,09:19:05,24315.8,24318.85,100,24326.1,100,0,62050
NIFTY-III.NFO,01/07/2024,09:19:07,24315.8,24320.8,100,24328.3,100,0,62050
NIFTY-III.NFO,01/07/2024,09:19:09,24315.8,24320.8,100,24327.85,100,0,62050
NIFTY-III.NFO,01/07/2024,09:19:10,24320.8,24320.15,75,24326.8,100,25,62050
NIFTY-III.NFO,01/07/2024,09:19:12,24320.8,24320.15,75,24327.85,100,0,62050
NIFTY-III.NFO,01/07/2024,09:19:14,24320.8,24315.85,75,24325.9,100,0,62050
NIFTY-III.NFO,01/07/2024,09:19:15,24320.8,24317.05,75,24325.9,100,0,62050
NIFTY-III.NFO,01/07/2024,09:19:16,24320.8,24315.85,75,24325.1,100,0,62050
NIFTY-III.NFO,01/07/2024,09:19:18,24320.8,24316.75,75,24324.95,125,0,62050
NIFTY-III.NFO,01/07/2024,09:19:19,24320.8,24316.75,75,24324.75,100,0,62050
NIFTY-III.NFO,01/07/2024,09:19:21,24320.8,24316.75,75,24324.65,100,0,62050
NIFTY-III.NFO,01/07/2024,09:19:24,24320.8,24316.75,75,24324.55,175,0,62050
NIFTY-III.NFO,01/07/2024,09:19:26,24320.8,24318.75,75,24320.8,25,0,62050
NIFTY-III.NFO,01/07/2024,09:19:31,24320.8,24317.65,75,24318,100,0,62050
NIFTY-III.NFO,01/07/2024,09:19:33,24318,24316.75,75,24318,75,25,62050
NIFTY-III.NFO,01/07/2024,09:19:34,24318,24316.75,75,24320.8,25,75,62050
NIFTY-III.NFO,01/07/2024,09:19:36,24318,24316.75,75,24320.8,25,0,62050
NIFTY-III.NFO,01/07/2024,09:19:38,24318,24318.25,75,24320.8,25,0,62050
NIFTY-III.NFO,01/07/2024,09:19:39,24320.8,24318.4,75,24329.05,100,25,62050
NIFTY-III.NFO,01/07/2024,09:19:41,24320.8,24318.4,75,24328.75,100,0,62050
NIFTY-III.NFO,01/07/2024,09:19:43,24320.8,24318.4,75,24328.55,100,0,62050
NIFTY-III.NFO,01/07/2024,09:19:44,24320.8,24318.4,75,24328.45,100,0,62050
NIFTY-III.NFO,01/07/2024,09:19:49,24320.8,24319.5,75,24329.95,175,0,62050
NIFTY-III.NFO,01/07/2024,09:19:53,24320.8,24320.6,75,24330,100,0,62050
NIFTY-III.NFO,01/07/2024,09:19:54,24320.8,24321.55,75,24330,100,0,62050
NIFTY-III.NFO,01/07/2024,09:19:58,24320.8,24321.55,75,24329.95,100,0,62050
NIFTY-III.NFO,01/07/2024,09:19:59,24320.8,24321.55,75,24330,100,0,62050
NIFTY-III.NFO,01/07/2024,09:20:01,24330,24323.15,125,24332.9,100,25,62050
NIFTY-III.NFO,01/07/2024,09:20:03,24330,24323.85,75,24334.1,100,0,62050
NIFTY-III.NFO,01/07/2024,09:20:04,24330,24323.95,150,24334.55,100,0,62050
NIFTY-III.NFO,01/07/2024,09:20:06,24330,24325.75,75,24336.05,100,0,62050
NIFTY-III.NFO,01/07/2024,09:20:08,24330,24325.75,75,24336.5,100,0,62050
NIFTY-III.NFO,01/07/2024,09:20:11,24330,24325.75,75,24336.1,175,0,62050
NIFTY-III.NFO,01/07/2024,09:20:14,24330,24326.75,75,24335.8,175,0,62050
NIFTY-III.NFO,01/07/2024,09:20:16,24330,24325.75,75,24335.65,175,0,62050
NIFTY-III.NFO,01/07/2024,09:20:18,24330,24325.7,75,24335.55,100,0,62050
NIFTY-III.NFO,01/07/2024,09:20:20,24330,24325.75,75,24335.4,100,0,62050
NIFTY-III.NFO,01/07/2024,09:20:21,24330,24324,75,24335,175,0,62050
NIFTY-III.NFO,01/07/2024,09:20:23,24330,24324.05,75,24334.3,100,0,62050
NIFTY-III.NFO,01/07/2024,09:20:28,24330,24329.25,25,24334.3,100,0,62050
NIFTY-III.NFO,01/07/2024,09:20:30,24330,24329.25,25,24333.05,175,0,62050
NIFTY-III.NFO,01/07/2024,09:20:31,24329.25,24324.75,75,24333.05,175,25,62050
NIFTY-III.NFO,01/07/2024,09:20:33,24329.25,24324.8,75,24333.05,175,0,62050
NIFTY-III.NFO,01/07/2024,09:20:35,24329.25,24324.8,75,24329.25,75,0,62050
NIFTY-III.NFO,01/07/2024,09:20:40,24329.25,24325.6,75,24329.25,50,25,62050
NIFTY-III.NFO,01/07/2024,09:20:41,24329.25,24326.95,75,24329.25,50,0,62050
NIFTY-III.NFO,01/07/2024,09:20:43,24329.25,24327.6,150,24329.25,50,0,62050
NIFTY-III.NFO,01/07/2024,09:20:44,24329.25,24326.95,75,24329.25,50,0,62050
NIFTY-III.NFO,01/07/2024,09:20:46,24329.25,24325.6,75,24329.25,50,0,62050
NIFTY-III.NFO,01/07/2024,09:20:48,24329.25,24327.05,75,24329.25,50,0,62050
NIFTY-III.NFO,01/07/2024,09:20:49,24329.25,24327.05,150,24329.25,50,0,62050
NIFTY-III.NFO,01/07/2024,09:20:51,24329.25,24327.15,75,24329.25,50,0,62050
NIFTY-III.NFO,01/07/2024,09:20:53,24329.25,24327.1,75,24329.25,50,0,62050
NIFTY-III.NFO,01/07/2024,09:20:58,24329.25,24327.05,150,24329.25,50,0,62050
NIFTY-III.NFO,01/07/2024,09:20:59,24329.25,24327.2,150,24329.25,50,0,62050
NIFTY-III.NFO,01/07/2024,09:21:01,24329.25,24329.2,150,24329.25,50,0,62050
NIFTY-III.NFO,01/07/2024,09:21:03,24329.25,24329.85,75,24338.6,175,50,62050
NIFTY-III.NFO,01/07/2024,09:21:04,24329.85,24329.85,50,24338.6,175,25,62050
NIFTY-III.NFO,01/07/2024,09:21:06,24329.85,24329.95,125,24338.6,175,0,62050
NIFTY-III.NFO,01/07/2024,09:21:08,24340,24330,100,24338.9,50,750,62050
NIFTY-III.NFO,01/07/2024,09:21:09,24330,24330,100,24340,75,25,62050
NIFTY-III.NFO,01/07/2024,09:21:11,24330,24330,100,24341.35,75,0,62050
NIFTY-III.NFO,01/07/2024,09:21:14,24330,24330.55,100,24341.5,75,0,62050
NIFTY-III.NFO,01/07/2024,09:21:17,24330.55,24330.55,50,24341.4,175,75,62050
NIFTY-III.NFO,01/07/2024,09:21:19,24330.55,24330.55,50,24341.4,175,0,62050
NIFTY-III.NFO,01/07/2024,09:21:24,24330.55,24330.55,150,24341.4,175,0,62050
NIFTY-III.NFO,01/07/2024,09:21:41,24330.55,24330.9,50,24341.8,100,0,62050
NIFTY-III.NFO,01/07/2024,09:21:42,24330.55,24331.5,50,24342.25,100,0,62050
NIFTY-III.NFO,01/07/2024,09:21:49,24331.5,24331.45,75,24342.25,100,50,62950
NIFTY-III.NFO,01/07/2024,09:21:51,24331.5,24330.55,200,24342.05,100,0,62950
NIFTY-III.NFO,01/07/2024,09:21:52,24330.55,24330.55,75,24337.9,100,50,62950
NIFTY-III.NFO,01/07/2024,09:21:54,24328,24327,100,24335.9,175,100,62950
NIFTY-III.NFO,01/07/2024,09:21:56,24328,24327,100,24335.85,100,0,62950
NIFTY-III.NFO,01/07/2024,09:21:57,24328,24327,100,24335.75,175,0,62950
NIFTY-III.NFO,01/07/2024,09:21:59,24328,24325,250,24333.85,175,0,62950
NIFTY-III.NFO,01/07/2024,09:22:02,24328,24325,250,24333.8,100,0,62950
NIFTY-III.NFO,01/07/2024,09:22:14,24333.8,24325.05,100,24333.8,100,25,62950
NIFTY-III.NFO,01/07/2024,09:22:15,24333.8,24325.05,100,24333.8,100,0,62950
NIFTY-III.NFO,01/07/2024,09:22:17,24333.8,24327.05,100,24333.8,100,0,62950
NIFTY-III.NFO,01/07/2024,09:22:18,24333.8,24327,100,24333.8,100,0,62950
NIFTY-III.NFO,01/07/2024,09:22:20,24333.8,24327.05,100,24333.8,100,0,62950
NIFTY-III.NFO,01/07/2024,09:22:22,24333.8,24327.05,75,24333.8,100,0,62950
NIFTY-III.NFO,01/07/2024,09:22:23,24333.8,24327.1,25,24333.8,100,0,62950
NIFTY-III.NFO,01/07/2024,09:22:25,24333.8,24327,25,24333.7,175,0,62950
NIFTY-III.NFO,01/07/2024,09:22:27,24333.8,24327.05,75,24333.7,175,0,62950
NIFTY-III.NFO,01/07/2024,09:22:28,24333.8,24327.1,25,24333.7,175,0,62950
NIFTY-III.NFO,01/07/2024,09:22:30,24333.7,24327.05,75,24333.65,100,25,62950
NIFTY-III.NFO,01/07/2024,09:22:32,24333.7,24326,50,24333.5,100,0,62950
NIFTY-III.NFO,01/07/2024,09:22:36,24333.7,24325.05,125,24333.4,175,0,62950
NIFTY-III.NFO,01/07/2024,09:22:38,24333.7,24325.05,125,24333.25,175,0,62950
NIFTY-III.NFO,01/07/2024,09:22:40,24333.7,24325.05,125,24333.2,100,0,62950
NIFTY-III.NFO,01/07/2024,09:22:41,24333.25,24325.1,100,24333.2,50,150,62950
NIFTY-III.NFO,01/07/2024,09:22:43,24333.25,24325.05,175,24333.2,50,0,62950
NIFTY-III.NFO,01/07/2024,09:22:51,24333.25,24325.05,175,24333.25,25,0,62950
NIFTY-III.NFO,01/07/2024,09:22:53,24333.8,24325.05,175,24334.9,50,100,62950
NIFTY-III.NFO,01/07/2024,09:22:55,24333.8,24330.05,100,24337.8,125,0,62950
NIFTY-III.NFO,01/07/2024,09:22:56,24333.8,24330.6,100,24337.8,125,0,62950
NIFTY-III.NFO,01/07/2024,09:23:00,24333.8,24330.6,100,24339.85,50,0,62950
NIFTY-III.NFO,01/07/2024,09:23:01,24333.8,24330.6,100,24340.75,50,0,62950
NIFTY-III.NFO,01/07/2024,09:23:03,24333.8,24330.6,100,24340.45,50,0,62950
NIFTY-III.NFO,01/07/2024,09:23:04,24333.8,24330.6,100,24340.35,125,0,62950
NIFTY-III.NFO,01/07/2024,09:23:06,24333.8,24330.6,100,24340.2,125,0,62950
NIFTY-III.NFO,01/07/2024,09:23:09,24333.8,24330.6,100,24340.1,50,0,62950
NIFTY-III.NFO,01/07/2024,09:23:11,24333.8,24330.6,100,24339.75,125,0,62950
NIFTY-III.NFO,01/07/2024,09:23:14,24333.8,24330.6,100,24338.3,75,0,62950
NIFTY-III.NFO,01/07/2024,09:23:16,24333.8,24330.6,100,24338.3,150,0,62950
NIFTY-III.NFO,01/07/2024,09:23:18,24333.8,24331.35,100,24338.3,75,0,62950
NIFTY-III.NFO,01/07/2024,09:23:21,24333.8,24331.95,100,24338.3,75,0,62950
NIFTY-III.NFO,01/07/2024,09:23:23,24333.8,24331.95,100,24338.85,75,0,62950
NIFTY-III.NFO,01/07/2024,09:23:24,24333.8,24331.95,100,24338.7,150,0,62950
NIFTY-III.NFO,01/07/2024,09:23:28,24333.8,24332.05,175,24338.7,150,0,62950
NIFTY-III.NFO,01/07/2024,09:23:31,24333.8,24332.05,175,24338.7,75,0,62950
NIFTY-III.NFO,01/07/2024,09:23:33,24333.8,24332.2,175,24338.5,150,0,62950
NIFTY-III.NFO,01/07/2024,09:23:34,24332.2,24332.35,175,24338.95,75,25,62950
NIFTY-III.NFO,01/07/2024,09:23:36,24332.2,24332.45,100,24339.75,75,0,62950
NIFTY-III.NFO,01/07/2024,09:23:38,24334.05,24334.1,100,24339.75,75,25,62950
NIFTY-III.NFO,01/07/2024,09:23:39,24334.05,24334.55,100,24342.05,75,0,62950
NIFTY-III.NFO,01/07/2024,09:23:41,24334.05,24338.25,175,24345.15,150,0,62950
NIFTY-III.NFO,01/07/2024,09:23:43,24334.05,24337.2,100,24343,100,0,62950
NIFTY-III.NFO,01/07/2024,09:23:44,24334.05,24337.2,100,24343.75,175,0,62950
NIFTY-III.NFO,01/07/2024,09:23:46,24334.05,24339.25,175,24344.25,75,0,62950
NIFTY-III.NFO,01/07/2024,09:23:48,24334.05,24338.55,100,24343.3,100,0,62950
NIFTY-III.NFO,01/07/2024,09:23:49,24334.05,24338.8,175,24343.75,100,0,62950
NIFTY-III.NFO,01/07/2024,09:23:51,24334.05,24338.8,175,24343.95,100,0,62950
NIFTY-III.NFO,01/07/2024,09:23:53,24334.05,24340,100,24343.7,100,0,62950
NIFTY-III.NFO,01/07/2024,09:23:54,24334.05,24340,25,24342.55,100,0,62950
NIFTY-III.NFO,01/07/2024,09:23:56,24340,24337.8,175,24340,175,25,62950
NIFTY-III.NFO,01/07/2024,09:23:58,24340,24337.8,175,24340,175,0,62950
NIFTY-III.NFO,01/07/2024,09:23:59,24340,24337.3,100,24340,175,0,62950
NIFTY-III.NFO,01/07/2024,09:24:01,24340,24336.9,175,24340,175,0,62950
NIFTY-III.NFO,01/07/2024,09:24:03,24340,24336.3,175,24340,175,0,62950
NIFTY-III.NFO,01/07/2024,09:24:04,24340,24337.05,175,24340,175,0,62950
NIFTY-III.NFO,01/07/2024,09:24:06,24340,24337.5,175,24340,100,75,62950
NIFTY-III.NFO,01/07/2024,09:24:08,24340,24338,175,24340,100,0,62950
NIFTY-III.NFO,01/07/2024,09:24:09,24340,24339.05,175,24340,100,0,62950
NIFTY-III.NFO,01/07/2024,09:24:11,24340,24341.6,100,24347.05,75,100,62950
NIFTY-III.NFO,01/07/2024,09:24:13,24340,24339.65,100,24345.75,100,0,62950
NIFTY-III.NFO,01/07/2024,09:24:14,24340,24340.85,100,24345.85,100,0,62950
NIFTY-III.NFO,01/07/2024,09:24:16,24340,24340.15,100,24346.4,100,0,62950
NIFTY-III.NFO,01/07/2024,09:24:18,24340,24340.1,100,24345.2,100,0,62950
NIFTY-III.NFO,01/07/2024,09:24:19,24340,24340.95,175,24348.05,100,0,62950
NIFTY-III.NFO,01/07/2024,09:24:21,24340,24340.95,75,24348.05,100,0,62950
NIFTY-III.NFO,01/07/2024,09:24:28,24340,24341,100,24348.05,100,0,62950
NIFTY-III.NFO,01/07/2024,09:24:29,24340,24341,100,24349.35,100,0,62950
NIFTY-III.NFO,01/07/2024,09:24:31,24340,24341.35,150,24349.8,100,0,62950
NIFTY-III.NFO,01/07/2024,09:24:33,24340,24341.35,100,24349.8,100,0,62950
NIFTY-III.NFO,01/07/2024,09:24:34,24340,24341.3,75,24349.8,100,0,62950
NIFTY-III.NFO,01/07/2024,09:24:36,24340,24340.95,75,24349.7,175,0,62950
NIFTY-III.NFO,01/07/2024,09:24:38,24340,24340.2,75,24348.6,100,0,62950
NIFTY-III.NFO,01/07/2024,09:24:39,24340,24337,25,24339.05,75,75,62775
NIFTY-III.NFO,01/07/2024,09:24:41,24340,24337,25,24339.95,25,0,62775
NIFTY-III.NFO,01/07/2024,09:24:43,24340,24337.05,175,24340.7,75,0,62775
NIFTY-III.NFO,01/07/2024,09:24:44,24340,24337.05,100,24340,200,0,62775
NIFTY-III.NFO,01/07/2024,09:24:46,24340,24335.85,100,24340,175,25,62775
NIFTY-III.NFO,01/07/2024,09:24:48,24340,24335.85,100,24340,175,0,62775
NIFTY-III.NFO,01/07/2024,09:24:51,24340,24334.4,100,24340,175,0,62775
NIFTY-III.NFO,01/07/2024,09:24:54,24340,24335.05,100,24340,175,0,62775
NIFTY-III.NFO,01/07/2024,09:24:56,24340,24336.7,175,24340,175,0,62775
NIFTY-III.NFO,01/07/2024,09:24:58,24340,24337.5,175,24340,175,0,62775
NIFTY-III.NFO,01/07/2024,09:24:59,24340,24338.45,100,24340,175,0,62775
NIFTY-III.NFO,01/07/2024,09:25:01,24340,24338.35,175,24340,150,25,62775
NIFTY-III.NFO,01/07/2024,09:25:03,24340,24340.1,100,24348.3,25,150,62775
NIFTY-III.NFO,01/07/2024,09:25:04,24340,24340.1,100,24348.9,25,0,62775
NIFTY-III.NFO,01/07/2024,09:25:06,24340,24340.1,100,24347.25,25,0,62775
NIFTY-III.NFO,01/07/2024,09:25:08,24340,24340.1,100,24348.45,25,0,62775
NIFTY-III.NFO,01/07/2024,09:25:20,24340.1,24342.05,100,24349.25,50,25,62775
NIFTY-III.NFO,01/07/2024,09:25:22,24340.1,24342.05,100,24349.25,50,0,62775
NIFTY-III.NFO,01/07/2024,09:25:24,24340.1,24342.3,100,24349.95,125,0,62775
NIFTY-III.NFO,01/07/2024,09:25:25,24340.1,24343.85,175,24349.8,75,0,62775
NIFTY-III.NFO,01/07/2024,09:25:27,24340.1,24347.35,100,24349.8,75,0,62775
NIFTY-III.NFO,01/07/2024,09:25:29,24340.1,24345.1,100,24349.75,50,0,62775
NIFTY-III.NFO,01/07/2024,09:25:30,24340.1,24345.9,100,24349.95,75,0,62775
NIFTY-III.NFO,01/07/2024,09:25:32,24340.1,24346.7,100,24350,25,0,62775
NIFTY-III.NFO,01/07/2024,09:25:34,24340.1,24346.9,175,24350,25,0,62775
NIFTY-III.NFO,01/07/2024,09:25:35,24340.1,24348.75,175,24350,25,0,62775
NIFTY-III.NFO,01/07/2024,09:25:37,24350,24351.5,100,24354.9,75,25,62775
NIFTY-III.NFO,01/07/2024,09:25:39,24350,24350.05,100,24354.7,50,0,62775
NIFTY-III.NFO,01/07/2024,09:25:40,24350,24347.8,75,24353.05,50,0,62775
NIFTY-III.NFO,01/07/2024,09:25:42,24350,24348.05,75,24354.95,125,0,62775
NIFTY-III.NFO,01/07/2024,09:25:44,24350,24348.2,175,24354.95,125,0,62775
NIFTY-III.NFO,01/07/2024,09:25:45,24350,24348.85,100,24354.95,50,0,62775
NIFTY-III.NFO,01/07/2024,09:25:47,24350,24348.85,100,24354.95,125,0,62775
NIFTY-III.NFO,01/07/2024,09:25:52,24350,24348.75,150,24354.95,50,0,62775
NIFTY-III.NFO,01/07/2024,09:25:54,24350,24349.45,100,24354.95,50,0,62775
NIFTY-III.NFO,01/07/2024,09:25:55,24350.75,24352.65,175,24355,25,25,62775
NIFTY-III.NFO,01/07/2024,09:25:57,24350.75,24352.6,100,24355,25,0,62775
NIFTY-III.NFO,01/07/2024,09:25:59,24350.75,24353.5,100,24355,25,0,62775
NIFTY-III.NFO,01/07/2024,09:26:00,24350.75,24351.75,175,24355,25,0,62775
NIFTY-III.NFO,01/07/2024,09:26:02,24350.75,24352.05,175,24355,25,0,62775
NIFTY-III.NFO,01/07/2024,09:26:04,24350.75,24351.7,175,24355,25,0,62775
NIFTY-III.NFO,01/07/2024,09:26:05,24350.75,24352.2,100,24355,25,0,62775
NIFTY-III.NFO,01/07/2024,09:26:07,24350.75,24352.3,100,24355,25,0,62775
NIFTY-III.NFO,01/07/2024,09:26:09,24350.75,24351.7,175,24355,25,0,62775
NIFTY-III.NFO,01/07/2024,09:26:10,24350.75,24353.05,100,24355,25,0,62775
NIFTY-III.NFO,01/07/2024,09:26:12,24350.75,24350.05,75,24354.95,75,0,62775
NIFTY-III.NFO,01/07/2024,09:26:14,24350.75,24349.6,100,24354.95,75,0,62775
NIFTY-III.NFO,01/07/2024,09:26:15,24350.75,24351.2,175,24355,25,0,62775
NIFTY-III.NFO,01/07/2024,09:26:17,24350.75,24350,175,24354.95,75,0,62775
NIFTY-III.NFO,01/07/2024,09:26:19,24350.75,24349.25,175,24350.75,25,0,62775
NIFTY-III.NFO,01/07/2024,09:26:20,24350.75,24348.85,175,24350.75,25,0,62775
NIFTY-III.NFO,01/07/2024,09:26:22,24350.75,24348.75,100,24350.75,25,0,62775
NIFTY-III.NFO,01/07/2024,09:26:24,24350.75,24349,100,24350.75,25,0,62775
NIFTY-III.NFO,01/07/2024,09:26:25,24350.75,24349.85,100,24350.75,25,0,62775
NIFTY-III.NFO,01/07/2024,09:26:27,24350.75,24350,25,24350.75,25,0,62775
NIFTY-III.NFO,01/07/2024,09:26:32,24350.75,24350,25,24350.7,150,0,62775
NIFTY-III.NFO,01/07/2024,09:26:33,24350,24350,100,24350.7,150,25,62775
NIFTY-III.NFO,01/07/2024,09:26:35,24350,24341.4,225,24347.4,50,100,62775
NIFTY-III.NFO,01/07/2024,09:26:37,24350,24343.25,175,24349,125,0,62775
NIFTY-III.NFO,01/07/2024,09:26:38,24350,24343.7,175,24349.05,125,0,62775
NIFTY-III.NFO,01/07/2024,09:26:40,24350,24342.7,100,24346.7,75,0,62775
NIFTY-III.NFO,01/07/2024,09:26:42,24350,24340.4,175,24346.5,125,0,62775
NIFTY-III.NFO,01/07/2024,09:26:43,24347.6,24341.7,150,24346.55,25,25,62775
NIFTY-III.NFO,01/07/2024,09:26:45,24347.6,24340,25,24344.05,100,0,62775
NIFTY-III.NFO,01/07/2024,09:26:47,24342.85,24340,25,24344.6,150,25,62775
NIFTY-III.NFO,01/07/2024,09:26:48,24342.85,24340,25,24344.6,150,0,62775
NIFTY-III.NFO,01/07/2024,09:26:52,24342.85,24340,25,24344.75,150,0,62775
NIFTY-III.NFO,01/07/2024,09:26:53,24342.85,24340.05,100,24344.8,25,0,62775
NIFTY-III.NFO,01/07/2024,09:26:55,24342.85,24340.25,100,24344.8,25,0,62775
NIFTY-III.NFO,01/07/2024,09:26:58,24342.85,24340.05,175,24344.8,25,0,62775
NIFTY-III.NFO,01/07/2024,09:27:00,24342.85,24340.05,75,24344.8,25,0,62775
NIFTY-III.NFO,01/07/2024,09:27:02,24342.85,24340,100,24344.8,25,0,62775
NIFTY-III.NFO,01/07/2024,09:27:03,24342.85,24340.05,175,24344.8,25,0,62775
NIFTY-III.NFO,01/07/2024,09:27:05,24342.85,24340,25,24344.8,100,0,62775
NIFTY-III.NFO,01/07/2024,09:27:10,24342.85,24340.05,100,24344.8,25,0,62775
NIFTY-III.NFO,01/07/2024,09:27:13,24342.85,24341.25,100,24344.8,25,0,62775
NIFTY-III.NFO,01/07/2024,09:27:15,24344.8,24345,100,24350.7,25,150,62775
NIFTY-III.NFO,01/07/2024,09:27:16,24344.8,24345.2,100,24350.75,25,0,62775
NIFTY-III.NFO,01/07/2024,09:27:18,24344.8,24343.55,175,24349.85,100,0,62775
NIFTY-III.NFO,01/07/2024,09:27:20,24344.8,24344.85,150,24350.7,100,0,62775
NIFTY-III.NFO,01/07/2024,09:27:21,24344.8,24342.75,175,24348.35,100,0,62775
NIFTY-III.NFO,01/07/2024,09:27:23,24344.8,24343.45,125,24350,25,0,62775
NIFTY-III.NFO,01/07/2024,09:27:25,24344.8,24349.85,25,24350.7,25,0,62775
NIFTY-III.NFO,01/07/2024,09:27:26,24344.8,24349.85,25,24350.75,25,0,62775
NIFTY-III.NFO,01/07/2024,09:27:30,24349.85,24348.35,100,24350.75,25,25,62775
NIFTY-III.NFO,01/07/2024,09:27:31,24349.85,24349.75,100,24350.75,25,0,62775
NIFTY-III.NFO,01/07/2024,09:27:33,24349.85,24348.25,100,24350.75,25,0,62775
NIFTY-III.NFO,01/07/2024,09:27:35,24349.85,24347.15,100,24350.75,25,0,62775
NIFTY-III.NFO,01/07/2024,09:27:36,24349.85,24348.55,100,24350.75,25,0,62775
NIFTY-III.NFO,01/07/2024,09:27:38,24349.85,24349.2,100,24350.75,25,0,62775
NIFTY-III.NFO,01/07/2024,09:27:40,24349.85,24348.65,100,24350.75,25,0,62775
NIFTY-III.NFO,01/07/2024,09:27:42,24349.85,24349,100,24350.75,25,0,62775
NIFTY-III.NFO,01/07/2024,09:27:43,24350.75,24350.3,100,24353.4,75,25,62775
NIFTY-III.NFO,01/07/2024,09:27:45,24350.75,24350.35,175,24355,25,0,62775
NIFTY-III.NFO,01/07/2024,09:27:47,24350.75,24351,175,24355,25,0,62775
NIFTY-III.NFO,01/07/2024,09:27:48,24350.75,24351,100,24355,25,0,62775
NIFTY-III.NFO,01/07/2024,09:27:51,24350.75,24352.05,100,24355,25,0,62775
NIFTY-III.NFO,01/07/2024,09:27:53,24350.75,24352.65,50,24355,25,0,62775
NIFTY-III.NFO,01/07/2024,09:27:55,24350.75,24350.3,175,24355,25,0,62775
NIFTY-III.NFO,01/07/2024,09:27:56,24350.75,24352.15,100,24355,25,0,62775
NIFTY-III.NFO,01/07/2024,09:27:58,24350.75,24350.75,25,24355,25,0,62775
NIFTY-III.NFO,01/07/2024,09:28:00,24350.75,24350.75,25,24354.95,25,0,62775
NIFTY-III.NFO,01/07/2024,09:28:01,24350.75,24350.75,25,24354.95,100,0,62775
NIFTY-III.NFO,01/07/2024,09:28:06,24350.75,24350.75,25,24354.95,25,0,62775
NIFTY-III.NFO,01/07/2024,09:28:08,24350.75,24350.8,100,24355,25,0,62775
NIFTY-III.NFO,01/07/2024,09:28:10,24350.75,24351.2,175,24355,25,0,62775
NIFTY-III.NFO,01/07/2024,09:28:11,24350.75,24350.8,175,24355,25,0,62775
NIFTY-III.NFO,01/07/2024,09:28:13,24350.75,24351.2,100,24355,25,0,62775
NIFTY-III.NFO,01/07/2024,09:28:15,24350.75,24350.75,200,24354.95,25,0,62775
NIFTY-III.NFO,01/07/2024,09:28:18,24350.75,24350.8,175,24355,25,0,62775
NIFTY-III.NFO,01/07/2024,09:28:20,24350.75,24350.75,150,24354.95,25,0,62775
NIFTY-III.NFO,01/07/2024,09:28:22,24350.75,24350.75,150,24354.95,100,0,62775
NIFTY-III.NFO,01/07/2024,09:28:23,24354.95,24350.75,150,24354.95,75,25,62775
NIFTY-III.NFO,01/07/2024,09:28:25,24354.95,24350.75,150,24354.95,75,0,62775
NIFTY-III.NFO,01/07/2024,09:28:27,24354.95,24350.75,150,24354.8,125,0,62775
NIFTY-III.NFO,01/07/2024,09:28:28,24354.95,24350.75,150,24353.8,75,0,62775
NIFTY-III.NFO,01/07/2024,09:28:30,24354.95,24350.75,150,24353.05,75,0,62775
NIFTY-III.NFO,01/07/2024,09:28:32,24353.6,24350.75,150,24353.5,75,50,62775
NIFTY-III.NFO,01/07/2024,09:28:33,24353.6,24350.75,150,24353,75,0,62775
NIFTY-III.NFO,01/07/2024,09:28:35,24353.6,24350.75,150,24352.3,125,0,62775
NIFTY-III.NFO,01/07/2024,09:28:37,24350.75,24350.75,125,24351.55,50,25,62775
NIFTY-III.NFO,01/07/2024,09:28:38,24350.75,24350.75,100,24352.2,50,0,62775
NIFTY-III.NFO,01/07/2024,09:28:40,24350.75,24350.75,100,24353.05,50,0,62775
NIFTY-III.NFO,01/07/2024,09:28:42,24350.75,24350.75,100,24351.05,50,0,62775
NIFTY-III.NFO,01/07/2024,09:28:45,24350,24344.1,75,24350.5,75,125,62775
NIFTY-III.NFO,01/07/2024,09:28:47,24350,24344.15,150,24349.9,100,0,62775
NIFTY-III.NFO,01/07/2024,09:28:48,24348.45,24342.95,175,24349.25,75,25,62775
NIFTY-III.NFO,01/07/2024,09:28:50,24348.45,24343.75,150,24349.25,75,0,62775
NIFTY-III.NFO,01/07/2024,09:28:52,24348.45,24344.55,175,24351.05,75,0,62775
NIFTY-III.NFO,01/07/2024,09:28:53,24348.45,24346.6,175,24353.35,75,0,62775
NIFTY-III.NFO,01/07/2024,09:28:55,24348.45,24346.6,175,24354.4,100,0,62775
NIFTY-III.NFO,01/07/2024,09:28:57,24348.45,24346.65,100,24354.4,100,0,62775
NIFTY-III.NFO,01/07/2024,09:28:58,24348.45,24345.05,175,24350,50,0,62775
NIFTY-III.NFO,01/07/2024,09:29:00,24348.45,24345,100,24350,125,0,62775
NIFTY-III.NFO,01/07/2024,09:29:02,24348.45,24345.05,175,24350,50,0,62775
NIFTY-III.NFO,01/07/2024,09:29:05,24348.45,24345.05,175,24350,50,25,62775
NIFTY-III.NFO,01/07/2024,09:29:07,24348.45,24345.05,175,24350,50,0,62775
NIFTY-III.NFO,01/07/2024,09:29:15,24345.05,24345.1,100,24350,50,25,62775
NIFTY-III.NFO,01/07/2024,09:29:17,24345.05,24345.1,100,24350,50,0,62775
NIFTY-III.NFO,01/07/2024,09:29:20,24345.05,24348.8,100,24350,50,0,62775
NIFTY-III.NFO,01/07/2024,09:29:22,24345.05,24347.6,175,24350,50,0,62775
NIFTY-III.NFO,01/07/2024,09:29:24,24345.05,24348,100,24350,50,0,62775
NIFTY-III.NFO,01/07/2024,09:29:25,24345.05,24345.05,175,24350,50,0,62775
NIFTY-III.NFO,01/07/2024,09:29:27,24345.05,24345.05,100,24349.95,100,0,62775
NIFTY-III.NFO,01/07/2024,09:29:30,24345.05,24345.05,175,24350,150,0,62775
NIFTY-III.NFO,01/07/2024,09:29:32,24345.05,24346.9,175,24350,150,0,62775
NIFTY-III.NFO,01/07/2024,09:29:34,24345.05,24345.9,175,24350,150,0,62775
NIFTY-III.NFO,01/07/2024,09:29:35,24345.05,24345.45,175,24350,150,0,62775
NIFTY-III.NFO,01/07/2024,09:29:37,24345.05,24346.15,175,24350,150,0,62775
NIFTY-III.NFO,01/07/2024,09:29:40,24345.05,24345.8,175,24350,150,0,62775
NIFTY-III.NFO,01/07/2024,09:29:44,24345.05,24347.2,175,24350,150,0,62775
NIFTY-III.NFO,01/07/2024,09:29:45,24345.05,24345.05,100,24350,150,0,62775
NIFTY-III.NFO,01/07/2024,09:29:47,24345.05,24346.1,100,24350,150,0,62775
NIFTY-III.NFO,01/07/2024,09:29:49,24345.05,24345.05,175,24350,150,0,62775
NIFTY-III.NFO,01/07/2024,09:29:50,24345.05,24345.2,175,24350,225,0,62775
NIFTY-III.NFO,01/07/2024,09:29:52,24345.05,24345.05,100,24349.95,100,0,62775
NIFTY-III.NFO,01/07/2024,09:29:54,24345.05,24345,25,24349.95,100,0,62775
NIFTY-III.NFO,01/07/2024,09:29:55,24345.05,24345.35,175,24350,150,0,62775
NIFTY-III.NFO,01/07/2024,09:29:57,24345.05,24346,175,24350,150,0,62775
NIFTY-III.NFO,01/07/2024,09:29:59,24345.05,24346.05,175,24350,150,0,62775
NIFTY-III.NFO,01/07/2024,09:30:00,24345.05,24346.95,175,24350,150,0,62775
NIFTY-III.NFO,01/07/2024,09:30:02,24345.05,24345.05,175,24349.95,25,0,62775
NIFTY-III.NFO,01/07/2024,09:30:05,24345.05,24345,100,24349.95,25,0,62775
NIFTY-III.NFO,01/07/2024,09:30:07,24345.05,24345.05,175,24349.95,25,0,62775
NIFTY-III.NFO,01/07/2024,09:30:09,24345.05,24345.1,175,24349.95,25,0,62775
NIFTY-III.NFO,01/07/2024,09:30:10,24345.05,24345.1,175,24350,150,0,62775
NIFTY-III.NFO,01/07/2024,09:30:12,24345.05,24348.65,175,24350,150,0,62775
NIFTY-III.NFO,01/07/2024,09:30:14,24350,24348.65,175,24353.6,75,150,62775
NIFTY-III.NFO,01/07/2024,09:30:15,24353.65,24348.65,175,24353.7,75,25,62775
NIFTY-III.NFO,01/07/2024,09:30:16,24353.65,24348.65,175,24354.35,75,0,62775
NIFTY-III.NFO,01/07/2024,09:30:18,24353.65,24348.8,175,24354.4,25,0,62775
NIFTY-III.NFO,01/07/2024,09:30:20,24353.65,24346.75,100,24350,50,0,62775
NIFTY-III.NFO,01/07/2024,09:30:21,24353.65,24347.95,75,24350,50,0,62775
NIFTY-III.NFO,01/07/2024,09:30:23,24353.65,24347,175,24350,50,0,62775
NIFTY-III.NFO,01/07/2024,09:30:25,24353.65,24345.05,100,24350,50,0,62775
NIFTY-III.NFO,01/07/2024,09:30:26,24350,24345.05,100,24350,100,25,62900
NIFTY-III.NFO,01/07/2024,09:30:28,24349.8,24343.65,25,24349.7,75,25,62900
NIFTY-III.NFO,01/07/2024,09:30:30,24349.8,24343.7,100,24350,100,0,62900
NIFTY-III.NFO,01/07/2024,09:30:31,24349.8,24343.7,100,24350,25,0,62900
NIFTY-III.NFO,01/07/2024,09:30:33,24349.8,24345.4,175,24350,25,0,62900
NIFTY-III.NFO,01/07/2024,09:30:35,24349.8,24348.4,100,24350,25,0,62900
NIFTY-III.NFO,01/07/2024,09:30:36,24349.8,24346.25,100,24350,25,0,62900
NIFTY-III.NFO,01/07/2024,09:30:38,24349.8,24345.65,100,24350,25,0,62900
NIFTY-III.NFO,01/07/2024,09:30:40,24349.8,24346.9,100,24350,25,0,62900
NIFTY-III.NFO,01/07/2024,09:30:41,24349.8,24348.5,175,24350,25,0,62900
NIFTY-III.NFO,01/07/2024,09:30:43,24350,24351.8,100,24354.4,25,25,62900
NIFTY-III.NFO,01/07/2024,09:30:45,24350,24352.5,175,24354.4,25,0,62900
NIFTY-III.NFO,01/07/2024,09:30:46,24350,24350.1,175,24354.4,25,0,62900
NIFTY-III.NFO,01/07/2024,09:30:48,24350,24351.5,100,24354.4,25,0,62900
NIFTY-III.NFO,01/07/2024,09:30:50,24350,24351,175,24354.4,25,0,62900
NIFTY-III.NFO,01/07/2024,09:30:51,24350,24351,50,24354.4,25,0,62900
NIFTY-III.NFO,01/07/2024,09:30:53,24350,24351.1,50,24354.4,25,0,62900
NIFTY-III.NFO,01/07/2024,09:30:55,24350,24349.4,100,24354.4,100,0,62900
NIFTY-III.NFO,01/07/2024,09:30:56,24350,24348.6,175,24354.4,100,0,62900
NIFTY-III.NFO,01/07/2024,09:30:58,24350,24348.05,175,24354.4,100,0,62900
NIFTY-III.NFO,01/07/2024,09:31:00,24350,24347.3,175,24354.4,100,0,62900
NIFTY-III.NFO,01/07/2024,09:31:03,24350,24351.85,100,24354.4,25,0,62900
NIFTY-III.NFO,01/07/2024,09:31:05,24350,24352.7,175,24354.4,25,0,62900
NIFTY-III.NFO,01/07/2024,09:31:06,24354.4,24354.55,50,24355,25,25,62900
NIFTY-III.NFO,01/07/2024,09:31:08,24354.4,24352.15,175,24355,25,0,62900
NIFTY-III.NFO,01/07/2024,09:31:10,24354.4,24351.55,175,24355,25,0,62900
NIFTY-III.NFO,01/07/2024,09:31:11,24354.4,24350.25,175,24355,25,0,62900
NIFTY-III.NFO,01/07/2024,09:31:13,24354.4,24351.85,100,24355,25,0,62900
NIFTY-III.NFO,01/07/2024,09:31:15,24354.4,24350.6,175,24355,25,0,62900
NIFTY-III.NFO,01/07/2024,09:31:16,24354.4,24351.5,175,24355,25,0,62900
NIFTY-III.NFO,01/07/2024,09:31:20,24354.4,24352.65,175,24355,25,0,62900
NIFTY-III.NFO,01/07/2024,09:31:21,24355,24354.75,175,24360,125,25,62900
NIFTY-III.NFO,01/07/2024,09:31:23,24355,24357.1,125,24360,125,0,62900
NIFTY-III.NFO,01/07/2024,09:31:25,24358.3,24356.5,125,24360,125,25,62900
NIFTY-III.NFO,01/07/2024,09:31:26,24358.3,24355,100,24360,125,0,62900
NIFTY-III.NFO,01/07/2024,09:31:30,24358.3,24355,100,24360,200,0,62900
NIFTY-III.NFO,01/07/2024,09:31:31,24358.3,24355,100,24360,125,0,62900
NIFTY-III.NFO,01/07/2024,09:31:33,24358.3,24355,100,24360,200,0,62900
NIFTY-III.NFO,01/07/2024,09:31:35,24358.3,24355.05,175,24360,125,0,62900
NIFTY-III.NFO,01/07/2024,09:31:36,24360,24355.05,175,24360,100,25,62900
NIFTY-III.NFO,01/07/2024,09:31:38,24360,24355.2,175,24360,100,0,62900
NIFTY-III.NFO,01/07/2024,09:31:39,24360,24354.15,100,24360,175,0,62900
NIFTY-III.NFO,01/07/2024,09:31:41,24360,24355,25,24360,175,0,62900
NIFTY-III.NFO,01/07/2024,09:31:43,24360,24355,25,24358.85,75,0,62900
NIFTY-III.NFO,01/07/2024,09:31:44,24358.95,24355,25,24358.95,75,100,62900
NIFTY-III.NFO,01/07/2024,09:31:46,24358.95,24355,25,24358.75,150,0,62900
NIFTY-III.NFO,01/07/2024,09:31:48,24358.95,24355,25,24360,200,0,62900
NIFTY-III.NFO,01/07/2024,09:31:49,24358.95,24355,25,24359.35,75,0,62900
NIFTY-III.NFO,01/07/2024,09:31:51,24358.95,24355,25,24359.2,100,0,62900
NIFTY-III.NFO,01/07/2024,09:31:54,24358.95,24355,25,24357,100,0,62900
NIFTY-III.NFO,01/07/2024,09:31:56,24358.95,24355,25,24357,25,0,62900
NIFTY-III.NFO,01/07/2024,09:32:14,24358.95,24355,25,24356.8,150,0,62900
NIFTY-III.NFO,01/07/2024,09:32:15,24358.95,24355,25,24357,25,0,62900
NIFTY-III.NFO,01/07/2024,09:32:17,24355,24354,25,24356.8,400,25,62900
NIFTY-III.NFO,01/07/2024,09:32:19,24355,24354,25,24356.8,400,0,62900
NIFTY-III.NFO,01/07/2024,09:32:20,24355,24354,25,24357,25,0,62900
NIFTY-III.NFO,01/07/2024,09:32:22,24354,24350.05,175,24357,75,25,62900
NIFTY-III.NFO,01/07/2024,09:32:24,24354,24350.05,175,24357,75,0,62900
NIFTY-III.NFO,01/07/2024,09:32:25,24354,24350,25,24357,75,0,62900
NIFTY-III.NFO,01/07/2024,09:32:27,24350,24343.65,25,24350.15,75,25,62900
NIFTY-III.NFO,01/07/2024,09:32:29,24350,24343.65,25,24347.6,75,0,62900
NIFTY-III.NFO,01/07/2024,09:32:30,24350,24343.65,25,24347.7,75,0,62900
NIFTY-III.NFO,01/07/2024,09:32:32,24350,24343.7,175,24350.2,75,0,62900
NIFTY-III.NFO,01/07/2024,09:32:34,24350,24343.7,75,24350.1,75,0,62900
NIFTY-III.NFO,01/07/2024,09:32:35,24350,24343.7,175,24350.2,75,0,62900
NIFTY-III.NFO,01/07/2024,09:32:37,24350,24343.7,100,24350.15,250,0,62900
NIFTY-III.NFO,01/07/2024,09:32:39,24350,24343.65,25,24349.8,75,0,62900
NIFTY-III.NFO,01/07/2024,09:32:40,24350,24343.65,25,24346.95,325,0,62900
NIFTY-III.NFO,01/07/2024,09:32:42,24349.15,24343.65,25,24349.15,75,100,62900
NIFTY-III.NFO,01/07/2024,09:32:44,24349.15,24343.65,100,24349.15,325,0,62900
NIFTY-III.NFO,01/07/2024,09:32:45,24349.15,24343.65,25,24348.3,150,0,62900
NIFTY-III.NFO,01/07/2024,09:32:47,24349.15,24343.65,25,24349.05,75,25,62900
NIFTY-III.NFO,01/07/2024,09:32:49,24349.15,24343.65,25,24348.95,25,0,62900
NIFTY-III.NFO,01/07/2024,09:32:50,24349.15,24343.65,100,24348.9,25,0,62900
NIFTY-III.NFO,01/07/2024,09:32:52,24349.15,24343.65,25,24348.2,325,0,62900
NIFTY-III.NFO,01/07/2024,09:32:54,24349.15,24340.5,175,24347.85,100,0,62900
NIFTY-III.NFO,01/07/2024,09:32:55,24349.15,24340.5,175,24347.45,25,0,62900
NIFTY-III.NFO,01/07/2024,09:32:57,24349.15,24340.95,100,24347.5,75,0,62900
NIFTY-III.NFO,01/07/2024,09:32:59,24349.15,24340.5,175,24346.8,325,0,62900
NIFTY-III.NFO,01/07/2024,09:33:00,24349.15,24340.45,25,24345.35,325,0,62900
NIFTY-III.NFO,01/07/2024,09:33:02,24349.15,24340.45,25,24345.65,325,0,62900
NIFTY-III.NFO,01/07/2024,09:33:04,24349.15,24340.5,175,24346.25,75,0,62900
NIFTY-III.NFO,01/07/2024,09:33:05,24340.5,24340.55,100,24347.45,25,25,62900
NIFTY-III.NFO,01/07/2024,09:33:07,24346.6,24340.5,175,24346.2,325,50,62900
NIFTY-III.NFO,01/07/2024,09:33:09,24346.6,24340.75,100,24347.85,75,0,62900
NIFTY-III.NFO,01/07/2024,09:33:12,24346.6,24344.95,150,24350,50,0,62900
NIFTY-III.NFO,01/07/2024,09:33:14,24346.6,24348.55,75,24350,50,0,62900
NIFTY-III.NFO,01/07/2024,09:33:15,24346.6,24348.35,75,24350,50,0,62900
NIFTY-III.NFO,01/07/2024,09:33:17,24346.6,24344.85,100,24350,125,0,62900
NIFTY-III.NFO,01/07/2024,09:33:19,24346.6,24343.7,100,24350,125,0,62900
NIFTY-III.NFO,01/07/2024,09:33:20,24346.6,24342.6,100,24349.45,200,0,62900
NIFTY-III.NFO,01/07/2024,09:33:22,24346.6,24340.75,100,24347.65,325,0,62900
NIFTY-III.NFO,01/07/2024,09:33:24,24346.6,24340.5,175,24346.85,325,0,62900
NIFTY-III.NFO,01/07/2024,09:33:25,24346.6,24341.85,100,24349,125,0,62900
NIFTY-III.NFO,01/07/2024,09:33:27,24346.6,24343.2,100,24349,125,0,62900
NIFTY-III.NFO,01/07/2024,09:33:30,24346.6,24341.85,100,24348.95,250,0,62900
NIFTY-III.NFO,01/07/2024,09:33:32,24346.6,24341.2,100,24347.6,325,0,62900
NIFTY-III.NFO,01/07/2024,09:33:34,24346.6,24340.5,175,24347.6,325,0,62900
NIFTY-III.NFO,01/07/2024,09:33:35,24346.6,24340.95,100,24348.3,75,0,62900
NIFTY-III.NFO,01/07/2024,09:33:37,24346.6,24342.25,100,24349,125,0,62900
NIFTY-III.NFO,01/07/2024,09:33:39,24346.6,24342.25,100,24348.8,75,0,62900
NIFTY-III.NFO,01/07/2024,09:33:44,24346.6,24341.6,100,24348.8,75,0,62900
NIFTY-III.NFO,01/07/2024,09:33:45,24346.6,24341.6,100,24348.15,75,0,62900
NIFTY-III.NFO,01/07/2024,09:33:50,24346.6,24341.6,100,24349,125,0,62900
NIFTY-III.NFO,01/07/2024,09:33:52,24346.6,24342.75,100,24349,50,0,62900
NIFTY-III.NFO,01/07/2024,09:33:54,24346.6,24342.75,100,24349,125,0,62900
NIFTY-III.NFO,01/07/2024,09:34:00,24343.1,24343.1,100,24346.6,25,50,63200
NIFTY-III.NFO,01/07/2024,09:34:02,24346.6,24343.1,100,24349.95,50,25,63200
NIFTY-III.NFO,01/07/2024,09:34:04,24346.6,24343.65,100,24349.75,50,0,63200
NIFTY-III.NFO,01/07/2024,09:34:05,24346.6,24341.6,100,24348.3,50,0,63200
NIFTY-III.NFO,01/07/2024,09:34:07,24346.6,24341.6,100,24347.6,125,0,63200
NIFTY-III.NFO,01/07/2024,09:34:09,24346.6,24340.55,100,24346.95,125,0,63200
NIFTY-III.NFO,01/07/2024,09:34:12,24346.6,24340.45,25,24346.95,125,0,63200
NIFTY-III.NFO,01/07/2024,09:34:14,24346.6,24340.45,25,24345.6,125,0,63200
NIFTY-III.NFO,01/07/2024,09:34:15,24346.6,24340.45,25,24345.05,50,0,63200
NIFTY-III.NFO,01/07/2024,09:34:16,24346.6,24340.45,100,24345.6,125,0,63200
NIFTY-III.NFO,01/07/2024,09:34:18,24346.6,24340.45,25,24344.6,50,0,63200
NIFTY-III.NFO,01/07/2024,09:34:20,24346.6,24340.45,25,24344.05,50,0,63200
NIFTY-III.NFO,01/07/2024,09:34:21,24343.35,24340.45,25,24343.4,250,50,63200
NIFTY-III.NFO,01/07/2024,09:34:23,24340,24338,25,24340.2,150,125,63200
NIFTY-III.NFO,01/07/2024,09:34:24,24338.85,24338,25,24338.05,75,100,63200
NIFTY-III.NFO,01/07/2024,09:34:26,24338.85,24338,25,24340.55,250,0,63200
NIFTY-III.NFO,01/07/2024,09:34:28,24338.85,24338,25,24340,250,0,63200
NIFTY-III.NFO,01/07/2024,09:34:30,24338.85,24338,25,24340.85,250,0,63200
NIFTY-III.NFO,01/07/2024,09:34:31,24338.85,24338,50,24340.2,250,0,63200
NIFTY-III.NFO,01/07/2024,09:34:33,24338.85,24338,125,24342.75,250,0,63200
NIFTY-III.NFO,01/07/2024,09:34:35,24338.85,24338,150,24342.75,250,0,63200
NIFTY-III.NFO,01/07/2024,09:34:36,24338.85,24338,75,24341.1,250,0,63200
NIFTY-III.NFO,01/07/2024,09:34:40,24338.85,24338,75,24339.45,250,0,63200
NIFTY-III.NFO,01/07/2024,09:34:41,24338.85,24338,75,24338.05,250,0,63200
NIFTY-III.NFO,01/07/2024,09:34:44,24338.85,24338,75,24339.8,250,0,63200
NIFTY-III.NFO,01/07/2024,09:34:46,24338.85,24338,75,24340.6,250,0,63200
NIFTY-III.NFO,01/07/2024,09:34:48,24338.85,24338,75,24339.8,250,0,63200
NIFTY-III.NFO,01/07/2024,09:34:49,24338.85,24339,25,24339.8,250,0,63200
NIFTY-III.NFO,01/07/2024,09:34:51,24338,24334.9,75,24338.3,250,75,63200
NIFTY-III.NFO,01/07/2024,09:34:53,24338,24334.9,75,24338.8,250,0,63200
NIFTY-III.NFO,01/07/2024,09:34:54,24338,24334.1,175,24338.8,250,0,63200
NIFTY-III.NFO,01/07/2024,09:34:56,24338,24334.1,175,24340.05,325,0,63200
NIFTY-III.NFO,01/07/2024,09:34:58,24338,24335.25,175,24340.75,325,0,63200
NIFTY-III.NFO,01/07/2024,09:34:59,24338,24334.65,175,24340.1,325,0,63200
NIFTY-III.NFO,01/07/2024,09:35:01,24338,24334.05,25,24338.75,325,0,63200
NIFTY-III.NFO,01/07/2024,09:35:02,24338,24334.1,175,24338.5,250,25,63200
NIFTY-III.NFO,01/07/2024,09:35:04,24338,24334.1,175,24340,250,0,63200
NIFTY-III.NFO,01/07/2024,09:35:06,24338,24334.1,175,24339.35,250,0,63200
NIFTY-III.NFO,01/07/2024,09:35:09,24338,24334.1,175,24338.9,250,0,63200
NIFTY-III.NFO,01/07/2024,09:35:11,24338,24338,25,24340.75,250,0,63200
NIFTY-III.NFO,01/07/2024,09:35:12,24338,24338,25,24340.1,250,0,63200
NIFTY-III.NFO,01/07/2024,09:35:14,24338,24338,25,24339.15,250,0,63200
NIFTY-III.NFO,01/07/2024,09:35:17,24338,24338,25,24339.8,250,0,63200
NIFTY-III.NFO,01/07/2024,09:35:19,24338,24338,25,24340.9,250,0,63200
NIFTY-III.NFO,01/07/2024,09:35:21,24338,24338,25,24342.15,75,0,63200
NIFTY-III.NFO,01/07/2024,09:35:22,24338,24338,25,24340.05,250,0,63200
NIFTY-III.NFO,01/07/2024,09:35:24,24338,24338,25,24338.45,250,0,63200
NIFTY-III.NFO,01/07/2024,09:35:26,24340,24335.65,100,24341,325,25,63200
NIFTY-III.NFO,01/07/2024,09:35:27,24340,24335.8,100,24341,250,0,63200
NIFTY-III.NFO,01/07/2024,09:35:29,24340,24337.55,100,24342.35,250,0,63200
NIFTY-III.NFO,01/07/2024,09:35:31,24340,24339.45,175,24344.95,250,0,63200
NIFTY-III.NFO,01/07/2024,09:35:32,24340,24338,100,24344.85,150,0,63200
NIFTY-III.NFO,01/07/2024,09:35:34,24340,24338.3,175,24343.1,250,0,63200
NIFTY-III.NFO,01/07/2024,09:35:35,24340,24339.5,175,24343.7,250,0,63200
NIFTY-III.NFO,01/07/2024,09:35:37,24340,24338,75,24343.6,150,0,63200
NIFTY-III.NFO,01/07/2024,09:35:39,24340,24334.7,175,24340.5,325,0,63200
NIFTY-III.NFO,01/07/2024,09:35:40,24340,24334.1,100,24339.3,325,0,63200
NIFTY-III.NFO,01/07/2024,09:35:42,24340,24334.1,175,24339.3,325,0,63200
NIFTY-III.NFO,01/07/2024,09:35:43,24340,24334.35,100,24340,325,0,63200
NIFTY-III.NFO,01/07/2024,09:35:45,24340,24335.2,100,24340.75,250,0,63200
NIFTY-III.NFO,01/07/2024,09:35:47,24340,24340,25,24342.05,250,0,63200
NIFTY-III.NFO,01/07/2024,09:35:48,24340,24340,25,24343.35,250,0,63200
NIFTY-III.NFO,01/07/2024,09:35:50,24340,24340,25,24342.7,250,0,63200
NIFTY-III.NFO,01/07/2024,09:35:51,24340,24334.1,175,24339.25,325,25,63200
NIFTY-III.NFO,01/07/2024,09:35:53,24340,24334.1,175,24339.25,250,0,63200
NIFTY-III.NFO,01/07/2024,09:35:55,24340,24334.1,175,24339.65,200,0,63200
NIFTY-III.NFO,01/07/2024,09:35:56,24340,24334.1,175,24339.65,125,0,63200
NIFTY-III.NFO,01/07/2024,09:35:58,24340,24334.6,100,24339.65,125,0,63200
NIFTY-III.NFO,01/07/2024,09:35:59,24340,24335.25,100,24339.65,125,0,63200
NIFTY-III.NFO,01/07/2024,09:36:01,24340,24334.6,100,24340.45,325,0,63200
NIFTY-III.NFO,01/07/2024,09:36:03,24340,24334.05,100,24339.85,325,0,63200
NIFTY-III.NFO,01/07/2024,09:36:04,24340,24334.1,175,24339.95,250,0,63200
NIFTY-III.NFO,01/07/2024,09:36:06,24340,24335.35,175,24341.9,75,0,63200
NIFTY-III.NFO,01/07/2024,09:36:08,24340,24334.1,175,24341.65,75,0,63200
NIFTY-III.NFO,01/07/2024,09:36:09,24340,24336.45,175,24342.25,200,25,63200
NIFTY-III.NFO,01/07/2024,09:36:11,24340,24339.05,175,24340,25,0,63200
NIFTY-III.NFO,01/07/2024,09:36:13,24340,24338.9,100,24340,25,0,63200
NIFTY-III.NFO,01/07/2024,09:36:14,24340,24339.1,175,24340,25,0,63200
NIFTY-III.NFO,01/07/2024,09:36:16,24340,24343.15,175,24349,150,25,63200
NIFTY-III.NFO,01/07/2024,09:36:18,24340,24346,100,24349.9,25,0,63200
NIFTY-III.NFO,01/07/2024,09:36:19,24349.7,24344.25,100,24349.9,25,25,63200
NIFTY-III.NFO,01/07/2024,09:36:21,24349.7,24345.3,75,24349.9,25,0,63200
NIFTY-III.NFO,01/07/2024,09:36:23,24349.7,24345.1,150,24349.75,250,0,63200
NIFTY-III.NFO,01/07/2024,09:36:24,24349.7,24345.05,100,24349.8,250,0,63200
NIFTY-III.NFO,01/07/2024,09:36:26,24349.7,24344.1,175,24349,250,0,63200
NIFTY-III.NFO,01/07/2024,09:36:28,24349,24344.25,100,24349.1,250,25,63650
NIFTY-III.NFO,01/07/2024,09:36:29,24349,24343.45,100,24349.5,200,0,63650
NIFTY-III.NFO,01/07/2024,09:36:31,24349,24341.35,100,24347.1,325,0,63650
NIFTY-III.NFO,01/07/2024,09:36:33,24349,24340.85,75,24346.2,250,0,63650
NIFTY-III.NFO,01/07/2024,09:36:34,24349,24340.85,75,24346.2,325,0,63650
NIFTY-III.NFO,01/07/2024,09:36:36,24349,24340.4,75,24345.2,250,0,63650
NIFTY-III.NFO,01/07/2024,09:36:38,24349,24340.05,175,24345.25,125,0,63650
NIFTY-III.NFO,01/07/2024,09:36:39,24349,24340.25,100,24346.6,250,0,63650
NIFTY-III.NFO,01/07/2024,09:36:41,24349,24343.1,175,24348.35,125,0,63650
NIFTY-III.NFO,01/07/2024,09:36:43,24349,24342.75,175,24347.9,250,0,63650
NIFTY-III.NFO,01/07/2024,09:36:45,24348.95,24344.65,150,24349,25,25,63650
NIFTY-III.NFO,01/07/2024,09:36:46,24348.95,24345.35,75,24349,25,0,63650
NIFTY-III.NFO,01/07/2024,09:36:48,24348.95,24344,100,24348.3,250,0,63650
NIFTY-III.NFO,01/07/2024,09:36:50,24348.95,24344,175,24349,100,0,63650
NIFTY-III.NFO,01/07/2024,09:36:51,24348.95,24344,175,24349,25,0,63650
NIFTY-III.NFO,01/07/2024,09:36:53,24342.4,24342.4,175,24348.25,25,25,63650
NIFTY-III.NFO,01/07/2024,09:36:55,24342.4,24344.4,100,24349,125,0,63650
NIFTY-III.NFO,01/07/2024,09:36:56,24342.4,24345.1,175,24349.5,125,0,63650
NIFTY-III.NFO,01/07/2024,09:36:58,24342.4,24347.1,100,24349.9,25,0,63650
NIFTY-III.NFO,01/07/2024,09:37:00,24347.05,24347.1,75,24349.9,25,150,63650
NIFTY-III.NFO,01/07/2024,09:37:01,24349.9,24348.4,150,24350,25,25,63650
NIFTY-III.NFO,01/07/2024,09:37:03,24349.9,24346.8,75,24350,25,0,63650
NIFTY-III.NFO,01/07/2024,09:37:05,24349.9,24347.5,75,24350,25,0,63650
NIFTY-III.NFO,01/07/2024,09:37:06,24349.9,24345,150,24350,25,0,63650
NIFTY-III.NFO,01/07/2024,09:37:08,24349.9,24346.7,75,24350,25,0,63650
NIFTY-III.NFO,01/07/2024,09:37:10,24349.9,24349,25,24350,25,0,63650
NIFTY-III.NFO,01/07/2024,09:37:15,24349.9,24349.05,75,24350,25,0,63650
NIFTY-III.NFO,01/07/2024,09:37:16,24349.9,24349,25,24350,25,0,63650
NIFTY-III.NFO,01/07/2024,09:37:18,24349.9,24349.05,75,24350,25,0,63650
NIFTY-III.NFO,01/07/2024,09:37:19,24349.9,24349,25,24350,25,0,63650
NIFTY-III.NFO,01/07/2024,09:37:27,24349.9,24349,25,24349.95,100,0,63650
NIFTY-III.NFO,01/07/2024,09:37:29,24349.9,24349,25,24350,25,0,63650
NIFTY-III.NFO,01/07/2024,09:37:31,24349.9,24349,25,24349.95,175,0,63650
NIFTY-III.NFO,01/07/2024,09:37:32,24349,24347,25,24349.65,100,25,63650
NIFTY-III.NFO,01/07/2024,09:37:34,24349,24347,25,24350,25,0,63650
NIFTY-III.NFO,01/07/2024,09:37:39,24349,24347,25,24349.95,175,0,63650
NIFTY-III.NFO,01/07/2024,09:37:40,24349,24347,25,24349.5,100,0,63650
NIFTY-III.NFO,01/07/2024,09:37:42,24349,24347,25,24349.05,100,0,63650
NIFTY-III.NFO,01/07/2024,09:37:44,24349,24347,25,24348.95,100,0,63650
NIFTY-III.NFO,01/07/2024,09:37:45,24349,24347,25,24349.95,100,0,63650
NIFTY-III.NFO,01/07/2024,09:37:52,24349,24347,25,24349.95,175,0,63650
NIFTY-III.NFO,01/07/2024,09:37:53,24348.85,24347,25,24349.95,25,75,63650
NIFTY-III.NFO,01/07/2024,09:37:55,24348.85,24347,25,24349.65,275,0,63650
NIFTY-III.NFO,01/07/2024,09:37:57,24348.85,24347.05,100,24350,25,0,63650
NIFTY-III.NFO,01/07/2024,09:37:58,24348.85,24347.05,175,24350,25,0,63650
NIFTY-III.NFO,01/07/2024,09:38:00,24348.85,24348.5,75,24350,25,0,63650
NIFTY-III.NFO,01/07/2024,09:38:01,24348.85,24347,25,24349.95,25,0,63650
NIFTY-III.NFO,01/07/2024,09:38:03,24348.85,24347,25,24350,25,0,63650
NIFTY-III.NFO,01/07/2024,09:38:06,24348.85,24347.05,175,24350,25,0,63650
NIFTY-III.NFO,01/07/2024,09:38:08,24348.85,24347.05,100,24350,25,0,63650
NIFTY-III.NFO,01/07/2024,09:38:09,24348.85,24347.05,175,24350,25,0,63650
NIFTY-III.NFO,01/07/2024,09:38:11,24348.85,24347.05,100,24348.85,25,0,63650
NIFTY-III.NFO,01/07/2024,09:38:13,24348.85,24347,25,24348.85,25,0,63650
NIFTY-III.NFO,01/07/2024,09:38:14,24348.85,24347.05,175,24348.85,25,0,63650
NIFTY-III.NFO,01/07/2024,09:38:16,24348.85,24347,25,24348.85,25,0,63650
NIFTY-III.NFO,01/07/2024,09:38:19,24348.85,24347.05,175,24348.85,25,0,63650
NIFTY-III.NFO,01/07/2024,09:38:20,24348.85,24347.05,100,24348.85,25,0,63650
NIFTY-III.NFO,01/07/2024,09:38:22,24348.85,24347.05,175,24348.85,25,0,63650
NIFTY-III.NFO,01/07/2024,09:38:24,24348.85,24347.05,100,24348.85,25,0,63650
NIFTY-III.NFO,01/07/2024,09:38:25,24347,24343,100,24349.95,100,75,63650
NIFTY-III.NFO,01/07/2024,09:38:27,24349.9,24343,100,24349.95,75,25,63650
NIFTY-III.NFO,01/07/2024,09:38:29,24349.9,24342.45,100,24348.85,100,0,63650
NIFTY-III.NFO,01/07/2024,09:38:30,24349.9,24343.1,100,24348.85,25,0,63650
NIFTY-III.NFO,01/07/2024,09:38:32,24349.9,24345.6,175,24348.85,25,0,63650
NIFTY-III.NFO,01/07/2024,09:38:33,24349.9,24346.3,175,24348.85,25,0,63650
NIFTY-III.NFO,01/07/2024,09:38:35,24348.85,24347.1,175,24350,25,25,63650
NIFTY-III.NFO,01/07/2024,09:38:37,24350,24352.2,75,24357.5,150,25,63650
NIFTY-III.NFO,01/07/2024,09:38:38,24350,24350.8,75,24357.5,150,0,63650
NIFTY-III.NFO,01/07/2024,09:38:40,24350,24349.8,100,24356.8,125,0,63650
NIFTY-III.NFO,01/07/2024,09:38:42,24350,24347.95,100,24356.1,75,0,63650
NIFTY-III.NFO,01/07/2024,09:38:43,24350,24347.95,100,24355.9,325,0,63650
NIFTY-III.NFO,01/07/2024,09:38:45,24350,24347,100,24354.8,75,0,63650
NIFTY-III.NFO,01/07/2024,09:38:47,24350,24347,100,24353.35,325,0,63650
NIFTY-III.NFO,01/07/2024,09:38:48,24350,24347,100,24354.65,250,0,63650
NIFTY-III.NFO,01/07/2024,09:38:50,24350,24347,100,24353.75,325,0,63650
NIFTY-III.NFO,01/07/2024,09:38:51,24350,24345.65,100,24352.75,75,0,63650
NIFTY-III.NFO,01/07/2024,09:38:53,24350,24346.1,100,24354.75,75,0,63650
NIFTY-III.NFO,01/07/2024,09:38:55,24350,24346.1,100,24354.1,75,0,63650
NIFTY-III.NFO,01/07/2024,09:38:56,24350,24350,100,24356.05,200,0,63650
NIFTY-III.NFO,01/07/2024,09:38:58,24350,24351.75,100,24359,75,0,63650
NIFTY-III.NFO,01/07/2024,09:39:00,24350,24354,175,24359.8,75,0,63650
NIFTY-III.NFO,01/07/2024,09:39:01,24350,24353.75,75,24359.95,325,0,63650
NIFTY-III.NFO,01/07/2024,09:39:03,24350,24351.85,75,24358.85,325,0,63650
NIFTY-III.NFO,01/07/2024,09:39:05,24350,24350,100,24356.75,325,0,63650
NIFTY-III.NFO,01/07/2024,09:39:06,24350,24352,25,24355.15,250,0,63650
NIFTY-III.NFO,01/07/2024,09:39:08,24350,24352,25,24354.65,50,0,63650
NIFTY-III.NFO,01/07/2024,09:39:10,24350,24352,25,24354.9,325,0,63650
NIFTY-III.NFO,01/07/2024,09:39:11,24350,24352,25,24355.5,250,0,63650
NIFTY-III.NFO,01/07/2024,09:39:13,24350,24352,25,24356.35,200,0,63650
NIFTY-III.NFO,01/07/2024,09:39:15,24350,24352,25,24354.75,125,0,63650
NIFTY-III.NFO,01/07/2024,09:39:16,24350,24352,25,24354.75,75,0,63650
NIFTY-III.NFO,01/07/2024,09:39:18,24350,24352,25,24354.7,125,0,63650
NIFTY-III.NFO,01/07/2024,09:39:19,24350,24352,25,24354.65,125,0,63650
NIFTY-III.NFO,01/07/2024,09:39:21,24350,24352,25,24354.9,325,0,63650
NIFTY-III.NFO,01/07/2024,09:39:23,24354.9,24347.15,100,24354.55,75,25,63650
NIFTY-III.NFO,01/07/2024,09:39:24,24354.9,24347.15,150,24354.55,75,0,63650
NIFTY-III.NFO,01/07/2024,09:39:26,24354.9,24347.85,100,24355.8,75,0,63650
NIFTY-III.NFO,01/07/2024,09:39:29,24354.9,24355.7,150,24360,200,0,63650
NIFTY-III.NFO,01/07/2024,09:39:31,24354.9,24356.2,175,24360,200,0,63650
NIFTY-III.NFO,01/07/2024,09:39:32,24354.9,24355.8,75,24360,200,0,63650
NIFTY-III.NFO,01/07/2024,09:39:34,24354.9,24355.45,75,24360,275,0,63650
NIFTY-III.NFO,01/07/2024,09:39:36,24354.9,24355,25,24358.3,325,0,63650
NIFTY-III.NFO,01/07/2024,09:39:37,24354.9,24355,25,24358.2,200,0,63650
NIFTY-III.NFO,01/07/2024,09:39:39,24354.9,24355,25,24358.2,250,0,63650
NIFTY-III.NFO,01/07/2024,09:39:41,24354.9,24355,25,24359.75,125,0,63650
NIFTY-III.NFO,01/07/2024,09:39:42,24354.9,24355,25,24359.45,200,0,63650
NIFTY-III.NFO,01/07/2024,09:39:44,24354.9,24355,25,24359.5,125,0,63650
NIFTY-III.NFO,01/07/2024,09:39:46,24354.9,24355,25,24359.4,125,0,63650
NIFTY-III.NFO,01/07/2024,09:39:49,24354.9,24355,25,24358.4,50,0,63650
NIFTY-III.NFO,01/07/2024,09:39:51,24354.9,24355,25,24358.9,250,0,63650
NIFTY-III.NFO,01/07/2024,09:39:52,24358.9,24354.9,25,24359,125,25,63875
NIFTY-III.NFO,01/07/2024,09:39:54,24358.9,24354.9,25,24359.5,200,0,63875
NIFTY-III.NFO,01/07/2024,09:39:56,24358.9,24354.95,175,24359.5,125,0,63875
NIFTY-III.NFO,01/07/2024,09:39:57,24358.9,24354.95,175,24360,275,0,63875
NIFTY-III.NFO,01/07/2024,09:39:59,24358.9,24354.95,175,24360,200,0,63875
NIFTY-III.NFO,01/07/2024,09:40:09,24358.9,24357.45,100,24360,200,0,63875
NIFTY-III.NFO,01/07/2024,09:40:11,24358.9,24357.65,100,24360,200,0,63875
NIFTY-III.NFO,01/07/2024,09:40:12,24358.9,24357.75,225,24360,200,0,63875
NIFTY-III.NFO,01/07/2024,09:40:14,24358.9,24358.15,100,24360,200,0,63875
NIFTY-III.NFO,01/07/2024,09:40:15,24358.9,24358,100,24360,200,0,63875
NIFTY-III.NFO,01/07/2024,09:40:17,24362,24361.7,100,24364.75,25,225,63875
NIFTY-III.NFO,01/07/2024,09:40:19,24362,24360.05,100,24364.7,100,0,63875
NIFTY-III.NFO,01/07/2024,09:40:20,24362,24360.05,175,24364.75,25,0,63875
NIFTY-III.NFO,01/07/2024,09:40:22,24362,24360,25,24364.7,100,0,63875
NIFTY-III.NFO,01/07/2024,09:40:24,24362,24360,25,24364.1,100,0,63875
NIFTY-III.NFO,01/07/2024,09:40:25,24362,24360,25,24361.25,100,0,63875
NIFTY-III.NFO,01/07/2024,09:40:27,24360,24354.95,100,24360.2,25,25,63875
NIFTY-III.NFO,01/07/2024,09:40:29,24360,24357.35,100,24363.7,25,0,63875
NIFTY-III.NFO,01/07/2024,09:40:30,24360,24357.5,100,24364.7,75,0,63875
NIFTY-III.NFO,01/07/2024,09:40:32,24360,24359.25,100,24364.7,100,0,63875
NIFTY-III.NFO,01/07/2024,09:40:34,24360,24360,25,24364.7,100,0,63875
NIFTY-III.NFO,01/07/2024,09:40:37,24360,24360,25,24364.6,25,0,63875
NIFTY-III.NFO,01/07/2024,09:40:39,24360,24358.7,100,24364.6,100,25,63875
NIFTY-III.NFO,01/07/2024,09:40:40,24360,24358.7,100,24364.6,100,0,63875
NIFTY-III.NFO,01/07/2024,09:40:42,24360,24358.7,100,24364.7,100,0,63875
NIFTY-III.NFO,01/07/2024,09:40:45,24360,24357.5,100,24364.7,100,0,63875
NIFTY-III.NFO,01/07/2024,09:40:47,24360,24357.7,100,24364.7,100,0,63875
NIFTY-III.NFO,01/07/2024,09:40:49,24360,24357.7,100,24364.65,25,0,63875
NIFTY-III.NFO,01/07/2024,09:40:50,24364.65,24359,100,24364.75,100,25,63875
NIFTY-III.NFO,01/07/2024,09:40:52,24364.65,24361.6,175,24364.75,25,0,63875
NIFTY-III.NFO,01/07/2024,09:40:54,24364.65,24361.5,100,24364.75,25,0,63875
NIFTY-III.NFO,01/07/2024,09:40:55,24361.8,24361.5,175,24364.75,25,125,63875
NIFTY-III.NFO,01/07/2024,09:40:57,24361.8,24359.9,100,24364.75,25,0,63875
NIFTY-III.NFO,01/07/2024,09:40:59,24361.8,24360.2,100,24364.75,25,0,63875
NIFTY-III.NFO,01/07/2024,09:41:00,24361.8,24362.6,100,24364.75,25,0,63875
NIFTY-III.NFO,01/07/2024,09:41:02,24362.3,24362.8,75,24364.75,25,25,63875
NIFTY-III.NFO,01/07/2024,09:41:03,24362.3,24361.85,150,24364.75,25,0,63875
NIFTY-III.NFO,01/07/2024,09:41:05,24362.3,24362.35,150,24364.75,25,0,63875
NIFTY-III.NFO,01/07/2024,09:41:07,24364.75,24364.25,150,24370,25,25,63875
NIFTY-III.NFO,01/07/2024,09:41:08,24364.75,24366.3,150,24370,25,0,63875
NIFTY-III.NFO,01/07/2024,09:41:10,24370,24369.5,150,24375,25,25,63875
NIFTY-III.NFO,01/07/2024,09:41:12,24370,24366.35,75,24372.3,100,0,63875
NIFTY-III.NFO,01/07/2024,09:41:13,24370,24366.55,75,24373.3,100,0,63875
NIFTY-III.NFO,01/07/2024,09:41:15,24370,24366.75,75,24373.3,100,0,63875
NIFTY-III.NFO,01/07/2024,09:41:17,24370,24367.55,75,24374.05,175,0,63875
NIFTY-III.NFO,01/07/2024,09:41:18,24370,24368.25,75,24375,100,0,63875
NIFTY-III.NFO,01/07/2024,09:41:20,24370,24370.05,75,24375,25,0,63875
NIFTY-III.NFO,01/07/2024,09:41:22,24375,24372.5,75,24377,25,25,63875
NIFTY-III.NFO,01/07/2024,09:41:23,24375,24371.85,150,24377,25,0,63875
NIFTY-III.NFO,01/07/2024,09:41:25,24375,24370.55,150,24376.5,175,0,63875
NIFTY-III.NFO,01/07/2024,09:41:26,24375,24370.05,75,24375,150,0,63875
NIFTY-III.NFO,01/07/2024,09:41:30,24375,24370,25,24374.95,100,0,63875
NIFTY-III.NFO,01/07/2024,09:41:31,24375,24370.05,150,24375,75,0,63875
NIFTY-III.NFO,01/07/2024,09:41:33,24375,24370.55,150,24375,75,0,63875
NIFTY-III.NFO,01/07/2024,09:41:34,24375,24370.05,75,24375,150,0,63875
NIFTY-III.NFO,01/07/2024,09:41:36,24375,24371.05,150,24375,75,0,63875
NIFTY-III.NFO,01/07/2024,09:41:38,24375,24370.25,150,24375,75,0,63875
NIFTY-III.NFO,01/07/2024,09:41:39,24370.05,24370.05,100,24375,75,50,63875
NIFTY-III.NFO,01/07/2024,09:41:41,24375,24371.85,25,24375,50,25,63875
NIFTY-III.NFO,01/07/2024,09:41:43,24375,24371.9,100,24375,50,0,63875
NIFTY-III.NFO,01/07/2024,09:41:46,24375,24373.85,25,24375,50,0,63875
NIFTY-III.NFO,01/07/2024,09:41:47,24375,24375.95,25,24377,25,50,63875
NIFTY-III.NFO,01/07/2024,09:41:49,24377,24377.55,50,24378,25,25,63875
NIFTY-III.NFO,01/07/2024,09:41:51,24377,24375.05,25,24378,25,0,63875
NIFTY-III.NFO,01/07/2024,09:41:52,24377,24375.5,25,24378,25,0,63875
NIFTY-III.NFO,01/07/2024,09:41:54,24377,24375.75,25,24378,25,0,63875
NIFTY-III.NFO,01/07/2024,09:41:56,24377,24375.05,25,24378,25,0,63875
NIFTY-III.NFO,01/07/2024,09:41:57,24377,24375,25,24377.95,100,0,63875
NIFTY-III.NFO,01/07/2024,09:41:59,24377,24375,25,24378,25,0,63875
NIFTY-III.NFO,01/07/2024,09:42:00,24377,24375.05,100,24378,25,0,63875
NIFTY-III.NFO,01/07/2024,09:42:02,24377,24377,25,24378,25,0,63875
NIFTY-III.NFO,01/07/2024,09:42:07,24377,24372.5,100,24377.95,175,25,63875
NIFTY-III.NFO,01/07/2024,09:42:09,24377,24372.6,100,24377.95,175,0,63875
NIFTY-III.NFO,01/07/2024,09:42:10,24377,24371.15,100,24377.95,175,0,63875
NIFTY-III.NFO,01/07/2024,09:42:12,24377,24371.65,25,24377.5,100,0,63875
NIFTY-III.NFO,01/07/2024,09:42:13,24377,24372.45,100,24377.95,100,0,63875
NIFTY-III.NFO,01/07/2024,09:42:15,24378.4,24374.9,50,24377,100,50,63875
NIFTY-III.NFO,01/07/2024,09:42:17,24377,24375.15,50,24377,50,50,63875
NIFTY-III.NFO,01/07/2024,09:42:18,24377,24375.15,125,24380,175,50,63875
NIFTY-III.NFO,01/07/2024,09:42:20,24377,24375.15,125,24380,175,0,63875
NIFTY-III.NFO,01/07/2024,09:42:22,24377,24374.45,50,24379.95,175,0,63875
NIFTY-III.NFO,01/07/2024,09:42:23,24377,24373.15,50,24379.95,175,0,63875
NIFTY-III.NFO,01/07/2024,09:42:25,24377,24374.5,125,24379.95,175,0,63875
NIFTY-III.NFO,01/07/2024,09:42:27,24377,24377,25,24379.95,175,0,63875
NIFTY-III.NFO,01/07/2024,09:42:30,24377,24377,25,24380,175,0,63875
NIFTY-III.NFO,01/07/2024,09:42:31,24377,24377.05,100,24380,175,0,63875
NIFTY-III.NFO,01/07/2024,09:42:33,24380,24379.95,75,24380,75,100,64000
NIFTY-III.NFO,01/07/2024,09:42:35,24380,24379.95,75,24380,75,0,64000
NIFTY-III.NFO,01/07/2024,09:42:36,24380,24377.8,75,24380,50,25,64000
NIFTY-III.NFO,01/07/2024,09:42:38,24380,24377.4,150,24380,50,0,64000
NIFTY-III.NFO,01/07/2024,09:42:40,24380,24377.2,75,24380,50,0,64000
NIFTY-III.NFO,01/07/2024,09:42:41,24380,24379.45,50,24380,50,0,64000
NIFTY-III.NFO,01/07/2024,09:42:43,24380,24377,175,24380,50,0,64000
NIFTY-III.NFO,01/07/2024,09:42:45,24380,24379.25,50,24380,50,0,64000
NIFTY-III.NFO,01/07/2024,09:42:46,24380,24379.4,50,24380,50,0,64000
NIFTY-III.NFO,01/07/2024,09:42:48,24380,24380,100,24387.25,100,75,64000
NIFTY-III.NFO,01/07/2024,09:42:50,24380,24380.2,75,24385.2,75,0,64000
NIFTY-III.NFO,01/07/2024,09:42:51,24387.25,24380.2,75,24387.25,100,25,64000
NIFTY-III.NFO,01/07/2024,09:42:53,24387.25,24380.05,25,24387.25,100,0,64000
NIFTY-III.NFO,01/07/2024,09:42:55,24387.25,24380,125,24387.25,100,0,64000
NIFTY-III.NFO,01/07/2024,09:42:56,24387.25,24380.05,25,24387.25,100,0,64000
NIFTY-III.NFO,01/07/2024,09:42:58,24387.25,24380.55,25,24387.25,100,0,64000
NIFTY-III.NFO,01/07/2024,09:43:00,24387.25,24383.95,25,24389.95,100,0,64000
NIFTY-III.NFO,01/07/2024,09:43:01,24389.8,24385.85,50,24389.05,75,25,64000
NIFTY-III.NFO,01/07/2024,09:43:01,24389.8,24385.85,50,24389.05,75,0,64000
NIFTY-III.NFO,01/07/2024,09:43:03,24389.8,24383.4,75,24389.95,175,0,64000
NIFTY-III.NFO,01/07/2024,09:43:05,24389.8,24383.4,75,24389.9,100,0,64000
NIFTY-III.NFO,01/07/2024,09:43:10,24389.9,24381.85,75,24389.9,100,50,64000
NIFTY-III.NFO,01/07/2024,09:43:10,24389.9,24381.85,75,24389.9,100,0,64000
NIFTY-III.NFO,01/07/2024,09:43:11,24389.9,24383,125,24389.9,100,0,64000
NIFTY-III.NFO,01/07/2024,09:43:13,24389.9,24383.75,75,24389.95,175,0,64000
NIFTY-III.NFO,01/07/2024,09:43:15,24383.75,24383.75,50,24389.95,175,25,64000
NIFTY-III.NFO,01/07/2024,09:43:17,24383.75,24383.75,50,24389.95,175,0,64000
NIFTY-III.NFO,01/07/2024,09:43:24,24383.75,24384.75,75,24389.95,100,0,64000
NIFTY-III.NFO,01/07/2024,09:43:30,24383.75,24385.2,125,24389.95,100,0,64000
NIFTY-III.NFO,01/07/2024,09:43:32,24383.75,24386.15,125,24390,125,0,64000
NIFTY-III.NFO,01/07/2024,09:43:34,24383.75,24387.05,125,24390,125,0,64000
NIFTY-III.NFO,01/07/2024,09:43:35,24383.75,24387.05,50,24390,125,0,64000
NIFTY-III.NFO,01/07/2024,09:43:37,24383.75,24387.1,125,24390,125,0,64000
NIFTY-III.NFO,01/07/2024,09:43:39,24386.85,24386.75,50,24390,125,100,64000
NIFTY-III.NFO,01/07/2024,09:43:40,24390,24387.55,125,24390,100,25,64000
NIFTY-III.NFO,01/07/2024,09:43:40,24390,24387.55,125,24390,100,0,64000
NIFTY-III.NFO,01/07/2024,09:43:42,24390,24385.05,100,24389.95,100,0,64000
NIFTY-III.NFO,01/07/2024,09:43:44,24390,24385.4,75,24389.95,100,0,64000
NIFTY-III.NFO,01/07/2024,09:43:45,24390,24385,25,24389.95,175,0,64000
NIFTY-III.NFO,01/07/2024,09:43:49,24390,24385.2,100,24389.95,100,0,64000
NIFTY-III.NFO,01/07/2024,09:43:50,24389.95,24385.05,125,24389.95,100,25,64000
NIFTY-III.NFO,01/07/2024,09:43:52,24389.95,24387,25,24389.95,100,0,64000
NIFTY-III.NFO,01/07/2024,09:44:00,24389.95,24387,25,24388,25,0,64000
NIFTY-III.NFO,01/07/2024,09:44:02,24387,24383.75,25,24387.95,175,25,64000
NIFTY-III.NFO,01/07/2024,09:44:04,24387,24383.75,25,24387.95,175,0,64000
NIFTY-III.NFO,01/07/2024,09:44:09,24387,24383.75,25,24385,25,0,64000
NIFTY-III.NFO,01/07/2024,09:44:10,24387,24383.75,25,24384.95,100,0,64000
NIFTY-III.NFO,01/07/2024,09:44:12,24385,24383.75,25,24385,150,25,64000
NIFTY-III.NFO,01/07/2024,09:44:14,24385,24383.75,25,24385,150,0,64000
NIFTY-III.NFO,01/07/2024,09:44:15,24385,24383.75,25,24385,175,0,64000
NIFTY-III.NFO,01/07/2024,09:44:17,24383.75,24381.85,50,24385,175,25,64000
NIFTY-III.NFO,01/07/2024,09:44:18,24383.75,24381.85,50,24385,375,0,64000
NIFTY-III.NFO,01/07/2024,09:44:20,24383.75,24381.9,50,24385,1975,0,64000
NIFTY-III.NFO,01/07/2024,09:44:22,24383.75,24382.6,50,24385,1975,0,64000
NIFTY-III.NFO,01/07/2024,09:44:23,24383.75,24384.6,50,24385,1975,0,64000
NIFTY-III.NFO,01/07/2024,09:44:25,24385,24380.25,125,24385,1925,50,64000
NIFTY-III.NFO,01/07/2024,09:44:27,24385,24381.1,50,24385,1925,0,64000
NIFTY-III.NFO,01/07/2024,09:44:28,24385,24381.1,125,24385,125,0,64000
NIFTY-III.NFO,01/07/2024,09:44:30,24385,24381.05,125,24385,150,0,64000
NIFTY-III.NFO,01/07/2024,09:44:32,24385,24382.15,50,24385,150,0,64000
NIFTY-III.NFO,01/07/2024,09:44:35,24385,24383.2,50,24385,150,0,64000
NIFTY-III.NFO,01/07/2024,09:44:37,24385,24384.05,50,24385,150,0,64000
NIFTY-III.NFO,01/07/2024,09:44:38,24385,24384.05,125,24385,150,0,64000
NIFTY-III.NFO,01/07/2024,09:44:40,24384.05,24383.6,25,24385,150,25,64000
NIFTY-III.NFO,01/07/2024,09:44:42,24384.05,24383.65,25,24385,150,0,64000
NIFTY-III.NFO,01/07/2024,09:44:45,24384.05,24383.15,25,24385,150,0,64000
NIFTY-III.NFO,01/07/2024,09:44:47,24385,24385.5,25,24387,25,150,64000
NIFTY-III.NFO,01/07/2024,09:44:48,24385,24385.5,100,24387,25,0,64000
NIFTY-III.NFO,01/07/2024,09:44:50,24385.5,24385.5,75,24387,25,25,64000
NIFTY-III.NFO,01/07/2024,09:44:52,24385.5,24384.7,100,24387,25,0,64000
NIFTY-III.NFO,01/07/2024,09:44:53,24385.5,24385.75,25,24387,25,0,64000
NIFTY-III.NFO,01/07/2024,09:45:00,24385.5,24385.5,25,24387,25,0,64000
NIFTY-III.NFO,01/07/2024,09:45:03,24385.5,24385.55,25,24387,25,0,64000
NIFTY-III.NFO,01/07/2024,09:45:05,24385.5,24385.5,25,24387,25,0,64000
NIFTY-III.NFO,01/07/2024,09:45:07,24385.5,24385.5,25,24386.95,100,0,64000
NIFTY-III.NFO,01/07/2024,09:45:10,24385.5,24385.5,25,24387,25,0,64000
NIFTY-III.NFO,01/07/2024,09:45:15,24385.5,24385.9,25,24387,25,0,64000
NIFTY-III.NFO,01/07/2024,09:45:18,24385.5,24385.5,25,24387,25,0,64000
NIFTY-III.NFO,01/07/2024,09:45:22,24385.5,24385.5,25,24386.95,100,0,64000
NIFTY-III.NFO,01/07/2024,09:45:23,24385.5,24383,25,24385.9,100,25,64000
NIFTY-III.NFO,01/07/2024,09:45:25,24385.5,24383,25,24386.75,100,0,64000
NIFTY-III.NFO,01/07/2024,09:45:27,24385.5,24383,25,24386.3,100,0,64000
NIFTY-III.NFO,01/07/2024,09:45:28,24385.5,24383,25,24386.95,100,0,64000
NIFTY-III.NFO,01/07/2024,09:45:30,24385.5,24383,25,24386.95,175,0,64000
NIFTY-III.NFO,01/07/2024,09:45:32,24385.5,24383.05,100,24387,25,0,64000
NIFTY-III.NFO,01/07/2024,09:45:33,24385.5,24383.05,25,24387,25,25,64275
NIFTY-III.NFO,01/07/2024,09:45:35,24385.5,24383.05,25,24387,25,0,64275
NIFTY-III.NFO,01/07/2024,09:45:37,24385.5,24383.05,50,24387,25,0,64275
NIFTY-III.NFO,01/07/2024,09:45:39,24385.5,24383,25,24386.95,175,0,64275
NIFTY-III.NFO,01/07/2024,09:45:40,24385.5,24383,25,24386.95,100,0,64275
NIFTY-III.NFO,01/07/2024,09:45:42,24385.5,24383.15,100,24385.5,25,0,64275
NIFTY-III.NFO,01/07/2024,09:45:44,24387,24383.3,100,24387.95,100,50,64275
NIFTY-III.NFO,01/07/2024,09:45:45,24387,24383.3,100,24388,25,0,64275
NIFTY-III.NFO,01/07/2024,09:45:47,24387,24383.05,25,24387.95,100,0,64275
NIFTY-III.NFO,01/07/2024,09:45:49,24387,24383.05,100,24387.95,175,0,64275
NIFTY-III.NFO,01/07/2024,09:45:50,24383.05,24383,25,24387.95,175,50,64275
NIFTY-III.NFO,01/07/2024,09:45:52,24383.05,24383,100,24387.75,100,0,64275
NIFTY-III.NFO,01/07/2024,09:45:54,24383.05,24383,100,24387.95,100,0,64275
NIFTY-III.NFO,01/07/2024,09:46:00,24383,24383,50,24388,25,50,64275
NIFTY-III.NFO,01/07/2024,09:46:02,24383,24384.1,100,24388,25,0,64275
NIFTY-III.NFO,01/07/2024,09:46:04,24383,24381.5,75,24387.95,175,0,64275
NIFTY-III.NFO,01/07/2024,09:46:05,24383,24380.15,75,24387.95,175,0,64275
NIFTY-III.NFO,01/07/2024,09:46:07,24383,24380,100,24386.7,100,0,64275
NIFTY-III.NFO,01/07/2024,09:46:10,24383,24381.2,100,24387.45,100,0,64275
NIFTY-III.NFO,01/07/2024,09:46:12,24383,24381.25,25,24387.45,100,0,64275
NIFTY-III.NFO,01/07/2024,09:46:14,24381.2,24381.2,50,24387.95,175,50,64275
NIFTY-III.NFO,01/07/2024,09:46:15,24381.2,24381.2,50,24387.95,175,0,64275
NIFTY-III.NFO,01/07/2024,09:46:16,24381.2,24381.5,325,24387.95,175,0,64275
NIFTY-III.NFO,01/07/2024,09:46:18,24381.5,24381.5,300,24387.95,175,25,64275
NIFTY-III.NFO,01/07/2024,09:46:20,24381.5,24381.5,75,24387.95,175,0,64275
NIFTY-III.NFO,01/07/2024,09:46:21,24381.5,24381.2,100,24387.95,175,0,64275
NIFTY-III.NFO,01/07/2024,09:46:28,24381.5,24381.2,25,24381.5,75,0,64275
NIFTY-III.NFO,01/07/2024,09:46:31,24381.5,24380,25,24381.5,50,25,64275
NIFTY-III.NFO,01/07/2024,09:46:33,24381.5,24380,25,24381.45,100,0,64275
NIFTY-III.NFO,01/07/2024,09:46:34,24380,24373.6,150,24379.85,100,25,64275
NIFTY-III.NFO,01/07/2024,09:46:36,24379.4,24371.5,25,24378.45,100,25,64275
NIFTY-III.NFO,01/07/2024,09:46:37,24379.4,24373,25,24379.45,175,0,64275
NIFTY-III.NFO,01/07/2024,09:46:39,24379.4,24374.9,25,24381.45,175,0,64275
NIFTY-III.NFO,01/07/2024,09:46:41,24379.4,24374.2,25,24381.3,250,0,64275
NIFTY-III.NFO,01/07/2024,09:46:42,24379.4,24374.2,25,24381.3,175,0,64275
NIFTY-III.NFO,01/07/2024,09:46:44,24379.4,24373.15,25,24380.25,100,0,64275
NIFTY-III.NFO,01/07/2024,09:46:46,24379.4,24373.15,25,24379.4,175,0,64275
NIFTY-III.NFO,01/07/2024,09:46:47,24379.4,24370.75,25,24377.95,100,0,64275
NIFTY-III.NFO,01/07/2024,09:46:49,24377.95,24371.45,75,24377.95,100,50,64275
NIFTY-III.NFO,01/07/2024,09:46:50,24377.95,24372.15,150,24377.7,175,0,64275
NIFTY-III.NFO,01/07/2024,09:46:52,24377.95,24372.5,75,24379.5,100,0,64275
NIFTY-III.NFO,01/07/2024,09:46:54,24377.95,24373.1,75,24377.45,50,0,64275
NIFTY-III.NFO,01/07/2024,09:46:55,24377.95,24373,150,24377.45,50,0,64275
NIFTY-III.NFO,01/07/2024,09:46:57,24377.95,24372.4,150,24377.45,125,0,64275
NIFTY-III.NFO,01/07/2024,09:46:59,24377.95,24373.15,150,24377.45,50,0,64275
NIFTY-III.NFO,01/07/2024,09:47:00,24377.95,24372.5,75,24377.45,125,0,64275
NIFTY-III.NFO,01/07/2024,09:47:02,24377.95,24371,150,24377.4,100,0,64275
NIFTY-III.NFO,01/07/2024,09:47:03,24377.95,24371.1,150,24377.4,100,0,64275
NIFTY-III.NFO,01/07/2024,09:47:05,24371.1,24370.15,50,24377.4,100,25,64275
NIFTY-III.NFO,01/07/2024,09:47:07,24371.1,24370.6,50,24377.4,100,0,64275
NIFTY-III.NFO,01/07/2024,09:47:10,24371.1,24371.4,50,24377.45,50,0,64275
NIFTY-III.NFO,01/07/2024,09:47:12,24371.1,24373.75,125,24377.45,50,0,64275
NIFTY-III.NFO,01/07/2024,09:47:13,24371.1,24374.45,125,24375,1500,0,64275
NIFTY-III.NFO,01/07/2024,09:47:16,24371.1,24372.4,50,24375,1500,0,64275
NIFTY-III.NFO,01/07/2024,09:47:19,24371.1,24373.8,225,24375,1500,0,64275
NIFTY-III.NFO,01/07/2024,09:47:21,24371.1,24373,50,24375,1500,0,64275
NIFTY-III.NFO,01/07/2024,09:47:24,24371.1,24373.8,50,24377.45,50,0,64275
NIFTY-III.NFO,01/07/2024,09:47:26,24371.1,24372.3,50,24377.4,175,0,64275
NIFTY-III.NFO,01/07/2024,09:47:27,24371.1,24373.7,50,24377.45,50,0,64275
NIFTY-III.NFO,01/07/2024,09:47:31,24371.1,24374.4,50,24377.45,50,0,64275
NIFTY-III.NFO,01/07/2024,09:47:34,24371.1,24373.75,50,24377.45,50,0,64275
NIFTY-III.NFO,01/07/2024,09:47:36,24371.1,24374.9,125,24377.45,50,0,64275
NIFTY-III.NFO,01/07/2024,09:47:37,24371.1,24376.15,225,24377.45,50,0,64275
NIFTY-III.NFO,01/07/2024,09:47:39,24376.15,24375.95,200,24377.45,50,25,64275
NIFTY-III.NFO,01/07/2024,09:47:41,24376.15,24375.6,200,24377.45,50,0,64275
NIFTY-III.NFO,01/07/2024,09:47:46,24376.15,24376.25,200,24377.45,50,0,64275
NIFTY-III.NFO,01/07/2024,09:47:49,24377.1,24377.15,50,24378,50,50,64275
NIFTY-III.NFO,01/07/2024,09:47:51,24380,24377.35,50,24380,1400,150,64275
NIFTY-III.NFO,01/07/2024,09:47:53,24380,24378.25,125,24380,1400,0,64275
NIFTY-III.NFO,01/07/2024,09:47:54,24380,24378.55,125,24380,1400,0,64275
NIFTY-III.NFO,01/07/2024,09:47:56,24380,24377.35,125,24380,1325,75,64275
NIFTY-III.NFO,01/07/2024,09:47:58,24380,24376.85,125,24380,1325,0,64275
NIFTY-III.NFO,01/07/2024,09:47:59,24380,24376.05,125,24380,1325,0,64275
NIFTY-III.NFO,01/07/2024,09:48:01,24380,24375.3,125,24380,1300,25,64275
NIFTY-III.NFO,01/07/2024,09:48:03,24380,24375.3,125,24380,1300,0,64275
NIFTY-III.NFO,01/07/2024,09:48:06,24380,24373.5,50,24381.15,100,0,64275
NIFTY-III.NFO,01/07/2024,09:48:07,24380,24374.9,125,24381.15,100,0,64275
NIFTY-III.NFO,01/07/2024,09:48:09,24380,24374,50,24381.15,100,0,64275
NIFTY-III.NFO,01/07/2024,09:48:11,24380,24374.85,125,24381.15,100,0,64275
NIFTY-III.NFO,01/07/2024,09:48:16,24380,24373.5,50,24381.15,100,0,64275
NIFTY-III.NFO,01/07/2024,09:48:18,24380,24373.65,125,24381.15,100,0,64275
NIFTY-III.NFO,01/07/2024,09:48:21,24380,24372.4,125,24379.4,100,0,64275
NIFTY-III.NFO,01/07/2024,09:48:22,24380,24371.9,50,24379.4,100,0,64275
NIFTY-III.NFO,01/07/2024,09:48:24,24380,24370.85,125,24378.7,100,0,64275
NIFTY-III.NFO,01/07/2024,09:48:26,24380,24370.95,50,24378.05,100,0,64275
NIFTY-III.NFO,01/07/2024,09:48:29,24380,24370.5,125,24377.3,100,0,64275
NIFTY-III.NFO,01/07/2024,09:48:30,24380,24371.25,125,24377.3,100,0,64275
NIFTY-III.NFO,01/07/2024,09:48:34,24380,24372.25,125,24378.05,100,0,64275
NIFTY-III.NFO,01/07/2024,09:48:35,24380,24372.25,125,24378.7,100,0,64275
NIFTY-III.NFO,01/07/2024,09:48:37,24380,24371.65,125,24378.5,100,0,64275
NIFTY-III.NFO,01/07/2024,09:48:40,24380,24371,125,24377.6,100,0,64275
NIFTY-III.NFO,01/07/2024,09:48:42,24380,24369.9,125,24376.15,175,0,64275
NIFTY-III.NFO,01/07/2024,09:48:43,24380,24371.65,125,24377.3,100,0,64275
NIFTY-III.NFO,01/07/2024,09:48:47,24380,24373.15,125,24379.75,100,0,64275
NIFTY-III.NFO,01/07/2024,09:48:48,24380,24375.3,125,24379.95,100,0,64275
NIFTY-III.NFO,01/07/2024,09:48:50,24380,24375.3,125,24380,1325,0,64275
NIFTY-III.NFO,01/07/2024,09:48:51,24380,24375.3,50,24379.95,175,0,64275
NIFTY-III.NFO,01/07/2024,09:48:53,24380,24375.55,50,24377,25,0,64275
NIFTY-III.NFO,01/07/2024,09:48:55,24380,24374.35,50,24377,25,0,64275
NIFTY-III.NFO,01/07/2024,09:48:58,24380,24373.5,50,24377,25,0,64275
NIFTY-III.NFO,01/07/2024,09:49:01,24380,24371.15,250,24376.95,100,0,64275
NIFTY-III.NFO,01/07/2024,09:49:03,24380,24373.1,50,24377,100,0,64275
NIFTY-III.NFO,01/07/2024,09:49:04,24380,24372.6,50,24376.95,175,0,64275
NIFTY-III.NFO,01/07/2024,09:49:06,24380,24372.55,125,24376.95,175,0,64275
NIFTY-III.NFO,01/07/2024,09:49:07,24380,24372,50,24376.95,175,0,64275
NIFTY-III.NFO,01/07/2024,09:49:11,24380,24370.95,50,24376.95,175,0,64275
NIFTY-III.NFO,01/07/2024,09:49:17,24380,24370.9,125,24376.35,175,0,64275
NIFTY-III.NFO,01/07/2024,09:49:18,24380,24369.1,50,24376.35,175,0,64275
NIFTY-III.NFO,01/07/2024,09:49:20,24380,24369.85,125,24375.75,175,0,64275
NIFTY-III.NFO,01/07/2024,09:49:22,24380,24369.5,200,24375.55,100,0,64275
NIFTY-III.NFO,01/07/2024,09:49:23,24380,24368.35,150,24373.95,175,0,64275
NIFTY-III.NFO,01/07/2024,09:49:25,24380,24368.55,125,24374.35,100,0,64275
NIFTY-III.NFO,01/07/2024,09:49:27,24380,24368.8,150,24374.35,100,0,64275
NIFTY-III.NFO,01/07/2024,09:49:28,24380,24368.95,50,24375.1,100,0,64275
NIFTY-III.NFO,01/07/2024,09:49:30,24380,24369.75,125,24375.7,100,0,64275
NIFTY-III.NFO,01/07/2024,09:49:31,24380,24369.7,125,24373.9,100,0,64275
NIFTY-III.NFO,01/07/2024,09:49:33,24380,24370.5,125,24374.55,75,0,64275
NIFTY-III.NFO,01/07/2024,09:49:35,24380,24369.15,125,24374.6,175,0,64275
NIFTY-III.NFO,01/07/2024,09:49:36,24380,24370.3,125,24374.35,75,0,64275
NIFTY-III.NFO,01/07/2024,09:49:38,24380,24369.65,125,24375.95,100,0,64275
NIFTY-III.NFO,01/07/2024,09:49:41,24380,24369.65,50,24373.8,75,0,64275
NIFTY-III.NFO,01/07/2024,09:49:43,24380,24369.4,75,24374.5,175,0,64275
NIFTY-III.NFO,01/07/2024,09:49:44,24380,24369,50,24373.6,175,0,64275
NIFTY-III.NFO,01/07/2024,09:49:46,24380,24368.95,75,24373.5,175,0,64275
NIFTY-III.NFO,01/07/2024,09:49:48,24380,24369,50,24373.65,175,0,64275
NIFTY-III.NFO,01/07/2024,09:49:49,24380,24369.05,125,24375.2,100,0,64275
NIFTY-III.NFO,01/07/2024,09:49:51,24380,24371.8,50,24376,25,0,64275
NIFTY-III.NFO,01/07/2024,09:49:53,24380,24369.2,50,24375.95,175,0,64275
NIFTY-III.NFO,01/07/2024,09:49:54,24380,24369.05,75,24375.5,100,0,64275
NIFTY-III.NFO,01/07/2024,09:49:56,24380,24367.8,125,24374.4,100,0,64275
NIFTY-III.NFO,01/07/2024,09:49:59,24380,24368.8,125,24374.95,175,0,64275
NIFTY-III.NFO,01/07/2024,09:50:01,24380,24367.75,50,24374,100,0,64275
NIFTY-III.NFO,01/07/2024,09:50:02,24380,24367.75,125,24374,100,0,64275
NIFTY-III.NFO,01/07/2024,09:50:07,24380,24369.4,50,24374,100,0,64275
NIFTY-III.NFO,01/07/2024,09:50:09,24380,24369.4,125,24375,100,0,64275
NIFTY-III.NFO,01/07/2024,09:50:10,24380,24370.35,125,24375,25,0,64275
NIFTY-III.NFO,01/07/2024,09:50:12,24380,24371.55,125,24375,25,0,64275
NIFTY-III.NFO,01/07/2024,09:50:14,24380,24369,50,24375,100,0,64275
NIFTY-III.NFO,01/07/2024,09:50:15,24380,24370.65,50,24375,25,0,64275
NIFTY-III.NFO,01/07/2024,09:50:17,24375.9,24372.45,125,24378.9,100,50,64650
NIFTY-III.NFO,01/07/2024,09:50:18,24375.9,24372.45,125,24379.9,100,0,64650
NIFTY-III.NFO,01/07/2024,09:50:20,24375.9,24373.5,50,24375.9,25,0,64650
NIFTY-III.NFO,01/07/2024,09:50:22,24375.9,24371.45,75,24377.6,100,25,64650
NIFTY-III.NFO,01/07/2024,09:50:23,24375.9,24369.45,50,24375.7,175,0,64650
NIFTY-III.NFO,01/07/2024,09:50:25,24375.9,24367.65,50,24374.3,175,0,64650
NIFTY-III.NFO,01/07/2024,09:50:27,24375.9,24366.15,125,24372.2,100,0,64650
NIFTY-III.NFO,01/07/2024,09:50:28,24375.9,24365.4,50,24371.45,175,0,64650
NIFTY-III.NFO,01/07/2024,09:50:30,24375.9,24365.25,150,24370.25,175,0,64650
NIFTY-III.NFO,01/07/2024,09:50:32,24368.95,24364,75,24368.95,100,200,64650
NIFTY-III.NFO,01/07/2024,09:50:33,24368.95,24364.15,175,24369.2,25,0,64650
NIFTY-III.NFO,01/07/2024,09:50:35,24368.95,24364,75,24369.25,100,0,64650
NIFTY-III.NFO,01/07/2024,09:50:37,24368.95,24364.25,175,24369.85,25,0,64650
NIFTY-III.NFO,01/07/2024,09:50:38,24368.95,24363.6,175,24369.85,25,0,64650
NIFTY-III.NFO,01/07/2024,09:50:40,24368.95,24364.85,100,24368.95,25,0,64650
NIFTY-III.NFO,01/07/2024,09:50:42,24368.95,24368.95,50,24370,50,50,64650
NIFTY-III.NFO,01/07/2024,09:50:43,24368.95,24368.95,50,24370.65,125,0,64650
NIFTY-III.NFO,01/07/2024,09:50:45,24368.95,24369,25,24371.7,150,0,64650
NIFTY-III.NFO,01/07/2024,09:50:47,24368.95,24369.05,25,24372.4,150,0,64650
NIFTY-III.NFO,01/07/2024,09:50:48,24368.95,24369,25,24371.85,150,0,64650
NIFTY-III.NFO,01/07/2024,09:50:50,24368.95,24369.05,25,24371.7,50,0,64650
NIFTY-III.NFO,01/07/2024,09:50:51,24368.95,24369.15,25,24370.65,50,0,64650
NIFTY-III.NFO,01/07/2024,09:50:53,24368.95,24369.2,25,24370.65,50,0,64650
NIFTY-III.NFO,01/07/2024,09:50:55,24368.95,24369.25,25,24372.15,50,0,64650
NIFTY-III.NFO,01/07/2024,09:50:56,24372.15,24369.25,25,24371.15,50,25,64650
NIFTY-III.NFO,01/07/2024,09:50:58,24372.15,24369.3,25,24371.7,50,0,64650
NIFTY-III.NFO,01/07/2024,09:51:00,24372.15,24369.35,25,24372.3,50,0,64650
NIFTY-III.NFO,01/07/2024,09:51:01,24372.15,24369.5,100,24373.5,50,0,64650
NIFTY-III.NFO,01/07/2024,09:51:03,24372.15,24369.65,175,24374.1,50,0,64650
NIFTY-III.NFO,01/07/2024,09:51:05,24372.15,24372.35,175,24379.05,75,0,64650
NIFTY-III.NFO,01/07/2024,09:51:06,24379.2,24373.3,100,24379.3,125,25,64650
NIFTY-III.NFO,01/07/2024,09:51:08,24379.2,24372.6,175,24378.65,125,0,64650
NIFTY-III.NFO,01/07/2024,09:51:10,24376.65,24372.15,100,24378.65,75,50,64650
NIFTY-III.NFO,01/07/2024,09:51:11,24379.8,24372.2,175,24379.8,50,25,64650
NIFTY-III.NFO,01/07/2024,09:51:13,24379.8,24372.2,175,24379.8,25,25,64650
NIFTY-III.NFO,01/07/2024,09:51:16,24379.8,24373.5,100,24380,1475,0,64650
NIFTY-III.NFO,01/07/2024,09:51:17,24380,24373.6,175,24380,1400,75,64650
NIFTY-III.NFO,01/07/2024,09:51:19,24380,24373.9,100,24380,1325,0,64650
NIFTY-III.NFO,01/07/2024,09:51:21,24380,24374.85,100,24380,1325,0,64650
NIFTY-III.NFO,01/07/2024,09:51:24,24380,24376.35,100,24380,1300,25,64650
NIFTY-III.NFO,01/07/2024,09:51:26,24380,24376.35,100,24380,1275,25,64650
NIFTY-III.NFO,01/07/2024,09:51:27,24380,24375.85,250,24380,1275,0,64650
NIFTY-III.NFO,01/07/2024,09:51:29,24380,24374.95,175,24380,1350,0,64650
NIFTY-III.NFO,01/07/2024,09:51:31,24379.9,24372.9,100,24379.9,75,25,64950
NIFTY-III.NFO,01/07/2024,09:51:32,24379.9,24373.9,100,24380,1350,0,64950
NIFTY-III.NFO,01/07/2024,09:51:36,24380,24375.3,100,24380,1250,25,64950
NIFTY-III.NFO,01/07/2024,09:51:37,24380,24374.85,100,24380,1325,0,64950
NIFTY-III.NFO,01/07/2024,09:51:39,24380,24375.85,175,24379,25,0,64950
NIFTY-III.NFO,01/07/2024,09:51:41,24380,24373.9,100,24379,25,0,64950
NIFTY-III.NFO,01/07/2024,09:51:42,24379,24373.05,175,24379,75,25,64950
NIFTY-III.NFO,01/07/2024,09:51:44,24379,24373.55,100,24380,1300,0,64950
NIFTY-III.NFO,01/07/2024,09:51:46,24379,24374.65,100,24380,1300,0,64950
NIFTY-III.NFO,01/07/2024,09:51:47,24380,24374.65,175,24380,1200,25,64950
NIFTY-III.NFO,01/07/2024,09:51:49,24380,24373.25,100,24380,1275,0,64950
NIFTY-III.NFO,01/07/2024,09:51:52,24380,24373.25,100,24380,1250,25,64950
NIFTY-III.NFO,01/07/2024,09:51:54,24380,24374.7,100,24380,1175,0,64950
NIFTY-III.NFO,01/07/2024,09:51:56,24380,24374.05,175,24380,1250,0,64950
NIFTY-III.NFO,01/07/2024,09:51:59,24380,24374.05,75,24380,1250,0,64950
NIFTY-III.NFO,01/07/2024,09:52:01,24380,24374.25,100,24380,1250,0,64950
NIFTY-III.NFO,01/07/2024,09:52:02,24380,24374.6,100,24380,1175,0,64950
NIFTY-III.NFO,01/07/2024,09:52:04,24380,24376.1,100,24379,25,0,64950
NIFTY-III.NFO,01/07/2024,09:52:06,24380,24376.85,175,24379,25,0,64950
NIFTY-III.NFO,01/07/2024,09:52:07,24380,24378.45,125,24379,25,0,64950
NIFTY-III.NFO,01/07/2024,09:52:09,24380,24378.05,75,24379,25,0,64950
NIFTY-III.NFO,01/07/2024,09:52:11,24379,24377.25,100,24380,1150,25,64950
NIFTY-III.NFO,01/07/2024,09:52:12,24379,24376.75,175,24380,1150,0,64950
NIFTY-III.NFO,01/07/2024,09:52:14,24380,24376.85,100,24380,1100,50,64950
NIFTY-III.NFO,01/07/2024,09:52:16,24380,24376.85,100,24380,1100,0,64950
NIFTY-III.NFO,01/07/2024,09:52:17,24380,24376.85,100,24380,1050,50,64950
NIFTY-III.NFO,01/07/2024,09:52:19,24380,24376.05,175,24380,1050,0,64950
NIFTY-III.NFO,01/07/2024,09:52:21,24380,24376.15,100,24380,1050,0,64950
NIFTY-III.NFO,01/07/2024,09:52:22,24380,24374.95,100,24380,1050,0,64950
NIFTY-III.NFO,01/07/2024,09:52:27,24380,24375.05,175,24380,1050,0,64950
NIFTY-III.NFO,01/07/2024,09:52:30,24380,24375.35,175,24380,1050,0,64950
NIFTY-III.NFO,01/07/2024,09:52:32,24380,24375.55,175,24380,1050,0,64950
NIFTY-III.NFO,01/07/2024,09:52:34,24380,24376.6,100,24380,1050,0,64950
NIFTY-III.NFO,01/07/2024,09:52:35,24380,24376.9,100,24380,1050,0,64950
NIFTY-III.NFO,01/07/2024,09:52:37,24380,24378,100,24380,1050,0,64950
NIFTY-III.NFO,01/07/2024,09:52:38,24380,24376.65,175,24380,1050,0,64950
NIFTY-III.NFO,01/07/2024,09:52:40,24380,24376.6,25,24380,1050,0,64950
NIFTY-III.NFO,01/07/2024,09:52:42,24380,24376.65,100,24380,1050,0,64950
NIFTY-III.NFO,01/07/2024,09:52:43,24380,24376.65,175,24380,1050,0,64950
NIFTY-III.NFO,01/07/2024,09:52:45,24380,24376.75,100,24380,1050,0,64950
NIFTY-III.NFO,01/07/2024,09:52:46,24380,24376.85,225,24380,1050,0,64950
NIFTY-III.NFO,01/07/2024,09:52:48,24380,24377.3,175,24380,1050,0,64950
NIFTY-III.NFO,01/07/2024,09:52:49,24380,24377.4,100,24380,775,275,64950
NIFTY-III.NFO,01/07/2024,09:52:51,24380,24378.7,75,24380,575,200,64950
NIFTY-III.NFO,01/07/2024,09:52:53,24380,24378.75,25,24380,575,0,64950
NIFTY-III.NFO,01/07/2024,09:52:54,24380,24378.05,50,24380,575,0,64950
NIFTY-III.NFO,01/07/2024,09:52:56,24380,24378.1,25,24380,575,0,64950
NIFTY-III.NFO,01/07/2024,09:52:57,24380,24378.2,100,24380,575,0,64950
NIFTY-III.NFO,01/07/2024,09:52:59,24380,24378.15,50,24380,575,0,64950
NIFTY-III.NFO,01/07/2024,09:53:00,24380,24379.65,100,24380,575,0,64950
NIFTY-III.NFO,01/07/2024,09:53:02,24379.65,24379.85,75,24380,200,1900,64950
NIFTY-III.NFO,01/07/2024,09:53:04,24380,24378.4,75,24381.5,50,200,64950
NIFTY-III.NFO,01/07/2024,09:53:05,24380,24380,50,24381.5,50,0,64950
NIFTY-III.NFO,01/07/2024,09:53:07,24380,24380,50,24381.45,100,0,64950
NIFTY-III.NFO,01/07/2024,09:53:10,24380,24380,25,24381.45,100,25,64950
NIFTY-III.NFO,01/07/2024,09:53:11,24380,24380,25,24381.45,100,0,64950
NIFTY-III.NFO,01/07/2024,09:53:15,24380,24380,25,24381.5,50,0,64950
NIFTY-III.NFO,01/07/2024,09:53:17,24380,24380,25,24381.45,100,0,64950
NIFTY-III.NFO,01/07/2024,09:53:20,24380,24374.8,75,24379.95,175,25,64950
NIFTY-III.NFO,01/07/2024,09:53:22,24380,24374.8,75,24379.95,175,0,64950
NIFTY-III.NFO,01/07/2024,09:53:23,24380,24374.2,150,24379.95,175,0,64950
NIFTY-III.NFO,01/07/2024,09:53:25,24380,24373.75,150,24379.95,175,0,64950
NIFTY-III.NFO,01/07/2024,09:53:27,24380,24374.8,75,24379.95,175,0,64950
NIFTY-III.NFO,01/07/2024,09:53:28,24380,24374.95,75,24379.95,175,0,64950
NIFTY-III.NFO,01/07/2024,09:53:30,24380,24375,75,24379.3,100,0,64950
NIFTY-III.NFO,01/07/2024,09:53:31,24380,24375.05,75,24380,100,0,64950
NIFTY-III.NFO,01/07/2024,09:53:33,24380,24376,75,24380,25,0,64950
NIFTY-III.NFO,01/07/2024,09:53:35,24380,24375.45,75,24380,100,0,64950
NIFTY-III.NFO,01/07/2024,09:53:36,24380,24374.65,75,24379.95,100,0,64950
NIFTY-III.NFO,01/07/2024,09:53:38,24380,24373.75,150,24379.95,100,0,64950
NIFTY-III.NFO,01/07/2024,09:53:41,24380,24371.45,75,24379.95,100,0,64950
NIFTY-III.NFO,01/07/2024,09:53:45,24380,24373.35,150,24379.05,100,0,64950
NIFTY-III.NFO,01/07/2024,09:53:46,24380,24373.3,75,24379.05,100,0,64950
NIFTY-III.NFO,01/07/2024,09:53:48,24380,24372.9,75,24378.4,100,0,64950
NIFTY-III.NFO,01/07/2024,09:53:49,24380,24373.05,75,24378.4,100,0,64950
NIFTY-III.NFO,01/07/2024,09:53:51,24380,24371.9,75,24377.65,100,0,64950
NIFTY-III.NFO,01/07/2024,09:53:54,24380,24372.05,75,24377.65,100,0,64950
NIFTY-III.NFO,01/07/2024,09:53:56,24380,24372.9,75,24377.65,100,0,64950
NIFTY-III.NFO,01/07/2024,09:53:57,24380,24371.85,75,24377.65,100,0,64950
NIFTY-III.NFO,01/07/2024,09:53:59,24380,24371.8,75,24377.2,100,0,64950
NIFTY-III.NFO,01/07/2024,09:54:01,24380,24371.8,75,24376.5,150,0,64950
NIFTY-III.NFO,01/07/2024,09:54:02,24380,24370.85,150,24376.4,100,0,64950
NIFTY-III.NFO,01/07/2024,09:54:04,24380,24372.15,150,24377.65,100,0,64950
NIFTY-III.NFO,01/07/2024,09:54:07,24380,24371.2,75,24378.25,100,0,64950
NIFTY-III.NFO,01/07/2024,09:54:09,24380,24371.2,75,24377.7,175,0,64950
NIFTY-III.NFO,01/07/2024,09:54:10,24380,24370.3,150,24377.7,175,0,64950
NIFTY-III.NFO,01/07/2024,09:54:13,24380,24370.85,150,24376.3,250,0,64950
NIFTY-III.NFO,01/07/2024,09:54:15,24380,24370.8,75,24376,175,0,64950
NIFTY-III.NFO,01/07/2024,09:54:17,24380,24370.8,150,24376.9,100,0,64950
NIFTY-III.NFO,01/07/2024,09:54:18,24380,24371.55,75,24378.1,100,0,64950
NIFTY-III.NFO,01/07/2024,09:54:20,24380,24371.55,75,24379.05,100,0,64950
NIFTY-III.NFO,01/07/2024,09:54:26,24380,24373.15,75,24379.9,175,0,64950
NIFTY-III.NFO,01/07/2024,09:54:31,24380,24374.1,75,24379.95,100,0,64950
NIFTY-III.NFO,01/07/2024,09:54:33,24380,24374.1,75,24379.9,175,0,64950
NIFTY-III.NFO,01/07/2024,09:54:36,24380,24373.15,75,24379.9,175,0,64950
NIFTY-III.NFO,01/07/2024,09:54:38,24380,24374.2,150,24379.9,175,0,64950
NIFTY-III.NFO,01/07/2024,09:54:40,24380,24373.25,150,24379.9,175,0,64950
NIFTY-III.NFO,01/07/2024,09:54:43,24380,24373.25,150,24379.8,100,0,64950
NIFTY-III.NFO,01/07/2024,09:54:46,24380,24372.05,150,24379.8,100,0,64950
NIFTY-III.NFO,01/07/2024,09:54:48,24380,24373,75,24379.8,100,0,64950
NIFTY-III.NFO,01/07/2024,09:54:53,24380,24372.1,75,24379.7,100,0,64950
NIFTY-III.NFO,01/07/2024,09:54:54,24379.7,24372.65,100,24379.7,100,25,67200
NIFTY-III.NFO,01/07/2024,09:54:56,24379.7,24372.65,100,24379.7,100,0,67200
NIFTY-III.NFO,01/07/2024,09:54:58,24379.7,24372.65,100,24379.7,25,75,67200
NIFTY-III.NFO,01/07/2024,09:54:59,24379.7,24372.65,100,24379.7,25,0,67200
NIFTY-III.NFO,01/07/2024,09:55:02,24379.7,24372.9,100,24379.7,25,0,67200
NIFTY-III.NFO,01/07/2024,09:55:04,24379.7,24372.1,100,24379.7,25,0,67200
NIFTY-III.NFO,01/07/2024,09:55:09,24379.7,24372.1,100,24379.6,75,0,67200
NIFTY-III.NFO,01/07/2024,09:55:11,24379.7,24373.1,100,24379.65,25,0,67200
NIFTY-III.NFO,01/07/2024,09:55:12,24379.7,24376,175,24379.65,25,0,67200
NIFTY-III.NFO,01/07/2024,09:55:14,24379.7,24373.45,100,24379.6,100,0,67200
NIFTY-III.NFO,01/07/2024,09:55:16,24379.7,24373.1,100,24379.6,100,0,67200
NIFTY-III.NFO,01/07/2024,09:55:18,24379.7,24374.15,175,24379.6,25,0,67200
NIFTY-III.NFO,01/07/2024,09:55:21,24379.7,24374.15,175,24379.6,100,0,67200
NIFTY-III.NFO,01/07/2024,09:55:23,24379.7,24373.55,175,24379.6,100,0,67200
NIFTY-III.NFO,01/07/2024,09:55:25,24379.7,24373.1,100,24379.6,100,0,67200
NIFTY-III.NFO,01/07/2024,09:55:28,24379.7,24373.1,100,24379.65,25,0,67200
NIFTY-III.NFO,01/07/2024,09:55:30,24379.7,24375.45,175,24379.65,25,0,67200
NIFTY-III.NFO,01/07/2024,09:55:33,24379.7,24374.2,175,24379.6,100,0,67200
NIFTY-III.NFO,01/07/2024,09:55:35,24379.7,24373.1,225,24379.6,100,0,67200
NIFTY-III.NFO,01/07/2024,09:55:36,24379.7,24373.95,175,24379.6,100,0,67200
NIFTY-III.NFO,01/07/2024,09:55:38,24379.7,24373.1,100,24379.6,100,0,67200
NIFTY-III.NFO,01/07/2024,09:55:48,24379.7,24372.4,100,24376,25,0,67200
NIFTY-III.NFO,01/07/2024,09:55:51,24379.7,24373.45,100,24376,25,0,67200
NIFTY-III.NFO,01/07/2024,09:55:53,24379.7,24373.6,100,24376,25,0,67200
NIFTY-III.NFO,01/07/2024,09:55:54,24379.7,24374.35,100,24376,25,0,67200
NIFTY-III.NFO,01/07/2024,09:55:56,24379.7,24374.8,100,24376,25,0,67200
NIFTY-III.NFO,01/07/2024,09:55:58,24379.7,24374.3,125,24376,25,0,67200
NIFTY-III.NFO,01/07/2024,09:55:59,24379.7,24373.7,125,24376,25,0,67200
NIFTY-III.NFO,01/07/2024,09:56:01,24379.7,24373.75,100,24376,25,0,67200
NIFTY-III.NFO,01/07/2024,09:56:03,24379.7,24373.85,100,24376,25,0,67200
NIFTY-III.NFO,01/07/2024,09:56:04,24379.7,24374.4,100,24376,25,0,67200
NIFTY-III.NFO,01/07/2024,09:56:06,24379.7,24375,125,24376,25,0,67200
NIFTY-III.NFO,01/07/2024,09:56:08,24379.7,24375.05,100,24376,25,0,67200
NIFTY-III.NFO,01/07/2024,09:56:09,24379.7,24374.4,100,24376,25,0,67200
NIFTY-III.NFO,01/07/2024,09:56:11,24379.7,24374.4,100,24375,25,0,67200
NIFTY-III.NFO,01/07/2024,09:56:16,24379.7,24373.65,100,24375,25,0,67200
NIFTY-III.NFO,01/07/2024,09:56:17,24374.1,24374.05,125,24375,25,25,67200
NIFTY-III.NFO,01/07/2024,09:56:19,24374.1,24373.35,100,24375,25,0,67200
NIFTY-III.NFO,01/07/2024,09:56:21,24374.1,24372.15,225,24375,25,0,67200
NIFTY-III.NFO,01/07/2024,09:56:22,24374.1,24372.95,100,24375,25,0,67200
NIFTY-III.NFO,01/07/2024,09:56:24,24374.1,24372.3,100,24375,25,0,67200
NIFTY-III.NFO,01/07/2024,09:56:26,24374.1,24372.9,100,24375,25,0,67200
NIFTY-III.NFO,01/07/2024,09:56:27,24374.1,24371.3,125,24375,25,0,67200
NIFTY-III.NFO,01/07/2024,09:56:29,24374.1,24370.7,100,24375,25,0,67200
NIFTY-III.NFO,01/07/2024,09:56:32,24374.1,24371.3,100,24375,25,0,67200
NIFTY-III.NFO,01/07/2024,09:56:34,24374.1,24370.8,100,24375,25,0,67200
NIFTY-III.NFO,01/07/2024,09:56:36,24374.1,24371.55,100,24375,25,0,67200
NIFTY-III.NFO,01/07/2024,09:56:37,24374.1,24372,125,24375,25,0,67200
NIFTY-III.NFO,01/07/2024,09:56:39,24374.1,24372.6,100,24375,25,0,67200
NIFTY-III.NFO,01/07/2024,09:56:41,24374.1,24370.75,175,24375,25,0,67200
NIFTY-III.NFO,01/07/2024,09:56:43,24374.1,24372.45,100,24375,25,0,67200
NIFTY-III.NFO,01/07/2024,09:56:44,24374.1,24372.45,125,24375,25,0,67200
NIFTY-III.NFO,01/07/2024,09:56:46,24374.1,24372.5,100,24375,25,0,67200
NIFTY-III.NFO,01/07/2024,09:56:49,24374.1,24372.45,125,24375,25,0,67200
NIFTY-III.NFO,01/07/2024,09:56:51,24374.1,24372.15,100,24375,25,0,67200
NIFTY-III.NFO,01/07/2024,09:56:53,24379.6,24375,100,24379.6,50,100,67200
NIFTY-III.NFO,01/07/2024,09:56:54,24379.65,24379.65,75,24380,25,25,67200
NIFTY-III.NFO,01/07/2024,09:56:56,24382.95,24378.2,100,24385.6,100,75,67200
NIFTY-III.NFO,01/07/2024,09:56:58,24382.95,24378.15,75,24385.2,75,0,67200
NIFTY-III.NFO,01/07/2024,09:57:01,24382.95,24377.7,75,24384.4,75,0,67200
NIFTY-III.NFO,01/07/2024,09:57:03,24382.95,24377.3,100,24384.4,75,0,67200
NIFTY-III.NFO,01/07/2024,09:57:04,24382.95,24377.25,75,24384.4,75,0,67200
NIFTY-III.NFO,01/07/2024,09:57:06,24384.5,24377.25,75,24384.5,75,100,67200
NIFTY-III.NFO,01/07/2024,09:57:08,24384.5,24377.9,100,24384.5,75,0,67200
NIFTY-III.NFO,01/07/2024,09:57:09,24384.5,24378.1,100,24386.2,75,0,67200
NIFTY-III.NFO,01/07/2024,09:57:11,24384.5,24378.1,100,24386.15,125,0,67200
NIFTY-III.NFO,01/07/2024,09:57:13,24384.5,24378.1,100,24385.6,75,0,67200
NIFTY-III.NFO,01/07/2024,09:57:14,24385.6,24378.15,100,24385.6,50,25,67200
NIFTY-III.NFO,01/07/2024,09:57:16,24385.6,24378.2,100,24384.6,200,0,67200
NIFTY-III.NFO,01/07/2024,09:57:17,24385.6,24378.25,100,24384.6,75,0,67200
NIFTY-III.NFO,01/07/2024,09:57:19,24385.6,24378.35,50,24384.6,75,0,67200
NIFTY-III.NFO,01/07/2024,09:57:21,24385.6,24378.45,25,24384.6,200,0,67200
NIFTY-III.NFO,01/07/2024,09:57:22,24384.3,24378.55,25,24384.3,100,25,67200
NIFTY-III.NFO,01/07/2024,09:57:24,24384.3,24378.6,25,24384.4,75,0,67200
NIFTY-III.NFO,01/07/2024,09:57:26,24383.65,24378.65,25,24383.05,75,25,67200
NIFTY-III.NFO,01/07/2024,09:57:27,24383.65,24378.65,25,24382.4,150,0,67200
NIFTY-III.NFO,01/07/2024,09:57:29,24382.4,24378.75,25,24382.4,125,25,67450
NIFTY-III.NFO,01/07/2024,09:57:30,24382.4,24378.75,25,24380.95,125,0,67450
NIFTY-III.NFO,01/07/2024,09:57:32,24382.4,24378.85,25,24382.1,125,0,67450
NIFTY-III.NFO,01/07/2024,09:57:34,24382.4,24378.9,25,24381.8,125,0,67450
NIFTY-III.NFO,01/07/2024,09:57:35,24382.4,24378.9,25,24382.05,125,0,67450
NIFTY-III.NFO,01/07/2024,09:57:37,24381.8,24378.9,25,24381.3,325,75,67450
NIFTY-III.NFO,01/07/2024,09:57:38,24381.8,24378.9,25,24381.3,75,0,67450
NIFTY-III.NFO,01/07/2024,09:57:40,24381.75,24378.95,25,24381.75,225,25,67450
NIFTY-III.NFO,01/07/2024,09:57:42,24381.75,24379,25,24380.85,300,0,67450
NIFTY-III.NFO,01/07/2024,09:57:43,24381.45,24379,25,24381.35,250,50,67450
NIFTY-III.NFO,01/07/2024,09:57:45,24381.45,24378.95,25,24381.8,100,0,67450
NIFTY-III.NFO,01/07/2024,09:57:46,24381.45,24377.2,25,24381.5,175,0,67450
NIFTY-III.NFO,01/07/2024,09:57:48,24380.95,24377.2,25,24380.7,225,25,67450
NIFTY-III.NFO,01/07/2024,09:57:50,24380.95,24377.2,25,24381.05,225,0,67450
NIFTY-III.NFO,01/07/2024,09:57:51,24380.95,24377.2,25,24381.3,75,0,67450
NIFTY-III.NFO,01/07/2024,09:57:53,24381.3,24377.25,25,24381.75,225,25,67450
NIFTY-III.NFO,01/07/2024,09:57:54,24381.3,24377.25,25,24381.05,225,0,67450
NIFTY-III.NFO,01/07/2024,09:57:56,24381.3,24377.25,25,24381.3,100,0,67450
NIFTY-III.NFO,01/07/2024,09:57:58,24381.3,24377.25,25,24380.95,225,0,67450
NIFTY-III.NFO,01/07/2024,09:57:59,24380.7,24377.25,25,24380.65,200,25,67450
NIFTY-III.NFO,01/07/2024,09:58:01,24380.7,24377.25,25,24378.8,200,0,67450
NIFTY-III.NFO,01/07/2024,09:58:02,24378.25,24377.25,25,24378.05,100,25,67450
NIFTY-III.NFO,01/07/2024,09:58:04,24377.2,24371.65,75,24377.4,175,50,67450
NIFTY-III.NFO,01/07/2024,09:58:06,24377.2,24371.45,100,24376.7,100,0,67450
NIFTY-III.NFO,01/07/2024,09:58:07,24377.2,24371.35,175,24376.65,175,0,67450
NIFTY-III.NFO,01/07/2024,09:58:09,24377.2,24370.9,100,24375.85,100,0,67450
NIFTY-III.NFO,01/07/2024,09:58:11,24377.2,24369.65,100,24376.3,175,0,67450
NIFTY-III.NFO,01/07/2024,09:58:12,24377.2,24368.25,100,24375.6,75,0,67450
NIFTY-III.NFO,01/07/2024,09:58:14,24377.2,24370.6,75,24374.35,100,0,67450
NIFTY-III.NFO,01/07/2024,09:58:16,24377.2,24369.3,100,24376.55,125,0,67450
NIFTY-III.NFO,01/07/2024,09:58:18,24377.2,24368.85,100,24375.9,200,0,67450
NIFTY-III.NFO,01/07/2024,09:58:21,24375.9,24368.7,100,24375.7,175,25,67450
NIFTY-III.NFO,01/07/2024,09:58:23,24375.9,24369.7,100,24375.9,175,0,67450
NIFTY-III.NFO,01/07/2024,09:58:24,24375.9,24369,100,24375.9,175,0,67450
NIFTY-III.NFO,01/07/2024,09:58:26,24375.9,24367.5,100,24374.1,125,0,67450
NIFTY-III.NFO,01/07/2024,09:58:27,24375.9,24366.35,100,24373.35,75,0,67450
NIFTY-III.NFO,01/07/2024,09:58:29,24375.9,24373,25,24375.65,75,0,67450
NIFTY-III.NFO,01/07/2024,09:58:31,24375.9,24373,25,24376.15,100,0,67450
NIFTY-III.NFO,01/07/2024,09:58:32,24375.9,24373,25,24375.35,175,0,67450
NIFTY-III.NFO,01/07/2024,09:58:34,24375.9,24373,25,24374.65,100,0,67450
NIFTY-III.NFO,01/07/2024,09:58:36,24375.9,24373,25,24373.85,100,0,67450
NIFTY-III.NFO,01/07/2024,09:58:37,24375.9,24373,25,24375.65,100,0,67450
NIFTY-III.NFO,01/07/2024,09:58:39,24375.65,24373,25,24375.6,75,25,67450
NIFTY-III.NFO,01/07/2024,09:58:40,24375.65,24373,25,24376.25,75,0,67450
NIFTY-III.NFO,01/07/2024,09:58:42,24375.65,24373,25,24376.15,50,0,67450
NIFTY-III.NFO,01/07/2024,09:58:44,24375.65,24373,25,24376.75,50,0,67450
NIFTY-III.NFO,01/07/2024,09:58:45,24375.65,24373,25,24376.1,50,0,67450
NIFTY-III.NFO,01/07/2024,09:58:48,24375.65,24373,25,24376.5,25,0,67450
NIFTY-III.NFO,01/07/2024,09:58:50,24375.65,24373,25,24376.7,50,0,67450
NIFTY-III.NFO,01/07/2024,09:58:53,24375.65,24373,100,24376.9,75,0,67450
NIFTY-III.NFO,01/07/2024,09:58:58,24375.65,24373,100,24377.3,50,0,67450
NIFTY-III.NFO,01/07/2024,09:59:00,24375.65,24373,25,24376.1,75,0,67450
NIFTY-III.NFO,01/07/2024,09:59:01,24375.65,24373,25,24374.85,50,0,67450
NIFTY-III.NFO,01/07/2024,09:59:03,24375.65,24373,25,24373.8,125,0,67450
NIFTY-III.NFO,01/07/2024,09:59:05,24373,24367.55,100,24373.15,125,25,67450
NIFTY-III.NFO,01/07/2024,09:59:06,24373,24367.8,75,24371.85,75,0,67450
NIFTY-III.NFO,01/07/2024,09:59:09,24373,24367.45,75,24371.8,125,0,67450
NIFTY-III.NFO,01/07/2024,09:59:11,24373,24367.15,100,24371.8,50,0,67450
NIFTY-III.NFO,01/07/2024,09:59:13,24373,24366.8,100,24372.55,150,0,67450
NIFTY-III.NFO,01/07/2024,09:59:14,24373,24365.05,175,24371.9,75,0,67450
NIFTY-III.NFO,01/07/2024,09:59:16,24373,24365.05,175,24373,100,0,67450
NIFTY-III.NFO,01/07/2024,09:59:17,24373,24365.05,300,24373,100,0,67450
NIFTY-III.NFO,01/07/2024,09:59:19,24373,24365.9,100,24373,25,0,67450
NIFTY-III.NFO,01/07/2024,09:59:21,24378.55,24373.05,175,24378.7,150,200,67450
NIFTY-III.NFO,01/07/2024,09:59:22,24378.55,24367.7,100,24376.85,150,0,67450
NIFTY-III.NFO,01/07/2024,09:59:24,24378.55,24367.7,100,24374.35,75,0,67450
NIFTY-III.NFO,01/07/2024,09:59:26,24378.55,24367.7,100,24376.85,75,0,67450
NIFTY-III.NFO,01/07/2024,09:59:34,24378.55,24369.35,100,24378.7,75,0,67450
NIFTY-III.NFO,01/07/2024,09:59:36,24378.7,24370.1,175,24378.7,50,25,67450
NIFTY-III.NFO,01/07/2024,09:59:37,24370.1,24370.15,100,24378.65,50,50,67450
NIFTY-III.NFO,01/07/2024,09:59:39,24370.1,24370.15,100,24378.65,50,0,67450
