Ticker,Date,Time,LTP,BuyPrice,BuyQty,SellPrice,SellQty,LTQ,OpenInterest
BANKNIFTY-III.NFO,09/05/2025,09:15:05,54200,54146.8,70,54443.2,70,35,48195
BANKNIFTY-III.NFO,09/05/2025,09:15:05,54200,54146.8,70,54443.2,70,0,48195
BANKNIFTY-III.NFO,09/05/2025,09:15:05,54200,54146.8,70,54443.2,70,0,48195
BANKNIFTY-III.NFO,09/05/2025,09:15:05,54200,54146.8,70,54443.2,70,0,48195
BANKNIFTY-III.NFO,09/05/2025,09:15:06,54200,54158.8,70,54428.8,70,140,48195
BANKNIFTY-III.NFO,09/05/2025,09:15:06,54158.8,54158.8,70,54428.8,70,0,48195
BANKNIFTY-III.NFO,09/05/2025,09:15:07,54200,54232.8,105,54428.8,70,0,48195
BANKNIFTY-III.NFO,09/05/2025,09:15:08,54200,54232.8,105,54444,70,0,48195
BANKNIFTY-III.NFO,09/05/2025,09:15:09,54443.6,54203.6,70,54443.6,70,70,48195
BANKNIFTY-III.NFO,09/05/2025,09:15:09,54443.6,54203.6,70,54443.6,70,0,48195
BANKNIFTY-III.NFO,09/05/2025,09:15:10,54443.6,54199.2,70,54443.2,70,0,48195
BANKNIFTY-III.NFO,09/05/2025,09:15:11,54442.4,54199,105,54442.4,35,105,48195
BANKNIFTY-III.NFO,09/05/2025,09:15:12,54442.4,54199,105,54444,140,0,48195
BANKNIFTY-III.NFO,09/05/2025,09:15:13,54442.4,54199.2,70,54444,140,0,48195
BANKNIFTY-III.NFO,09/05/2025,09:15:14,54442.4,54200.2,70,54441.2,35,0,48195
BANKNIFTY-III.NFO,09/05/2025,09:15:18,54487.8,54200.2,35,54487.6,35,315,48195
BANKNIFTY-III.NFO,09/05/2025,09:15:18,54487.8,54200.2,35,54487.6,35,0,48195
BANKNIFTY-III.NFO,09/05/2025,09:15:19,54487.8,54201,70,54499.8,35,0,48195
BANKNIFTY-III.NFO,09/05/2025,09:15:20,54487.8,54225.2,70,54499.8,35,0,48195
BANKNIFTY-III.NFO,09/05/2025,09:15:21,54487.8,54225.2,70,54484.6,35,0,48195
BANKNIFTY-III.NFO,09/05/2025,09:15:23,54225,54205.2,70,54455,35,105,48195
BANKNIFTY-III.NFO,09/05/2025,09:15:24,54455,54205.2,70,54455,35,105,48195
BANKNIFTY-III.NFO,09/05/2025,09:15:25,54455,54230.2,70,54487.6,35,0,48195
BANKNIFTY-III.NFO,09/05/2025,09:15:27,54455,54230.2,70,54449.8,35,0,48195
BANKNIFTY-III.NFO,09/05/2025,09:15:29,54449.8,54230.2,35,54449.8,35,70,48195
BANKNIFTY-III.NFO,09/05/2025,09:15:30,54449.8,54230.2,35,54449.8,35,0,48195
BANKNIFTY-III.NFO,09/05/2025,09:15:31,54449.8,54234.2,105,54450,175,35,48195
BANKNIFTY-III.NFO,09/05/2025,09:15:32,54235.4,54282.4,70,54449.8,35,35,48195
BANKNIFTY-III.NFO,09/05/2025,09:15:33,54235.4,54283.6,70,54449.8,35,0,48195
BANKNIFTY-III.NFO,09/05/2025,09:15:35,54235.4,54287.4,70,54449.8,35,0,48195
BANKNIFTY-III.NFO,09/05/2025,09:15:36,54235.4,54318,70,54448.8,35,0,48195
BANKNIFTY-III.NFO,09/05/2025,09:15:37,54319.8,54316.6,70,54448.8,35,35,48195
BANKNIFTY-III.NFO,09/05/2025,09:15:38,54448.8,54305.4,70,54448.8,35,35,48195
BANKNIFTY-III.NFO,09/05/2025,09:15:40,54450,54320.4,35,54487.8,35,245,48195
BANKNIFTY-III.NFO,09/05/2025,09:15:41,54450,54328.8,70,54487.8,35,0,48195
BANKNIFTY-III.NFO,09/05/2025,09:15:42,54487.8,54330,70,54500,35,35,48195
BANKNIFTY-III.NFO,09/05/2025,09:15:43,54487.8,54360,70,54500,35,0,48195
BANKNIFTY-III.NFO,09/05/2025,09:15:44,54487.8,54356.6,70,54500,35,0,48195
BANKNIFTY-III.NFO,09/05/2025,09:15:46,54487.8,54358.4,70,54500,35,0,48195
BANKNIFTY-III.NFO,09/05/2025,09:15:47,54487.8,54356.4,70,54500,35,0,48195
BANKNIFTY-III.NFO,09/05/2025,09:15:48,54487.8,54357.6,70,54487.8,35,0,48195
BANKNIFTY-III.NFO,09/05/2025,09:15:49,54487.8,54352.2,70,54487.8,35,0,48195
BANKNIFTY-III.NFO,09/05/2025,09:15:50,54487.8,54361.2,70,54487.8,35,0,48195
BANKNIFTY-III.NFO,09/05/2025,09:15:52,54487.8,54378.4,70,54487.8,35,0,48195
BANKNIFTY-III.NFO,09/05/2025,09:15:53,54487.8,54342,70,54487.8,35,0,48195
BANKNIFTY-III.NFO,09/05/2025,09:15:54,54487.8,54348.4,70,54550,35,35,48195
BANKNIFTY-III.NFO,09/05/2025,09:15:55,54487.8,54361.2,70,54550,35,0,48195
BANKNIFTY-III.NFO,09/05/2025,09:15:56,54425.2,54401.4,70,54550,35,280,48195
BANKNIFTY-III.NFO,09/05/2025,09:15:57,54425.2,54401.4,70,54550,35,0,48195
BANKNIFTY-III.NFO,09/05/2025,09:15:59,54425.2,54403.8,70,54550,35,0,48195
BANKNIFTY-III.NFO,09/05/2025,09:16:00,54425.2,54400.2,70,54550,35,0,48195
BANKNIFTY-III.NFO,09/05/2025,09:16:01,54400.2,54407.8,70,54549.8,35,35,48195
BANKNIFTY-III.NFO,09/05/2025,09:16:02,54400.2,54409,70,54549.8,35,0,48195
BANKNIFTY-III.NFO,09/05/2025,09:16:03,54400.2,54404.2,70,54549.8,35,0,48195
BANKNIFTY-III.NFO,09/05/2025,09:16:05,54525,54407,70,54717.6,175,350,48195
BANKNIFTY-III.NFO,09/05/2025,09:16:05,54699,54407,70,54717.6,175,0,48195
BANKNIFTY-III.NFO,09/05/2025,09:16:06,54525,54424.6,70,54717.6,175,0,48195
BANKNIFTY-III.NFO,09/05/2025,09:16:07,54525,54429.8,70,54717.6,175,0,48195
BANKNIFTY-III.NFO,09/05/2025,09:16:08,54525,54424.2,70,54717.6,175,0,48195
BANKNIFTY-III.NFO,09/05/2025,09:16:09,54525,54427,70,54717.6,175,0,48195
BANKNIFTY-III.NFO,09/05/2025,09:16:10,54525,54425.4,70,54525,105,0,48195
BANKNIFTY-III.NFO,09/05/2025,09:16:12,54525,54427.8,70,54525,105,0,48195
BANKNIFTY-III.NFO,09/05/2025,09:16:13,54429,54429,35,54524.8,35,35,48195
BANKNIFTY-III.NFO,09/05/2025,09:16:14,54524.8,54432.6,70,54525,105,35,48195
BANKNIFTY-III.NFO,09/05/2025,09:16:15,54525,54435,70,54525,70,70,48195
BANKNIFTY-III.NFO,09/05/2025,09:16:16,54525,54437.4,70,54525,70,0,48195
BANKNIFTY-III.NFO,09/05/2025,09:16:18,54525,54443.4,70,54525,70,0,48195
BANKNIFTY-III.NFO,09/05/2025,09:16:19,54525,54444.6,70,54525,70,0,48195
BANKNIFTY-III.NFO,09/05/2025,09:16:20,54526.2,54448.2,70,54526.6,35,175,48195
BANKNIFTY-III.NFO,09/05/2025,09:16:21,54526.2,54448.2,70,54526.6,35,0,48195
BANKNIFTY-III.NFO,09/05/2025,09:16:25,54526.2,54448,35,54525.6,245,0,48195
BANKNIFTY-III.NFO,09/05/2025,09:16:26,54448,54447,70,54523.6,245,70,48195
BANKNIFTY-III.NFO,09/05/2025,09:16:27,54500,54447,70,54500,35,35,48195
BANKNIFTY-III.NFO,09/05/2025,09:16:28,54500,54447,70,54500,35,0,48195
BANKNIFTY-III.NFO,09/05/2025,09:16:29,54448,54447.2,70,54517.2,210,105,48195
BANKNIFTY-III.NFO,09/05/2025,09:16:31,54448,54447.2,70,54521.4,210,0,48195
BANKNIFTY-III.NFO,09/05/2025,09:16:32,54448,54447,35,54500,35,0,48195
BANKNIFTY-III.NFO,09/05/2025,09:16:33,54448,54447,35,54498.8,210,35,48195
BANKNIFTY-III.NFO,09/05/2025,09:16:35,54448,54447,35,54472.2,210,0,48195
BANKNIFTY-III.NFO,09/05/2025,09:16:36,54448,54447,35,54476.4,210,0,48195
BANKNIFTY-III.NFO,09/05/2025,09:16:37,54448,54447,35,54498.2,35,0,48195
BANKNIFTY-III.NFO,09/05/2025,09:16:38,54448,54448,70,54469.8,210,0,48195
BANKNIFTY-III.NFO,09/05/2025,09:16:39,54448,54448,70,54464.8,210,0,48195
BANKNIFTY-III.NFO,09/05/2025,09:16:41,54432.4,54419.2,70,54472.4,35,140,48195
BANKNIFTY-III.NFO,09/05/2025,09:16:42,54432.4,54405.2,70,54445,35,0,48195
BANKNIFTY-III.NFO,09/05/2025,09:16:43,54430.2,54430.2,35,54444.8,35,35,48195
BANKNIFTY-III.NFO,09/05/2025,09:16:44,54430,54405.2,70,54444.8,35,35,48195
BANKNIFTY-III.NFO,09/05/2025,09:16:45,54405.2,54405.2,35,54444.8,35,70,48195
BANKNIFTY-III.NFO,09/05/2025,09:16:47,54434,54400.2,70,54425,70,490,48195
BANKNIFTY-III.NFO,09/05/2025,09:16:48,54434,54400,70,54425,70,0,48195
BANKNIFTY-III.NFO,09/05/2025,09:16:49,54400,54339.8,70,54388.6,70,70,48195
BANKNIFTY-III.NFO,09/05/2025,09:16:50,54400,54339.8,70,54388.6,70,0,48195
BANKNIFTY-III.NFO,09/05/2025,09:16:52,54388.6,54339.8,70,54388.6,35,35,48195
BANKNIFTY-III.NFO,09/05/2025,09:16:53,54400,54333.6,70,54388.6,35,595,48195
BANKNIFTY-III.NFO,09/05/2025,09:16:54,54400,54333.6,70,54388.6,35,0,48195
BANKNIFTY-III.NFO,09/05/2025,09:16:55,54400,54327.2,70,54386.6,210,0,48195
BANKNIFTY-III.NFO,09/05/2025,09:16:56,54386.6,54327.2,70,54386.6,35,35,48195
BANKNIFTY-III.NFO,09/05/2025,09:16:58,54327.2,54327.2,35,54386.4,35,35,48195
BANKNIFTY-III.NFO,09/05/2025,09:16:59,54327.2,54328.4,70,54386.4,35,0,48195
BANKNIFTY-III.NFO,09/05/2025,09:17:00,54327.2,54328.4,70,54386.6,35,0,48195
BANKNIFTY-III.NFO,09/05/2025,09:17:03,54327.2,54331.6,70,54386.6,35,0,48195
BANKNIFTY-III.NFO,09/05/2025,09:17:04,54327.2,54332.8,70,54400,175,0,48195
BANKNIFTY-III.NFO,09/05/2025,09:17:05,54327.2,54334,70,54400,210,0,48195
BANKNIFTY-III.NFO,09/05/2025,09:17:06,54327.2,54351.4,70,54400,210,0,48195
BANKNIFTY-III.NFO,09/05/2025,09:17:07,54327.2,54352.6,70,54400,175,0,48195
BANKNIFTY-III.NFO,09/05/2025,09:17:09,54327.2,54353.8,70,54400,175,0,48195
BANKNIFTY-III.NFO,09/05/2025,09:17:10,54327.2,54355,70,54400,175,0,48195
BANKNIFTY-III.NFO,09/05/2025,09:17:11,54400,54357.4,70,54400,140,35,48195
BANKNIFTY-III.NFO,09/05/2025,09:17:12,54400,54357.4,70,54400,140,0,48195
BANKNIFTY-III.NFO,09/05/2025,09:17:14,54400,54358.6,70,54400,140,0,48195
BANKNIFTY-III.NFO,09/05/2025,09:17:15,54358.6,54358.6,35,54400,525,35,48195
BANKNIFTY-III.NFO,09/05/2025,09:17:16,54399.8,54358.6,35,54399.8,35,35,48195
BANKNIFTY-III.NFO,09/05/2025,09:17:17,54399.8,54353.8,70,54399.8,35,0,48195
BANKNIFTY-III.NFO,09/05/2025,09:17:18,54378.8,54353.8,70,54399.8,35,70,48195
BANKNIFTY-III.NFO,09/05/2025,09:17:20,54378.8,54353.8,70,54395.8,35,0,48195
BANKNIFTY-III.NFO,09/05/2025,09:17:22,54378.8,54350.2,70,54395.8,35,0,48195
BANKNIFTY-III.NFO,09/05/2025,09:17:23,54396,54350.2,70,54395.6,35,70,48195
BANKNIFTY-III.NFO,09/05/2025,09:17:25,54396,54350.2,70,54395.6,35,0,48195
BANKNIFTY-III.NFO,09/05/2025,09:17:26,54396,54360.2,70,54399.8,35,0,48195
BANKNIFTY-III.NFO,09/05/2025,09:17:27,54396,54360.2,70,54400,560,0,48195
BANKNIFTY-III.NFO,09/05/2025,09:17:28,54396,54363.4,70,54400,560,0,48195
BANKNIFTY-III.NFO,09/05/2025,09:17:29,54396,54363.4,70,54399.8,35,0,48195
BANKNIFTY-III.NFO,09/05/2025,09:17:31,54396,54363.4,70,54400,560,0,48195
BANKNIFTY-III.NFO,09/05/2025,09:17:32,54396,54371.4,70,54400,560,0,48195
BANKNIFTY-III.NFO,09/05/2025,09:17:36,54371.4,54371.4,35,54400,560,35,48195
BANKNIFTY-III.NFO,09/05/2025,09:17:37,54375.2,54375.2,35,54399.8,35,35,48195
BANKNIFTY-III.NFO,09/05/2025,09:17:38,54400,54375.2,35,54400,245,315,48195
BANKNIFTY-III.NFO,09/05/2025,09:17:39,54400,54383,70,54437.6,35,245,48195
BANKNIFTY-III.NFO,09/05/2025,09:17:40,54400,54383,70,54437.6,35,0,48195
BANKNIFTY-III.NFO,09/05/2025,09:17:43,54400,54383,70,54442.4,35,0,48195
BANKNIFTY-III.NFO,09/05/2025,09:17:48,54400,54400,70,54437.4,70,0,48195
BANKNIFTY-III.NFO,09/05/2025,09:17:51,54400,54400,35,54430.2,70,0,48195
BANKNIFTY-III.NFO,09/05/2025,09:17:54,54400,54363.2,35,54403.6,105,35,48195
BANKNIFTY-III.NFO,09/05/2025,09:17:55,54400,54363.2,35,54403.6,105,0,48195
BANKNIFTY-III.NFO,09/05/2025,09:17:57,54400,54363.4,70,54403.6,105,0,48195
BANKNIFTY-III.NFO,09/05/2025,09:17:59,54363.4,54363.2,35,54403.6,105,35,48195
BANKNIFTY-III.NFO,09/05/2025,09:18:00,54363.4,54363.4,70,54403.6,105,0,48195
BANKNIFTY-III.NFO,09/05/2025,09:18:01,54363.4,54363.4,35,54403.6,105,35,48195
BANKNIFTY-III.NFO,09/05/2025,09:18:02,54363.4,54363.4,35,54403.4,70,0,48195
BANKNIFTY-III.NFO,09/05/2025,09:18:03,54363.4,54363.4,35,54422.6,70,0,48195
BANKNIFTY-III.NFO,09/05/2025,09:18:05,54363.4,54363.4,70,54422.6,70,0,48195
BANKNIFTY-III.NFO,09/05/2025,09:18:06,54363.4,54404.8,70,54446.6,35,0,48195
BANKNIFTY-III.NFO,09/05/2025,09:18:07,54363.4,54404.8,70,54446.4,70,0,48195
BANKNIFTY-III.NFO,09/05/2025,09:18:11,54363.4,54404.6,35,54446.4,70,0,48195
BANKNIFTY-III.NFO,09/05/2025,09:18:12,54446.6,54427,35,54446.2,35,105,48195
BANKNIFTY-III.NFO,09/05/2025,09:18:13,54446.6,54427,35,54446.2,35,0,48195
BANKNIFTY-III.NFO,09/05/2025,09:18:14,54446.6,54427,70,54456.8,70,0,48195
BANKNIFTY-III.NFO,09/05/2025,09:18:17,54437,54427,70,54456.8,70,35,48195
BANKNIFTY-III.NFO,09/05/2025,09:18:18,54437,54427,70,54449.8,70,0,48195
BANKNIFTY-III.NFO,09/05/2025,09:18:19,54437,54427,70,54448.4,70,0,48195
BANKNIFTY-III.NFO,09/05/2025,09:18:20,54437,54427,70,54440,70,0,48195
BANKNIFTY-III.NFO,09/05/2025,09:18:21,54437,54427,70,54449.8,70,0,48195
BANKNIFTY-III.NFO,09/05/2025,09:18:22,54450,54427.2,70,54455.4,35,70,48090
BANKNIFTY-III.NFO,09/05/2025,09:18:24,54450,54427.2,70,54457,35,0,48090
BANKNIFTY-III.NFO,09/05/2025,09:18:25,54457,54427.2,70,54486.8,35,35,48090
BANKNIFTY-III.NFO,09/05/2025,09:18:26,54457,54427.2,70,54480,70,0,48090
BANKNIFTY-III.NFO,09/05/2025,09:18:27,54457,54427.2,70,54485.2,35,0,48090
BANKNIFTY-III.NFO,09/05/2025,09:18:28,54457,54431.8,70,54487.8,70,0,48090
BANKNIFTY-III.NFO,09/05/2025,09:18:30,54493.8,54435.2,70,54494.4,35,210,48090
BANKNIFTY-III.NFO,09/05/2025,09:18:31,54493.8,54435.2,70,54494.4,35,0,48090
BANKNIFTY-III.NFO,09/05/2025,09:18:32,54450,54435.2,70,54489.6,35,35,48090
BANKNIFTY-III.NFO,09/05/2025,09:18:33,54450,54435.2,70,54483,35,0,48090
BANKNIFTY-III.NFO,09/05/2025,09:18:35,54450,54435.2,70,54489.6,35,0,48090
BANKNIFTY-III.NFO,09/05/2025,09:18:36,54450,54436.4,70,54489.6,35,0,48090
BANKNIFTY-III.NFO,09/05/2025,09:18:37,54441,54441,35,54498.8,35,35,48090
BANKNIFTY-III.NFO,09/05/2025,09:18:38,54441,54444.6,70,54498.8,35,0,48090
BANKNIFTY-III.NFO,09/05/2025,09:18:40,54441,54447,70,54498.8,35,0,48090
BANKNIFTY-III.NFO,09/05/2025,09:18:41,54447,54447,35,54498.8,35,35,48090
BANKNIFTY-III.NFO,09/05/2025,09:18:42,54523.4,54498.8,70,54523.6,245,210,48090
BANKNIFTY-III.NFO,09/05/2025,09:18:43,54523.4,54498.8,70,54517.2,175,0,48090
BANKNIFTY-III.NFO,09/05/2025,09:18:45,54523.4,54498.8,70,54533.4,175,0,48090
BANKNIFTY-III.NFO,09/05/2025,09:18:46,54523.4,54498.8,70,54538.8,245,0,48090
BANKNIFTY-III.NFO,09/05/2025,09:18:47,54523.4,54498.8,70,54513.6,175,0,48090
BANKNIFTY-III.NFO,09/05/2025,09:18:49,54523.4,54498.8,70,54525.2,35,0,48090
BANKNIFTY-III.NFO,09/05/2025,09:18:50,54498.8,54448,70,54490.2,35,35,48090
BANKNIFTY-III.NFO,09/05/2025,09:18:51,54498.8,54448,70,54481.2,210,0,48090
BANKNIFTY-III.NFO,09/05/2025,09:18:52,54498.8,54443.2,35,54478,35,0,48090
BANKNIFTY-III.NFO,09/05/2025,09:18:54,54455,54427.6,70,54462,35,35,48090
BANKNIFTY-III.NFO,09/05/2025,09:18:55,54455,54427.2,70,54446.6,35,0,48090
BANKNIFTY-III.NFO,09/05/2025,09:18:56,54455,54427,35,54445.8,35,0,48090
BANKNIFTY-III.NFO,09/05/2025,09:18:57,54455,54427.2,70,54449.6,35,0,48090
BANKNIFTY-III.NFO,09/05/2025,09:18:59,54455,54427.2,105,54458.4,35,0,48090
BANKNIFTY-III.NFO,09/05/2025,09:19:01,54455,54427.2,105,54465,35,0,48090
BANKNIFTY-III.NFO,09/05/2025,09:19:02,54455,54427.4,70,54469,35,35,48090
BANKNIFTY-III.NFO,09/05/2025,09:19:04,54455,54427.4,70,54478,35,0,48090
BANKNIFTY-III.NFO,09/05/2025,09:19:05,54455,54450.2,70,54490.2,35,0,48090
BANKNIFTY-III.NFO,09/05/2025,09:19:07,54455,54458.4,70,54490.2,35,0,48090
BANKNIFTY-III.NFO,09/05/2025,09:19:08,54469,54458.6,70,54490.2,35,35,48090
BANKNIFTY-III.NFO,09/05/2025,09:19:10,54491.4,54458.4,70,54492,35,140,48090
BANKNIFTY-III.NFO,09/05/2025,09:19:11,54491.4,54458.6,70,54500,105,0,48090
BANKNIFTY-III.NFO,09/05/2025,09:19:15,54491.4,54458.6,70,54496.2,35,0,48090
BANKNIFTY-III.NFO,09/05/2025,09:19:17,54491.4,54458.6,70,54500,175,0,48090
BANKNIFTY-III.NFO,09/05/2025,09:19:19,54491.4,54470.2,70,54500,175,0,48090
BANKNIFTY-III.NFO,09/05/2025,09:19:22,54491.4,54470,70,54500,210,0,48090
BANKNIFTY-III.NFO,09/05/2025,09:19:23,54491.4,54470,70,54499.2,35,0,48090
BANKNIFTY-III.NFO,09/05/2025,09:19:25,54490,54450.2,70,54488.2,35,35,48090
BANKNIFTY-III.NFO,09/05/2025,09:19:26,54490,54450.2,70,54488.2,35,0,48090
BANKNIFTY-III.NFO,09/05/2025,09:19:27,54490,54450,70,54482.6,245,0,48090
BANKNIFTY-III.NFO,09/05/2025,09:19:28,54490,54450,35,54480,35,0,48090
BANKNIFTY-III.NFO,09/05/2025,09:19:30,54450,54427,70,54457.2,175,35,48090
BANKNIFTY-III.NFO,09/05/2025,09:19:31,54450,54427,35,54449.2,175,0,48090
BANKNIFTY-III.NFO,09/05/2025,09:19:32,54450,54427,35,54449.2,35,0,48090
BANKNIFTY-III.NFO,09/05/2025,09:19:33,54427,54400.4,70,54440.6,175,35,48090
BANKNIFTY-III.NFO,09/05/2025,09:19:35,54427,54400.4,70,54440.6,35,0,48090
BANKNIFTY-III.NFO,09/05/2025,09:19:37,54427,54401.6,70,54440.6,35,0,48090
BANKNIFTY-III.NFO,09/05/2025,09:19:40,54427,54401.6,70,54440,35,0,48090
BANKNIFTY-III.NFO,09/05/2025,09:19:43,54427,54401.6,70,54447.2,35,0,48090
BANKNIFTY-III.NFO,09/05/2025,09:19:45,54427,54404,70,54447.2,35,0,48090
BANKNIFTY-III.NFO,09/05/2025,09:19:46,54427,54427,210,54457.2,35,0,48090
BANKNIFTY-III.NFO,09/05/2025,09:19:47,54427,54427.2,35,54457.2,35,0,48090
BANKNIFTY-III.NFO,09/05/2025,09:19:48,54427,54427,210,54453.2,175,0,48090
BANKNIFTY-III.NFO,09/05/2025,09:19:50,54427,54427,245,54451.6,35,0,48090
BANKNIFTY-III.NFO,09/05/2025,09:19:51,54427,54427.2,70,54451.6,35,0,48090
BANKNIFTY-III.NFO,09/05/2025,09:19:52,54427,54427.2,70,54474.8,35,0,48090
BANKNIFTY-III.NFO,09/05/2025,09:19:53,54427,54427.2,70,54470.2,35,0,48090
BANKNIFTY-III.NFO,09/05/2025,09:19:55,54427.2,54427.2,70,54457.8,35,35,48090
BANKNIFTY-III.NFO,09/05/2025,09:19:56,54427.2,54427.2,70,54457.8,35,0,48090
BANKNIFTY-III.NFO,09/05/2025,09:19:57,54427.2,54427.2,70,54450,35,0,48090
BANKNIFTY-III.NFO,09/05/2025,09:19:58,54427.2,54427.2,105,54456.6,35,0,48090
BANKNIFTY-III.NFO,09/05/2025,09:20:02,54427.2,54427,210,54427.2,35,0,48090
BANKNIFTY-III.NFO,09/05/2025,09:20:03,54427.2,54427,210,54449.8,35,35,48090
BANKNIFTY-III.NFO,09/05/2025,09:20:04,54427.2,54427.2,70,54449.8,35,0,48090
BANKNIFTY-III.NFO,09/05/2025,09:20:06,54427.2,54427.2,70,54446,70,0,48090
BANKNIFTY-III.NFO,09/05/2025,09:20:07,54427.2,54427.2,70,54443.8,35,0,48090
BANKNIFTY-III.NFO,09/05/2025,09:20:08,54443.8,54427.2,70,54439.6,35,35,48090
BANKNIFTY-III.NFO,09/05/2025,09:20:09,54443.8,54427.2,70,54439.6,35,0,48090
BANKNIFTY-III.NFO,09/05/2025,09:20:10,54443.8,54440,35,54452.4,140,0,48090
BANKNIFTY-III.NFO,09/05/2025,09:20:11,54443.8,54440.2,70,54471.8,35,0,48090
BANKNIFTY-III.NFO,09/05/2025,09:20:13,54443.8,54440.2,70,54467.8,35,0,48090
BANKNIFTY-III.NFO,09/05/2025,09:20:14,54443.8,54440.2,70,54471.8,70,0,48090
BANKNIFTY-III.NFO,09/05/2025,09:20:15,54443.8,54440.2,70,54473.6,70,0,48090
BANKNIFTY-III.NFO,09/05/2025,09:20:16,54440.2,54440.2,35,54473.6,70,35,48090
BANKNIFTY-III.NFO,09/05/2025,09:20:17,54440.2,54440.2,35,54469.8,35,0,48090
BANKNIFTY-III.NFO,09/05/2025,09:20:19,54473.6,54440,70,54469.4,35,70,48090
BANKNIFTY-III.NFO,09/05/2025,09:20:21,54473.6,54440,70,54469.4,35,0,48090
BANKNIFTY-III.NFO,09/05/2025,09:20:22,54473.6,54440.2,70,54463.4,140,0,48090
BANKNIFTY-III.NFO,09/05/2025,09:20:23,54473.6,54441.4,70,54485.8,35,0,48090
BANKNIFTY-III.NFO,09/05/2025,09:20:24,54473.6,54444.6,70,54485.8,35,0,48090
BANKNIFTY-III.NFO,09/05/2025,09:20:25,54473.6,54445.4,70,54486.2,35,0,48090
BANKNIFTY-III.NFO,09/05/2025,09:20:26,54473.6,54463.4,70,54486.2,35,0,48090
BANKNIFTY-III.NFO,09/05/2025,09:20:27,54473.6,54469.6,70,54499.8,70,0,48090
BANKNIFTY-III.NFO,09/05/2025,09:20:28,54473.6,54469.6,70,54498.8,70,0,48090
BANKNIFTY-III.NFO,09/05/2025,09:20:31,54473.6,54469.4,35,54472.8,35,0,48090
BANKNIFTY-III.NFO,09/05/2025,09:20:32,54469.4,54463.4,70,54473,105,35,48090
BANKNIFTY-III.NFO,09/05/2025,09:20:33,54469.4,54463.6,70,54473,105,0,48090
BANKNIFTY-III.NFO,09/05/2025,09:20:35,54463.4,54441.4,70,54472.8,70,35,48090
BANKNIFTY-III.NFO,09/05/2025,09:20:36,54463.4,54441.4,70,54463.4,70,0,48090
BANKNIFTY-III.NFO,09/05/2025,09:20:38,54463.4,54440.2,70,54463.2,35,0,48090
BANKNIFTY-III.NFO,09/05/2025,09:20:39,54463.4,54440,35,54461,35,0,48090
BANKNIFTY-III.NFO,09/05/2025,09:20:40,54463.4,54440.2,105,54461,35,0,48090
BANKNIFTY-III.NFO,09/05/2025,09:20:41,54438,54428.8,35,54461,35,245,48090
BANKNIFTY-III.NFO,09/05/2025,09:20:42,54438,54427.4,70,54461,35,0,48090
BANKNIFTY-III.NFO,09/05/2025,09:20:43,54438,54427.4,70,54456,175,0,48090
BANKNIFTY-III.NFO,09/05/2025,09:20:44,54438,54427.4,70,54461,105,0,48090
BANKNIFTY-III.NFO,09/05/2025,09:20:45,54438,54427.4,70,54463.4,105,35,48090
BANKNIFTY-III.NFO,09/05/2025,09:20:46,54438,54450,210,54463,70,0,48090
BANKNIFTY-III.NFO,09/05/2025,09:20:47,54438,54450,210,54459.2,70,0,48090
BANKNIFTY-III.NFO,09/05/2025,09:20:50,54450,54427.4,70,54449.2,70,210,48090
BANKNIFTY-III.NFO,09/05/2025,09:20:51,54450,54427.2,35,54449.2,70,0,48090
BANKNIFTY-III.NFO,09/05/2025,09:20:52,54450,54427.2,35,54448.6,70,0,48090
BANKNIFTY-III.NFO,09/05/2025,09:20:53,54450,54427.4,70,54448.8,35,0,48090
BANKNIFTY-III.NFO,09/05/2025,09:20:54,54450,54427.4,70,54449.8,105,0,48090
BANKNIFTY-III.NFO,09/05/2025,09:20:57,54450,54427.4,70,54450,35,0,48090
BANKNIFTY-III.NFO,09/05/2025,09:20:58,54450,54427.4,70,54450,70,0,48090
BANKNIFTY-III.NFO,09/05/2025,09:20:59,54450,54427.4,70,54450,35,0,48090
BANKNIFTY-III.NFO,09/05/2025,09:21:00,54450,54427.2,35,54447.8,105,0,48090
BANKNIFTY-III.NFO,09/05/2025,09:21:03,54450,54427.2,35,54444,70,0,48090
BANKNIFTY-III.NFO,09/05/2025,09:21:04,54450,54427.4,105,54449.8,105,0,48090
BANKNIFTY-III.NFO,09/05/2025,09:21:05,54427.6,54427.6,70,54450,35,35,48090
BANKNIFTY-III.NFO,09/05/2025,09:21:06,54450,54436.4,105,54463.4,70,35,48090
BANKNIFTY-III.NFO,09/05/2025,09:21:07,54450,54436.4,105,54463.4,70,0,48090
BANKNIFTY-III.NFO,09/05/2025,09:21:08,54450,54438,175,54463.4,70,0,48090
BANKNIFTY-III.NFO,09/05/2025,09:21:10,54450,54437,70,54462,105,0,48090
BANKNIFTY-III.NFO,09/05/2025,09:21:11,54450,54434,70,54463.2,105,0,48090
BANKNIFTY-III.NFO,09/05/2025,09:21:12,54450,54427.2,70,54455.6,105,0,48090
BANKNIFTY-III.NFO,09/05/2025,09:21:13,54450,54427.4,105,54449.8,105,0,48090
BANKNIFTY-III.NFO,09/05/2025,09:21:14,54450,54427.2,70,54449.8,105,0,48090
BANKNIFTY-III.NFO,09/05/2025,09:21:17,54450,54427.2,35,54449.8,105,0,48090
BANKNIFTY-III.NFO,09/05/2025,09:21:18,54427.2,54406.2,70,54436.4,105,35,48090
BANKNIFTY-III.NFO,09/05/2025,09:21:19,54427.2,54400,70,54431.2,105,0,48090
BANKNIFTY-III.NFO,09/05/2025,09:21:21,54427.2,54400,35,54418.4,175,0,48090
BANKNIFTY-III.NFO,09/05/2025,09:21:22,54427.2,54400,35,54415.2,70,0,48090
BANKNIFTY-III.NFO,09/05/2025,09:21:23,54400,54375.4,70,54407.8,105,35,48055
BANKNIFTY-III.NFO,09/05/2025,09:21:24,54400,54375.4,70,54407.2,70,0,48055
BANKNIFTY-III.NFO,09/05/2025,09:21:26,54400,54375.4,70,54407.4,35,0,48055
BANKNIFTY-III.NFO,09/05/2025,09:21:27,54400,54375.4,70,54412,35,0,48055
BANKNIFTY-III.NFO,09/05/2025,09:21:28,54400,54371.8,70,54402.2,35,0,48055
BANKNIFTY-III.NFO,09/05/2025,09:21:29,54400,54375,70,54409,70,0,48055
BANKNIFTY-III.NFO,09/05/2025,09:21:31,54400,54375,70,54406.4,35,0,48055
BANKNIFTY-III.NFO,09/05/2025,09:21:32,54400,54375,70,54404.6,70,0,48055
BANKNIFTY-III.NFO,09/05/2025,09:21:33,54400,54375,70,54404.8,35,0,48055
BANKNIFTY-III.NFO,09/05/2025,09:21:34,54400,54375,70,54400,70,0,48055
BANKNIFTY-III.NFO,09/05/2025,09:21:36,54400,54375,140,54400,70,0,48055
BANKNIFTY-III.NFO,09/05/2025,09:21:37,54375,54366.6,35,54398.4,35,140,48055
BANKNIFTY-III.NFO,09/05/2025,09:21:38,54375,54365,35,54397,70,0,48055
BANKNIFTY-III.NFO,09/05/2025,09:21:39,54375,54363.4,140,54394.4,35,0,48055
BANKNIFTY-III.NFO,09/05/2025,09:21:41,54375,54363.6,280,54400,70,0,48055
BANKNIFTY-III.NFO,09/05/2025,09:21:42,54375,54375,35,54400,70,35,48055
BANKNIFTY-III.NFO,09/05/2025,09:21:43,54363.4,54363.4,105,54395.2,105,70,48055
BANKNIFTY-III.NFO,09/05/2025,09:21:44,54363.4,54363.4,70,54393.6,35,35,48055
BANKNIFTY-III.NFO,09/05/2025,09:21:46,54363.4,54363.4,70,54393.6,35,0,48055
BANKNIFTY-III.NFO,09/05/2025,09:21:47,54363.4,54363.4,35,54393.4,70,35,48055
BANKNIFTY-III.NFO,09/05/2025,09:21:48,54363.4,54363.4,35,54393.6,35,0,48055
BANKNIFTY-III.NFO,09/05/2025,09:21:51,54363.4,54356.2,35,54390,105,0,48055
BANKNIFTY-III.NFO,09/05/2025,09:21:52,54363.4,54352.6,35,54386.2,105,0,48055
BANKNIFTY-III.NFO,09/05/2025,09:21:53,54363.4,54347.8,35,54382.6,35,0,48055
BANKNIFTY-III.NFO,09/05/2025,09:21:54,54375,54341,35,54376.8,70,35,48055
BANKNIFTY-III.NFO,09/05/2025,09:21:56,54341,54340.6,35,54376.8,70,35,48055
BANKNIFTY-III.NFO,09/05/2025,09:21:57,54375,54340.6,35,54376.2,35,35,48055
BANKNIFTY-III.NFO,09/05/2025,09:21:58,54375,54340.6,35,54350,35,0,48055
BANKNIFTY-III.NFO,09/05/2025,09:21:59,54350,54340.6,35,54376,70,35,48055
BANKNIFTY-III.NFO,09/05/2025,09:22:01,54350,54350,350,54365.6,105,0,48055
BANKNIFTY-III.NFO,09/05/2025,09:22:02,54350,54340,35,54364.8,105,350,48055
BANKNIFTY-III.NFO,09/05/2025,09:22:03,54350,54340,35,54364.4,105,0,48055
BANKNIFTY-III.NFO,09/05/2025,09:22:04,54350,54340,35,54363.2,105,0,48055
BANKNIFTY-III.NFO,09/05/2025,09:22:08,54350,54340,35,54362,70,0,48055
BANKNIFTY-III.NFO,09/05/2025,09:22:11,54340,54327,35,54353.8,105,35,48055
BANKNIFTY-III.NFO,09/05/2025,09:22:14,54340,54327,35,54351,105,0,48055
BANKNIFTY-III.NFO,09/05/2025,09:22:16,54340,54327,35,54350.2,175,0,48055
BANKNIFTY-III.NFO,09/05/2025,09:22:17,54340,54327,35,54343.8,70,0,48055
BANKNIFTY-III.NFO,09/05/2025,09:22:19,54327,54309.8,35,54342.2,70,35,48055
BANKNIFTY-III.NFO,09/05/2025,09:22:20,54327,54309.8,35,54342.2,70,0,48055
BANKNIFTY-III.NFO,09/05/2025,09:22:22,54327,54309.8,35,54341.4,70,0,48055
BANKNIFTY-III.NFO,09/05/2025,09:22:23,54327,54303.4,70,54337.6,70,0,48055
BANKNIFTY-III.NFO,09/05/2025,09:22:25,54327,54303.6,70,54333,70,0,48055
BANKNIFTY-III.NFO,09/05/2025,09:22:26,54325,54325,35,54333,70,35,48055
BANKNIFTY-III.NFO,09/05/2025,09:22:28,54325,54325,35,54333,70,0,48055
BANKNIFTY-III.NFO,09/05/2025,09:22:30,54325,54303.4,35,54333,70,105,48055
BANKNIFTY-III.NFO,09/05/2025,09:22:31,54325,54303.4,70,54333,70,0,48055
BANKNIFTY-III.NFO,09/05/2025,09:22:33,54325,54303.6,70,54333,70,0,48055
BANKNIFTY-III.NFO,09/05/2025,09:22:34,54325,54303.6,70,54342.2,70,0,48055
BANKNIFTY-III.NFO,09/05/2025,09:22:38,54303.6,54303.6,35,54342.2,70,35,48055
BANKNIFTY-III.NFO,09/05/2025,09:22:44,54303.6,54303.6,70,54342.4,35,0,48055
BANKNIFTY-III.NFO,09/05/2025,09:22:46,54303.6,54303.6,105,54342.4,35,0,48055
BANKNIFTY-III.NFO,09/05/2025,09:22:47,54303.6,54303.6,70,54342.4,35,35,48055
BANKNIFTY-III.NFO,09/05/2025,09:22:49,54303.6,54304.6,70,54350,35,0,48055
BANKNIFTY-III.NFO,09/05/2025,09:22:51,54303.6,54309.2,70,54350,70,0,48055
BANKNIFTY-III.NFO,09/05/2025,09:22:52,54350,54342.4,70,54371,70,35,48055
BANKNIFTY-III.NFO,09/05/2025,09:22:54,54350,54342.4,70,54371,70,0,48055
BANKNIFTY-III.NFO,09/05/2025,09:22:55,54371,54342.6,35,54373.4,70,35,48055
BANKNIFTY-III.NFO,09/05/2025,09:22:56,54371,54350.2,70,54380.6,70,0,48055
BANKNIFTY-III.NFO,09/05/2025,09:22:57,54371,54350.2,35,54380.6,70,0,48055
BANKNIFTY-III.NFO,09/05/2025,09:22:58,54371,54350.2,35,54380.6,280,0,48055
BANKNIFTY-III.NFO,09/05/2025,09:23:00,54371,54350,35,54378.2,70,0,48055
BANKNIFTY-III.NFO,09/05/2025,09:23:01,54371,54350,70,54378.2,70,0,48055
BANKNIFTY-III.NFO,09/05/2025,09:23:02,54371,54350,105,54376.2,70,0,48055
BANKNIFTY-III.NFO,09/05/2025,09:23:03,54371,54350,70,54375,70,0,48055
BANKNIFTY-III.NFO,09/05/2025,09:23:05,54371,54350,70,54354.4,105,0,48055
BANKNIFTY-III.NFO,09/05/2025,09:23:06,54371,54350,70,54357.8,105,0,48055
BANKNIFTY-III.NFO,09/05/2025,09:23:07,54350,54342.4,35,54357.8,105,70,48055
BANKNIFTY-III.NFO,09/05/2025,09:23:08,54350,54342.4,35,54357.8,105,0,48055
BANKNIFTY-III.NFO,09/05/2025,09:23:12,54357.8,54342.4,35,54357.2,70,70,48055
BANKNIFTY-III.NFO,09/05/2025,09:23:13,54360,54324.4,35,54356.2,105,35,48055
BANKNIFTY-III.NFO,09/05/2025,09:23:14,54360,54320.6,70,54349.8,70,0,48055
BANKNIFTY-III.NFO,09/05/2025,09:23:16,54349.8,54324.6,35,54349.8,35,35,48055
BANKNIFTY-III.NFO,09/05/2025,09:23:17,54349.8,54325,35,54350,105,0,48055
BANKNIFTY-III.NFO,09/05/2025,09:23:18,54349.8,54327.8,35,54350,105,0,48055
BANKNIFTY-III.NFO,09/05/2025,09:23:19,54349.8,54322.6,35,54349.8,35,175,48055
BANKNIFTY-III.NFO,09/05/2025,09:23:21,54349.8,54323.4,35,54349.8,35,0,48055
BANKNIFTY-III.NFO,09/05/2025,09:23:22,54349.8,54330.6,35,54350,70,0,48055
BANKNIFTY-III.NFO,09/05/2025,09:23:23,54349.8,54325,35,54349.8,70,0,48055
BANKNIFTY-III.NFO,09/05/2025,09:23:24,54349.8,54322.2,35,54349.8,70,0,48055
BANKNIFTY-III.NFO,09/05/2025,09:23:26,54349.8,54316.6,35,54349.8,70,0,48055
BANKNIFTY-III.NFO,09/05/2025,09:23:27,54349.8,54316.4,35,54349.8,105,0,48055
BANKNIFTY-III.NFO,09/05/2025,09:23:29,54349.8,54317.4,35,54349.8,105,0,48055
BANKNIFTY-III.NFO,09/05/2025,09:23:31,54349.8,54322.2,35,54349.8,105,0,48055
BANKNIFTY-III.NFO,09/05/2025,09:23:32,54349.8,54316.4,35,54337.6,70,0,48055
BANKNIFTY-III.NFO,09/05/2025,09:23:33,54349.8,54320,105,54345.6,70,0,48055
BANKNIFTY-III.NFO,09/05/2025,09:23:34,54349.8,54314.8,35,54345.6,70,0,48055
BANKNIFTY-III.NFO,09/05/2025,09:23:35,54349.8,54315.2,35,54340.6,35,0,48055
BANKNIFTY-III.NFO,09/05/2025,09:23:37,54349.8,54316.2,35,54345.4,35,0,48055
BANKNIFTY-III.NFO,09/05/2025,09:23:38,54349.8,54320.4,70,54346.6,70,0,48055
BANKNIFTY-III.NFO,09/05/2025,09:23:39,54349.8,54323.8,35,54347.8,70,0,48055
BANKNIFTY-III.NFO,09/05/2025,09:23:40,54349.8,54323.6,35,54346.8,70,0,48055
BANKNIFTY-III.NFO,09/05/2025,09:23:42,54349.8,54319.2,35,54341.2,70,0,48055
BANKNIFTY-III.NFO,09/05/2025,09:23:43,54349.8,54318.4,35,54341.2,70,0,48055
BANKNIFTY-III.NFO,09/05/2025,09:23:44,54349.8,54319.4,35,54346.6,35,0,48055
BANKNIFTY-III.NFO,09/05/2025,09:23:47,54349.8,54320.6,35,54347.8,35,0,48055
BANKNIFTY-III.NFO,09/05/2025,09:23:48,54349.8,54326.6,70,54347.8,35,0,48055
BANKNIFTY-III.NFO,09/05/2025,09:23:50,54349.8,54326.8,35,54347.8,35,0,48055
BANKNIFTY-III.NFO,09/05/2025,09:23:51,54349.8,54326.8,35,54348,35,0,48055
BANKNIFTY-III.NFO,09/05/2025,09:23:54,54348,54330.8,35,54349.8,35,35,48055
BANKNIFTY-III.NFO,09/05/2025,09:23:55,54349.8,54331.2,35,54350,70,35,48055
BANKNIFTY-III.NFO,09/05/2025,09:23:56,54349.8,54331.2,35,54349.8,35,0,48055
BANKNIFTY-III.NFO,09/05/2025,09:23:58,54349.8,54324,35,54349.8,70,0,48055
BANKNIFTY-III.NFO,09/05/2025,09:23:59,54349.8,54322.4,35,54349.8,70,0,48055
BANKNIFTY-III.NFO,09/05/2025,09:24:00,54349.8,54318.2,35,54349.8,70,0,48055
BANKNIFTY-III.NFO,09/05/2025,09:24:03,54349.8,54315.2,70,54338.2,35,0,48055
BANKNIFTY-III.NFO,09/05/2025,09:24:06,54349.8,54315.2,70,54338.4,35,0,48055
BANKNIFTY-III.NFO,09/05/2025,09:24:08,54349.8,54315.2,35,54338.2,35,0,48055
BANKNIFTY-III.NFO,09/05/2025,09:24:09,54349.8,54315.2,70,54338.2,35,0,48055
BANKNIFTY-III.NFO,09/05/2025,09:24:10,54349.8,54315,35,54338.2,35,0,48055
BANKNIFTY-III.NFO,09/05/2025,09:24:12,54349.8,54315.6,35,54338.4,35,0,48055
BANKNIFTY-III.NFO,09/05/2025,09:24:14,54349.8,54315.2,70,54334.4,35,0,48055
BANKNIFTY-III.NFO,09/05/2025,09:24:15,54349.8,54315.2,70,54338.2,35,0,48055
BANKNIFTY-III.NFO,09/05/2025,09:24:16,54349.8,54315,70,54338.2,35,0,48055
BANKNIFTY-III.NFO,09/05/2025,09:24:17,54349.8,54315,35,54329.2,35,0,48055
BANKNIFTY-III.NFO,09/05/2025,09:24:20,54349.8,54315.2,35,54339.8,35,0,48055
BANKNIFTY-III.NFO,09/05/2025,09:24:21,54349.8,54316,35,54344.8,70,0,48055
BANKNIFTY-III.NFO,09/05/2025,09:24:24,54349.8,54320,70,54344.8,70,0,48055
BANKNIFTY-III.NFO,09/05/2025,09:24:25,54349.8,54320.2,35,54342.2,70,0,48055
BANKNIFTY-III.NFO,09/05/2025,09:24:26,54349.8,54316.4,35,54342.2,70,0,48055
BANKNIFTY-III.NFO,09/05/2025,09:24:27,54349.8,54316.2,35,54335.6,70,0,48055
BANKNIFTY-III.NFO,09/05/2025,09:24:29,54349.8,54315.2,35,54337.6,70,0,48055
BANKNIFTY-III.NFO,09/05/2025,09:24:30,54315,54310.2,70,54330.8,35,35,48370
BANKNIFTY-III.NFO,09/05/2025,09:24:31,54315,54310,35,54322,35,0,48370
BANKNIFTY-III.NFO,09/05/2025,09:24:32,54315,54310,35,54321.8,35,0,48370
BANKNIFTY-III.NFO,09/05/2025,09:24:34,54315,54310.2,70,54322,35,0,48370
BANKNIFTY-III.NFO,09/05/2025,09:24:36,54315,54310,70,54322,35,0,48370
BANKNIFTY-III.NFO,09/05/2025,09:24:37,54315,54310.2,70,54322,35,0,48370
BANKNIFTY-III.NFO,09/05/2025,09:24:39,54322,54312.2,70,54343,35,35,48370
BANKNIFTY-III.NFO,09/05/2025,09:24:40,54322,54312.2,70,54343,35,0,48370
BANKNIFTY-III.NFO,09/05/2025,09:24:41,54322,54312.2,70,54342.6,35,0,48370
BANKNIFTY-III.NFO,09/05/2025,09:24:42,54322,54318.8,35,54348.8,70,0,48370
BANKNIFTY-III.NFO,09/05/2025,09:24:44,54322,54325.8,35,54349,70,0,48370
BANKNIFTY-III.NFO,09/05/2025,09:24:45,54322,54331,70,54349,70,0,48370
BANKNIFTY-III.NFO,09/05/2025,09:24:46,54322,54335,70,54349,70,0,48370
BANKNIFTY-III.NFO,09/05/2025,09:24:47,54335,54335.6,35,54349,70,35,48370
BANKNIFTY-III.NFO,09/05/2025,09:24:48,54335,54329.4,35,54348.8,35,0,48370
BANKNIFTY-III.NFO,09/05/2025,09:24:50,54335,54329.2,35,54348.8,70,0,48370
BANKNIFTY-III.NFO,09/05/2025,09:24:51,54335,54335,70,54349,70,0,48370
BANKNIFTY-III.NFO,09/05/2025,09:24:57,54335,54335,35,54348.8,35,0,48370
BANKNIFTY-III.NFO,09/05/2025,09:24:58,54335,54335,70,54349,70,0,48370
BANKNIFTY-III.NFO,09/05/2025,09:25:00,54335,54336.4,35,54349,70,0,48370
BANKNIFTY-III.NFO,09/05/2025,09:25:01,54349,54348.8,35,54374.8,70,70,48370
BANKNIFTY-III.NFO,09/05/2025,09:25:02,54349,54348.8,35,54374.8,70,0,48370
BANKNIFTY-III.NFO,09/05/2025,09:25:03,54349,54348.8,35,54374.8,35,0,48370
BANKNIFTY-III.NFO,09/05/2025,09:25:05,54349,54353.6,35,54374.8,35,0,48370
BANKNIFTY-III.NFO,09/05/2025,09:25:06,54353.6,54353.4,35,54374.8,35,70,48370
BANKNIFTY-III.NFO,09/05/2025,09:25:07,54353.6,54353.4,35,54375,35,0,48370
BANKNIFTY-III.NFO,09/05/2025,09:25:11,54353.4,54350,35,54370,35,35,48370
BANKNIFTY-III.NFO,09/05/2025,09:25:12,54353.4,54355,70,54374.6,35,0,48370
BANKNIFTY-III.NFO,09/05/2025,09:25:13,54353.4,54355,70,54375,70,0,48370
BANKNIFTY-III.NFO,09/05/2025,09:25:15,54353.4,54355,70,54374.8,35,0,48370
BANKNIFTY-III.NFO,09/05/2025,09:25:16,54375,54355.2,70,54393.4,35,35,48370
BANKNIFTY-III.NFO,09/05/2025,09:25:17,54375,54355.2,70,54395.4,35,0,48370
BANKNIFTY-III.NFO,09/05/2025,09:25:19,54375,54356.4,70,54400,70,0,48370
BANKNIFTY-III.NFO,09/05/2025,09:25:20,54375,54356.4,70,54399.8,70,0,48370
BANKNIFTY-III.NFO,09/05/2025,09:25:22,54375,54356.4,70,54397.8,70,0,48370
BANKNIFTY-III.NFO,09/05/2025,09:25:23,54375,54356.4,70,54392.8,105,0,48370
BANKNIFTY-III.NFO,09/05/2025,09:25:24,54380,54356.2,35,54394,35,35,48370
BANKNIFTY-III.NFO,09/05/2025,09:25:25,54380,54356.4,70,54388.4,35,0,48370
BANKNIFTY-III.NFO,09/05/2025,09:25:27,54356.4,54356.4,70,54392.6,35,35,48370
BANKNIFTY-III.NFO,09/05/2025,09:25:28,54356.4,54356.4,70,54392.6,35,0,48370
BANKNIFTY-III.NFO,09/05/2025,09:25:29,54356.4,54356.4,70,54391.8,70,0,48370
BANKNIFTY-III.NFO,09/05/2025,09:25:31,54356.4,54356.2,35,54384.8,70,0,48370
BANKNIFTY-III.NFO,09/05/2025,09:25:32,54356.4,54356.2,35,54385,35,0,48370
BANKNIFTY-III.NFO,09/05/2025,09:25:36,54356.4,54356.2,35,54382.8,70,0,48370
BANKNIFTY-III.NFO,09/05/2025,09:25:37,54356.4,54356.4,70,54388.6,35,0,48370
BANKNIFTY-III.NFO,09/05/2025,09:25:38,54356.4,54356.4,35,54392.2,35,35,48370
BANKNIFTY-III.NFO,09/05/2025,09:25:39,54356.4,54356.2,35,54391.2,35,0,48370
BANKNIFTY-III.NFO,09/05/2025,09:25:42,54356.4,54356.2,35,54391.4,105,0,48370
BANKNIFTY-III.NFO,09/05/2025,09:25:44,54356.4,54356.2,35,54388.4,35,0,48370
BANKNIFTY-III.NFO,09/05/2025,09:25:46,54356.2,54355.8,35,54387.6,35,35,48370
BANKNIFTY-III.NFO,09/05/2025,09:25:47,54356.2,54355.8,35,54387.6,35,0,48370
BANKNIFTY-III.NFO,09/05/2025,09:25:48,54356.2,54355.8,35,54387.8,35,0,48370
BANKNIFTY-III.NFO,09/05/2025,09:25:49,54356.2,54355.8,35,54387.6,35,0,48370
BANKNIFTY-III.NFO,09/05/2025,09:25:51,54356.2,54356,70,54396,35,0,48370
BANKNIFTY-III.NFO,09/05/2025,09:25:52,54356.2,54362.8,70,54399.6,35,0,48370
BANKNIFTY-III.NFO,09/05/2025,09:25:53,54356.2,54364,70,54400,280,0,48370
BANKNIFTY-III.NFO,09/05/2025,09:25:54,54356.2,54368.4,245,54400,245,0,48370
BANKNIFTY-III.NFO,09/05/2025,09:25:56,54356.2,54368.4,35,54400,280,0,48370
BANKNIFTY-III.NFO,09/05/2025,09:25:57,54356.2,54369,70,54400,245,0,48370
BANKNIFTY-III.NFO,09/05/2025,09:25:58,54356.2,54370.2,70,54400,245,0,48370
BANKNIFTY-III.NFO,09/05/2025,09:25:59,54356.2,54371.2,70,54400,245,0,48370
BANKNIFTY-III.NFO,09/05/2025,09:26:01,54400,54376.4,70,54410,35,245,48370
BANKNIFTY-III.NFO,09/05/2025,09:26:02,54400,54389.8,70,54410,35,0,48370
BANKNIFTY-III.NFO,09/05/2025,09:26:03,54400,54390.4,70,54410,35,0,48370
BANKNIFTY-III.NFO,09/05/2025,09:26:04,54400,54391.4,35,54410,35,0,48370
BANKNIFTY-III.NFO,09/05/2025,09:26:06,54400,54392.4,245,54410,35,0,48370
BANKNIFTY-III.NFO,09/05/2025,09:26:07,54400,54392.4,35,54410,35,0,48370
BANKNIFTY-III.NFO,09/05/2025,09:26:11,54400,54392.6,70,54410,35,0,48370
BANKNIFTY-III.NFO,09/05/2025,09:26:12,54400,54393.2,70,54410,35,0,48370
BANKNIFTY-III.NFO,09/05/2025,09:26:13,54400,54393,35,54410,35,35,48370
BANKNIFTY-III.NFO,09/05/2025,09:26:14,54400,54379.4,35,54409.8,35,0,48370
BANKNIFTY-III.NFO,09/05/2025,09:26:16,54400,54380,245,54408.2,35,0,48370
BANKNIFTY-III.NFO,09/05/2025,09:26:17,54400,54380,35,54408.2,35,0,48370
BANKNIFTY-III.NFO,09/05/2025,09:26:19,54400,54381.8,35,54410,35,0,48370
BANKNIFTY-III.NFO,09/05/2025,09:26:21,54400,54381.8,35,54409.8,70,0,48370
BANKNIFTY-III.NFO,09/05/2025,09:26:22,54400,54400,315,54410,35,35,48370
BANKNIFTY-III.NFO,09/05/2025,09:26:23,54400,54400,315,54409.8,70,0,48370
BANKNIFTY-III.NFO,09/05/2025,09:26:29,54400,54400,315,54409.8,35,0,48370
BANKNIFTY-III.NFO,09/05/2025,09:26:31,54400,54400,315,54410,35,0,48370
BANKNIFTY-III.NFO,09/05/2025,09:26:33,54410,54400,420,54433.2,35,35,48370
BANKNIFTY-III.NFO,09/05/2025,09:26:34,54400,54400,385,54433.2,35,35,48370
BANKNIFTY-III.NFO,09/05/2025,09:26:35,54400,54400,385,54436,35,0,48370
BANKNIFTY-III.NFO,09/05/2025,09:26:36,54400,54401,315,54439.8,70,0,48370
BANKNIFTY-III.NFO,09/05/2025,09:26:38,54400,54402,315,54439.8,35,0,48370
BANKNIFTY-III.NFO,09/05/2025,09:26:39,54400,54411,315,54440,35,0,48370
BANKNIFTY-III.NFO,09/05/2025,09:26:40,54400,54415,105,54440,35,0,48370
BANKNIFTY-III.NFO,09/05/2025,09:26:41,54400,54420.4,35,54440,35,0,48370
BANKNIFTY-III.NFO,09/05/2025,09:26:49,54400,54415,35,54439.8,70,0,48370
BANKNIFTY-III.NFO,09/05/2025,09:26:50,54400,54415,105,54440,35,0,48370
BANKNIFTY-III.NFO,09/05/2025,09:26:51,54400,54415,105,54440,70,0,48370
BANKNIFTY-III.NFO,09/05/2025,09:26:52,54400,54416.4,245,54440,35,0,48370
BANKNIFTY-III.NFO,09/05/2025,09:26:53,54400,54417.4,245,54440,35,0,48370
BANKNIFTY-III.NFO,09/05/2025,09:26:55,54400,54419.4,245,54440,35,0,48370
BANKNIFTY-III.NFO,09/05/2025,09:26:56,54400,54420.4,35,54439.8,35,0,48370
BANKNIFTY-III.NFO,09/05/2025,09:26:57,54400,54412,35,54438.6,70,0,48370
BANKNIFTY-III.NFO,09/05/2025,09:26:58,54400,54410,35,54436.2,70,0,48370
BANKNIFTY-III.NFO,09/05/2025,09:27:00,54400,54408,35,54433.4,70,0,48370
BANKNIFTY-III.NFO,09/05/2025,09:27:01,54400,54406.8,35,54431.6,35,0,48370
BANKNIFTY-III.NFO,09/05/2025,09:27:02,54400,54406.8,35,54436.4,35,0,48370
BANKNIFTY-III.NFO,09/05/2025,09:27:03,54436.6,54407,105,54439.6,35,70,48370
BANKNIFTY-III.NFO,09/05/2025,09:27:04,54436.6,54406.8,35,54439.6,35,0,48370
BANKNIFTY-III.NFO,09/05/2025,09:27:06,54436.6,54407,105,54439.8,35,0,48370
BANKNIFTY-III.NFO,09/05/2025,09:27:08,54436.6,54407,105,54439.6,35,0,48370
BANKNIFTY-III.NFO,09/05/2025,09:27:09,54407,54406.8,105,54440,35,70,48370
BANKNIFTY-III.NFO,09/05/2025,09:27:10,54407,54408.4,315,54448.2,35,0,48370
BANKNIFTY-III.NFO,09/05/2025,09:27:12,54407,54413.6,245,54448.2,35,0,48370
BANKNIFTY-III.NFO,09/05/2025,09:27:13,54407,54414.6,245,54451.4,35,0,48370
BANKNIFTY-III.NFO,09/05/2025,09:27:14,54407,54414.6,35,54450.6,35,0,48370
BANKNIFTY-III.NFO,09/05/2025,09:27:15,54407,54414.6,35,54449.4,35,0,48370
BANKNIFTY-III.NFO,09/05/2025,09:27:16,54407,54414.6,35,54446,35,0,48370
BANKNIFTY-III.NFO,09/05/2025,09:27:18,54407,54420.8,315,54449.2,35,0,48370
BANKNIFTY-III.NFO,09/05/2025,09:27:19,54407,54420.8,105,54460.2,35,0,48370
BANKNIFTY-III.NFO,09/05/2025,09:27:20,54407,54431.6,245,54463.6,35,0,48370
BANKNIFTY-III.NFO,09/05/2025,09:27:21,54407,54432.6,105,54464.8,35,0,48370
BANKNIFTY-III.NFO,09/05/2025,09:27:22,54407,54434.6,245,54466.4,35,0,48370
BANKNIFTY-III.NFO,09/05/2025,09:27:25,54407,54434.6,35,54471.4,35,0,48370
BANKNIFTY-III.NFO,09/05/2025,09:27:26,54407,54449.8,245,54473,105,0,48370
BANKNIFTY-III.NFO,09/05/2025,09:27:27,54407,54449.8,35,54472.8,35,0,48370
BANKNIFTY-III.NFO,09/05/2025,09:27:29,54407,54449.8,245,54473,105,0,48370
BANKNIFTY-III.NFO,09/05/2025,09:27:30,54407,54451.8,245,54473,105,0,48370
BANKNIFTY-III.NFO,09/05/2025,09:27:31,54480,54454.8,315,54497.6,35,140,48475
BANKNIFTY-III.NFO,09/05/2025,09:27:32,54480,54483.8,245,54500,70,0,48475
BANKNIFTY-III.NFO,09/05/2025,09:27:34,54480,54485.6,35,54500,70,0,48475
BANKNIFTY-III.NFO,09/05/2025,09:27:36,54500,54491.6,35,54518,70,70,48475
BANKNIFTY-III.NFO,09/05/2025,09:27:37,54500,54486.6,35,54513,35,0,48475
BANKNIFTY-III.NFO,09/05/2025,09:27:39,54500,54490,35,54506.8,70,0,48475
BANKNIFTY-III.NFO,09/05/2025,09:27:40,54500,54490,70,54511.8,35,0,48475
BANKNIFTY-III.NFO,09/05/2025,09:27:41,54500,54490,70,54514.6,35,0,48475
BANKNIFTY-III.NFO,09/05/2025,09:27:42,54500,54490,35,54511.4,70,0,48475
BANKNIFTY-III.NFO,09/05/2025,09:27:44,54512.6,54490,70,54515,70,105,48475
BANKNIFTY-III.NFO,09/05/2025,09:27:45,54512.6,54492.6,70,54527.4,70,0,48475
BANKNIFTY-III.NFO,09/05/2025,09:27:46,54512.6,54492.6,70,54525.8,70,0,48475
BANKNIFTY-III.NFO,09/05/2025,09:27:47,54512.6,54512.6,105,54533.6,70,0,48475
BANKNIFTY-III.NFO,09/05/2025,09:27:49,54538.2,54512.6,105,54538.2,35,35,48475
BANKNIFTY-III.NFO,09/05/2025,09:27:50,54538.2,54512.6,105,54538.2,35,0,48475
BANKNIFTY-III.NFO,09/05/2025,09:27:51,54538.2,54512.6,70,54531.4,70,0,48475
BANKNIFTY-III.NFO,09/05/2025,09:27:53,54538.2,54512.6,105,54540.4,35,0,48475
BANKNIFTY-III.NFO,09/05/2025,09:27:56,54538.2,54512.6,70,54533.2,70,0,48475
BANKNIFTY-III.NFO,09/05/2025,09:27:58,54538.2,54512.6,105,54533.2,70,0,48475
BANKNIFTY-III.NFO,09/05/2025,09:27:59,54525.2,54492.4,35,54525.2,35,105,48475
BANKNIFTY-III.NFO,09/05/2025,09:28:00,54525.2,54489.6,35,54519,70,0,48475
BANKNIFTY-III.NFO,09/05/2025,09:28:01,54486.4,54479.2,35,54508,35,35,48475
BANKNIFTY-III.NFO,09/05/2025,09:28:03,54486.4,54478.8,35,54506.4,70,0,48475
BANKNIFTY-III.NFO,09/05/2025,09:28:04,54486.4,54478.8,35,54499.8,35,0,48475
BANKNIFTY-III.NFO,09/05/2025,09:28:05,54486.4,54466.8,35,54498.2,70,0,48475
BANKNIFTY-III.NFO,09/05/2025,09:28:06,54486.4,54466.8,35,54497.4,70,0,48475
BANKNIFTY-III.NFO,09/05/2025,09:28:08,54497.8,54466.4,35,54498,70,210,48475
BANKNIFTY-III.NFO,09/05/2025,09:28:09,54497.8,54466.4,35,54498,70,0,48475
BANKNIFTY-III.NFO,09/05/2025,09:28:10,54497.8,54451.8,35,54475,70,0,48475
BANKNIFTY-III.NFO,09/05/2025,09:28:11,54475,54454.2,35,54491.2,70,35,48475
BANKNIFTY-III.NFO,09/05/2025,09:28:13,54488.2,54454.4,70,54488.4,35,35,48475
BANKNIFTY-III.NFO,09/05/2025,09:28:14,54488.2,54448.4,35,54480.8,175,35,48475
BANKNIFTY-III.NFO,09/05/2025,09:28:15,54488.2,54448.4,35,54480.8,35,0,48475
BANKNIFTY-III.NFO,09/05/2025,09:28:16,54488.2,54445.6,35,54473.6,175,0,48475
BANKNIFTY-III.NFO,09/05/2025,09:28:18,54488.2,54449.4,70,54488.4,35,0,48475
BANKNIFTY-III.NFO,09/05/2025,09:28:20,54488.2,54452.4,35,54484.6,35,0,48475
BANKNIFTY-III.NFO,09/05/2025,09:28:21,54488.2,54463.6,35,54480,35,0,48475
BANKNIFTY-III.NFO,09/05/2025,09:28:23,54480,54467.4,140,54498.4,175,35,48475
BANKNIFTY-III.NFO,09/05/2025,09:28:24,54480,54471,70,54504.8,35,0,48475
BANKNIFTY-III.NFO,09/05/2025,09:28:26,54480,54471,70,54504,175,0,48475
BANKNIFTY-III.NFO,09/05/2025,09:28:27,54480,54460.8,35,54488.2,175,0,48475
BANKNIFTY-III.NFO,09/05/2025,09:28:28,54480,54452.4,35,54479.2,175,0,48475
BANKNIFTY-III.NFO,09/05/2025,09:28:29,54480,54452.4,35,54478.6,35,0,48475
BANKNIFTY-III.NFO,09/05/2025,09:28:31,54480,54445.2,35,54472.4,35,0,48475
BANKNIFTY-III.NFO,09/05/2025,09:28:32,54480,54439.4,70,54467.4,175,0,48475
BANKNIFTY-III.NFO,09/05/2025,09:28:33,54480,54439.2,35,54465.4,175,0,48475
BANKNIFTY-III.NFO,09/05/2025,09:28:34,54480,54434,35,54465.2,70,0,48475
BANKNIFTY-III.NFO,09/05/2025,09:28:36,54480,54427.2,35,54456.6,175,0,48475
BANKNIFTY-III.NFO,09/05/2025,09:28:37,54480,54422.6,70,54451,35,0,48475
BANKNIFTY-III.NFO,09/05/2025,09:28:39,54480,54417.8,70,54450.8,70,0,48475
BANKNIFTY-III.NFO,09/05/2025,09:28:41,54480,54417.8,70,54451,35,0,48475
BANKNIFTY-III.NFO,09/05/2025,09:28:42,54480,54417.6,35,54450.8,70,0,48475
BANKNIFTY-III.NFO,09/05/2025,09:28:43,54480,54405.2,70,54430.4,175,0,48475
BANKNIFTY-III.NFO,09/05/2025,09:28:44,54480,54403.6,70,54430.4,35,0,48475
BANKNIFTY-III.NFO,09/05/2025,09:28:46,54480,54400.2,70,54426,175,0,48475
BANKNIFTY-III.NFO,09/05/2025,09:28:47,54480,54400.2,70,54426,35,0,48475
BANKNIFTY-III.NFO,09/05/2025,09:28:51,54480,54402.6,140,54430.4,35,0,48475
BANKNIFTY-III.NFO,09/05/2025,09:28:52,54480,54402.6,70,54430.4,35,0,48475
BANKNIFTY-III.NFO,09/05/2025,09:28:53,54480,54407.8,70,54439.8,385,0,48475
BANKNIFTY-III.NFO,09/05/2025,09:28:54,54480,54400,280,54418.2,175,0,48475
BANKNIFTY-III.NFO,09/05/2025,09:28:56,54480,54400,280,54414.4,210,0,48475
BANKNIFTY-III.NFO,09/05/2025,09:28:57,54480,54400,280,54415.8,175,0,48475
BANKNIFTY-III.NFO,09/05/2025,09:28:58,54480,54400,280,54410.6,140,0,48475
BANKNIFTY-III.NFO,09/05/2025,09:28:59,54480,54400,280,54416.4,35,0,48475
BANKNIFTY-III.NFO,09/05/2025,09:29:01,54480,54400,280,54416.6,140,0,48475
BANKNIFTY-III.NFO,09/05/2025,09:29:02,54480,54400,280,54420,175,0,48475
BANKNIFTY-III.NFO,09/05/2025,09:29:03,54480,54400,280,54410,140,0,48475
BANKNIFTY-III.NFO,09/05/2025,09:29:04,54480,54400,280,54409.8,140,0,48475
BANKNIFTY-III.NFO,09/05/2025,09:29:06,54400,54373.4,70,54395.2,35,280,48475
BANKNIFTY-III.NFO,09/05/2025,09:29:07,54400,54366.4,70,54395.2,35,0,48475
BANKNIFTY-III.NFO,09/05/2025,09:29:08,54400,54366.4,70,54394.6,70,0,48475
BANKNIFTY-III.NFO,09/05/2025,09:29:09,54400,54366.4,70,54392,35,0,48475
BANKNIFTY-III.NFO,09/05/2025,09:29:14,54400,54367.6,70,54398.6,35,0,48475
BANKNIFTY-III.NFO,09/05/2025,09:29:16,54400,54369.6,70,54400,70,0,48475
BANKNIFTY-III.NFO,09/05/2025,09:29:19,54400,54369.6,70,54399.8,70,0,48475
BANKNIFTY-III.NFO,09/05/2025,09:29:20,54400,54369.6,70,54396.6,70,0,48475
BANKNIFTY-III.NFO,09/05/2025,09:29:21,54400,54366.2,70,54386.8,70,0,48475
BANKNIFTY-III.NFO,09/05/2025,09:29:23,54400,54366.2,70,54387,35,0,48475
BANKNIFTY-III.NFO,09/05/2025,09:29:24,54400,54366.2,70,54390.8,175,0,48475
BANKNIFTY-III.NFO,09/05/2025,09:29:25,54400,54366,70,54385.6,175,0,48475
BANKNIFTY-III.NFO,09/05/2025,09:29:26,54400,54366,35,54379.2,175,0,48475
BANKNIFTY-III.NFO,09/05/2025,09:29:28,54400,54366,35,54375.4,140,0,48475
BANKNIFTY-III.NFO,09/05/2025,09:29:30,54366,54339.4,70,54362.4,35,35,48475
BANKNIFTY-III.NFO,09/05/2025,09:29:31,54366,54339.4,70,54362.4,35,0,48475
BANKNIFTY-III.NFO,09/05/2025,09:29:33,54366,54339.4,70,54370,35,0,48475
BANKNIFTY-III.NFO,09/05/2025,09:29:34,54366,54339.4,70,54365.2,35,0,48475
BANKNIFTY-III.NFO,09/05/2025,09:29:35,54336,54336,35,54362.6,35,70,48475
BANKNIFTY-III.NFO,09/05/2025,09:29:36,54336,54336.8,70,54369.8,35,0,48475
BANKNIFTY-III.NFO,09/05/2025,09:29:38,54336,54336.8,70,54367.4,35,0,48475
BANKNIFTY-III.NFO,09/05/2025,09:29:39,54336,54335.4,70,54365.4,70,0,48475
BANKNIFTY-III.NFO,09/05/2025,09:29:40,54336,54335.4,70,54365.4,35,0,48475
BANKNIFTY-III.NFO,09/05/2025,09:29:41,54336,54330.8,70,54356.8,35,0,48475
BANKNIFTY-III.NFO,09/05/2025,09:29:43,54336,54330.4,70,54352.2,35,0,48475
BANKNIFTY-III.NFO,09/05/2025,09:29:44,54336,54330.4,70,54352,70,0,48475
BANKNIFTY-III.NFO,09/05/2025,09:29:45,54326.2,54326,70,54358.4,35,490,48475
BANKNIFTY-III.NFO,09/05/2025,09:29:46,54326.2,54330.2,35,54360.4,35,0,48475
BANKNIFTY-III.NFO,09/05/2025,09:29:48,54330.2,54329.6,70,54355.4,140,35,48475
BANKNIFTY-III.NFO,09/05/2025,09:29:49,54330.2,54329.6,70,54355.6,35,0,48475
BANKNIFTY-III.NFO,09/05/2025,09:29:50,54330.2,54329.6,70,54355.4,70,0,48475
BANKNIFTY-III.NFO,09/05/2025,09:29:51,54330.2,54329.6,70,54355.6,35,0,48475
BANKNIFTY-III.NFO,09/05/2025,09:29:53,54330.2,54331.2,70,54362.2,70,0,48475
BANKNIFTY-III.NFO,09/05/2025,09:29:56,54330.2,54333.2,140,54363.4,35,0,48475
BANKNIFTY-III.NFO,09/05/2025,09:29:57,54330.2,54333.2,70,54362.6,70,0,48475
BANKNIFTY-III.NFO,09/05/2025,09:29:59,54330.2,54327.8,70,54358.6,70,0,48475
BANKNIFTY-III.NFO,09/05/2025,09:30:00,54330.2,54327.8,70,54358.8,35,0,48475
BANKNIFTY-III.NFO,09/05/2025,09:30:01,54330.2,54328.2,70,54358.8,35,0,48475
BANKNIFTY-III.NFO,09/05/2025,09:30:02,54330.2,54328.2,70,54358.2,70,0,48475
BANKNIFTY-III.NFO,09/05/2025,09:30:06,54330.2,54325.2,70,54350,70,0,48475
BANKNIFTY-III.NFO,09/05/2025,09:30:08,54330.2,54325.2,105,54350,70,0,48475
BANKNIFTY-III.NFO,09/05/2025,09:30:09,54330.2,54330.2,35,54350,70,0,48475
BANKNIFTY-III.NFO,09/05/2025,09:30:10,54330.2,54330.4,105,54353,70,0,48475
BANKNIFTY-III.NFO,09/05/2025,09:30:11,54330.2,54330.4,70,54353,70,0,48475
BANKNIFTY-III.NFO,09/05/2025,09:30:13,54330.2,54330.2,35,54346.4,70,0,48475
BANKNIFTY-III.NFO,09/05/2025,09:30:14,54320,54310.2,70,54340.4,70,105,48475
BANKNIFTY-III.NFO,09/05/2025,09:30:15,54320,54310,35,54335.2,70,0,48475
BANKNIFTY-III.NFO,09/05/2025,09:30:16,54320,54310,35,54323.6,70,0,48475
BANKNIFTY-III.NFO,09/05/2025,09:30:18,54320,54310,35,54318.2,70,0,48475
BANKNIFTY-III.NFO,09/05/2025,09:30:19,54300,54290,35,54310.8,105,140,48475
BANKNIFTY-III.NFO,09/05/2025,09:30:20,54300,54290.2,105,54310.8,35,0,48475
BANKNIFTY-III.NFO,09/05/2025,09:30:21,54300,54290.2,105,54310.6,70,0,48475
BANKNIFTY-III.NFO,09/05/2025,09:30:22,54300,54290,35,54310.6,70,0,48475
BANKNIFTY-III.NFO,09/05/2025,09:30:24,54300,54290,35,54307,70,0,48475
BANKNIFTY-III.NFO,09/05/2025,09:30:26,54300,54290,35,54305.4,140,0,48475
BANKNIFTY-III.NFO,09/05/2025,09:30:27,54290,54280,70,54295.4,105,35,48475
BANKNIFTY-III.NFO,09/05/2025,09:30:29,54290,54280,70,54295.4,105,0,49350
BANKNIFTY-III.NFO,09/05/2025,09:30:30,54290,54280,70,54297.8,105,0,49350
BANKNIFTY-III.NFO,09/05/2025,09:30:32,54290,54280,70,54297,70,0,49350
BANKNIFTY-III.NFO,09/05/2025,09:30:34,54290,54280,105,54302.2,70,0,49350
BANKNIFTY-III.NFO,09/05/2025,09:30:35,54290,54280.2,70,54299.2,70,0,49350
BANKNIFTY-III.NFO,09/05/2025,09:30:36,54280,54253.2,70,54281.8,70,105,49350
BANKNIFTY-III.NFO,09/05/2025,09:30:37,54280,54254,140,54282,35,0,49350
BANKNIFTY-III.NFO,09/05/2025,09:30:39,54280,54254,70,54281.8,70,0,49350
BANKNIFTY-III.NFO,09/05/2025,09:30:40,54280,54250.2,105,54281.8,70,0,49350
BANKNIFTY-III.NFO,09/05/2025,09:30:41,54280,54250.6,105,54281.8,70,0,49350
BANKNIFTY-III.NFO,09/05/2025,09:30:42,54280,54264,70,54290,210,0,49350
BANKNIFTY-III.NFO,09/05/2025,09:30:44,54280,54264,70,54289.8,70,0,49350
BANKNIFTY-III.NFO,09/05/2025,09:30:45,54280,54264,70,54290,210,0,49350
BANKNIFTY-III.NFO,09/05/2025,09:30:46,54270,54270,70,54290,175,35,49350
BANKNIFTY-III.NFO,09/05/2025,09:30:49,54270,54263.2,35,54290,210,0,49350
BANKNIFTY-III.NFO,09/05/2025,09:30:50,54270,54257.6,35,54285,70,0,49350
BANKNIFTY-III.NFO,09/05/2025,09:30:52,54257.6,54253.4,35,54284.4,70,35,49350
BANKNIFTY-III.NFO,09/05/2025,09:30:54,54257.6,54270,105,54284.6,35,0,49350
BANKNIFTY-III.NFO,09/05/2025,09:30:55,54257.6,54270,105,54285,35,0,49350
BANKNIFTY-III.NFO,09/05/2025,09:30:56,54257.6,54270,105,54285,70,0,49350
BANKNIFTY-III.NFO,09/05/2025,09:30:59,54257.6,54270,105,54283.2,70,0,49350
BANKNIFTY-III.NFO,09/05/2025,09:31:00,54270,54250,175,54278.8,70,105,49350
BANKNIFTY-III.NFO,09/05/2025,09:31:01,54270,54250,175,54278.8,70,0,49350
BANKNIFTY-III.NFO,09/05/2025,09:31:04,54270,54250,175,54278,70,0,49350
BANKNIFTY-III.NFO,09/05/2025,09:31:05,54270,54250,140,54276.8,70,0,49350
BANKNIFTY-III.NFO,09/05/2025,09:31:06,54257,54250,175,54276.8,70,35,49350
BANKNIFTY-III.NFO,09/05/2025,09:31:07,54257,54250,140,54276.8,70,0,49350
BANKNIFTY-III.NFO,09/05/2025,09:31:08,54257,54250,175,54276.8,70,0,49350
BANKNIFTY-III.NFO,09/05/2025,09:31:10,54276.8,54270,35,54282.4,105,35,49350
BANKNIFTY-III.NFO,09/05/2025,09:31:11,54276.8,54270,35,54282.4,105,0,49350
BANKNIFTY-III.NFO,09/05/2025,09:31:12,54276.8,54270,35,54281.4,70,0,49350
BANKNIFTY-III.NFO,09/05/2025,09:31:13,54270,54250.2,70,54281.4,70,35,49350
BANKNIFTY-III.NFO,09/05/2025,09:31:15,54270,54250.2,70,54281.4,70,0,49350
BANKNIFTY-III.NFO,09/05/2025,09:31:16,54270,54250.2,70,54276.2,70,0,49350
BANKNIFTY-III.NFO,09/05/2025,09:31:17,54270,54252.8,105,54279.8,105,0,49350
BANKNIFTY-III.NFO,09/05/2025,09:31:18,54282,54260.4,70,54270,35,245,49350
BANKNIFTY-III.NFO,09/05/2025,09:31:19,54270,54260.4,70,54284.8,105,35,49350
BANKNIFTY-III.NFO,09/05/2025,09:31:21,54268.6,54268.4,70,54285,35,70,49350
BANKNIFTY-III.NFO,09/05/2025,09:31:22,54285,54268.4,70,54300,70,35,49350
BANKNIFTY-III.NFO,09/05/2025,09:31:23,54285,54268.4,70,54300,35,0,49350
BANKNIFTY-III.NFO,09/05/2025,09:31:24,54285,54268.8,70,54300,35,0,49350
BANKNIFTY-III.NFO,09/05/2025,09:31:26,54285,54270.4,70,54300,70,0,49350
BANKNIFTY-III.NFO,09/05/2025,09:31:27,54285,54270.2,35,54299.8,70,0,49350
BANKNIFTY-III.NFO,09/05/2025,09:31:28,54285,54270.4,70,54300,70,0,49350
BANKNIFTY-III.NFO,09/05/2025,09:31:29,54285,54270.4,70,54300,35,0,49350
BANKNIFTY-III.NFO,09/05/2025,09:31:31,54285,54270.4,70,54300,70,0,49350
BANKNIFTY-III.NFO,09/05/2025,09:31:32,54300,54271.6,70,54311,35,35,49350
BANKNIFTY-III.NFO,09/05/2025,09:31:33,54300,54272.2,70,54310.8,70,0,49350
BANKNIFTY-III.NFO,09/05/2025,09:31:34,54300,54272.2,70,54311,35,0,49350
BANKNIFTY-III.NFO,09/05/2025,09:31:36,54300,54272.2,70,54310.4,70,0,49350
BANKNIFTY-III.NFO,09/05/2025,09:31:37,54300,54272,35,54308,70,0,49350
BANKNIFTY-III.NFO,09/05/2025,09:31:38,54300,54272.2,70,54308,70,0,49350
BANKNIFTY-III.NFO,09/05/2025,09:31:39,54300,54272,35,54307.2,70,0,49350
BANKNIFTY-III.NFO,09/05/2025,09:31:43,54300,54272.2,70,54307.2,70,0,49350
BANKNIFTY-III.NFO,09/05/2025,09:31:48,54300,54272.2,70,54307.4,35,0,49350
BANKNIFTY-III.NFO,09/05/2025,09:31:49,54300,54272.8,70,54310.6,35,0,49350
BANKNIFTY-III.NFO,09/05/2025,09:31:50,54300,54272.8,280,54310.6,35,0,49350
BANKNIFTY-III.NFO,09/05/2025,09:31:52,54300,54273.8,70,54310.4,70,0,49350
BANKNIFTY-III.NFO,09/05/2025,09:31:53,54300,54273.6,35,54310.4,70,0,49350
BANKNIFTY-III.NFO,09/05/2025,09:31:57,54273.6,54272.6,35,54310.4,70,35,49350
BANKNIFTY-III.NFO,09/05/2025,09:31:58,54273.6,54272.6,35,54310,70,0,49350
BANKNIFTY-III.NFO,09/05/2025,09:31:59,54273.6,54272.6,35,54308.8,70,0,49350
BANKNIFTY-III.NFO,09/05/2025,09:32:00,54273.6,54269.8,35,54305.8,70,0,49350
BANKNIFTY-III.NFO,09/05/2025,09:32:03,54273.6,54271,245,54305.8,70,0,49350
BANKNIFTY-III.NFO,09/05/2025,09:32:04,54273.6,54272.2,70,54305.8,70,0,49350
BANKNIFTY-III.NFO,09/05/2025,09:32:05,54273.6,54273.8,70,54305.8,105,0,49350
BANKNIFTY-III.NFO,09/05/2025,09:32:06,54273.6,54276,35,54305.8,105,0,49350
BANKNIFTY-III.NFO,09/05/2025,09:32:09,54273.6,54279,245,54305.8,105,0,49350
BANKNIFTY-III.NFO,09/05/2025,09:32:10,54273.6,54279,35,54305.8,105,0,49350
BANKNIFTY-III.NFO,09/05/2025,09:32:14,54273.6,54273.6,70,54305.8,105,0,49350
BANKNIFTY-III.NFO,09/05/2025,09:32:19,54273.6,54275,70,54305.8,105,0,49350
BANKNIFTY-III.NFO,09/05/2025,09:32:20,54273.6,54275,210,54305.8,105,0,49350
BANKNIFTY-III.NFO,09/05/2025,09:32:22,54273.6,54276,35,54305.8,105,0,49350
BANKNIFTY-III.NFO,09/05/2025,09:32:23,54273.6,54273.6,35,54301.2,70,0,49350
BANKNIFTY-III.NFO,09/05/2025,09:32:24,54273.6,54273.6,70,54301.2,70,0,49350
BANKNIFTY-III.NFO,09/05/2025,09:32:25,54301.2,54273.8,35,54301.2,35,35,49350
BANKNIFTY-III.NFO,09/05/2025,09:32:27,54301.2,54273.6,70,54301.2,35,0,49350
BANKNIFTY-III.NFO,09/05/2025,09:32:28,54301.2,54273.6,70,54300.6,70,0,49350
BANKNIFTY-III.NFO,09/05/2025,09:32:29,54301.2,54273.6,70,54300.2,70,0,49350
BANKNIFTY-III.NFO,09/05/2025,09:32:30,54273.6,54268.6,35,54299.6,70,35,49350
BANKNIFTY-III.NFO,09/05/2025,09:32:32,54273.6,54268.8,35,54299.6,70,0,49350
BANKNIFTY-III.NFO,09/05/2025,09:32:34,54273.6,54268.8,35,54298.8,70,0,49350
BANKNIFTY-III.NFO,09/05/2025,09:32:35,54273.6,54275.2,70,54298.8,105,0,49350
BANKNIFTY-III.NFO,09/05/2025,09:32:37,54299.8,54275.4,35,54299.8,70,35,49350
BANKNIFTY-III.NFO,09/05/2025,09:32:38,54299.8,54275.4,35,54299.6,70,0,49350
BANKNIFTY-III.NFO,09/05/2025,09:32:39,54299.8,54275.2,35,54299.6,70,0,49350
BANKNIFTY-III.NFO,09/05/2025,09:32:40,54275.2,54274,35,54299.6,70,70,49350
BANKNIFTY-III.NFO,09/05/2025,09:32:41,54275.2,54265.6,35,54298.6,70,0,49350
BANKNIFTY-III.NFO,09/05/2025,09:32:43,54275.2,54265.2,35,54294.2,70,0,49350
BANKNIFTY-III.NFO,09/05/2025,09:32:45,54275.2,54265,35,54294.2,70,0,49350
BANKNIFTY-III.NFO,09/05/2025,09:32:46,54275.2,54256.8,35,54275.2,35,0,49350
BANKNIFTY-III.NFO,09/05/2025,09:32:48,54275.2,54252,35,54275.2,70,0,49350
BANKNIFTY-III.NFO,09/05/2025,09:32:50,54275.2,54260,70,54294.2,70,35,49350
BANKNIFTY-III.NFO,09/05/2025,09:32:51,54275.2,54260,70,54292.8,70,0,49350
BANKNIFTY-III.NFO,09/05/2025,09:32:53,54256.2,54253,140,54291.6,70,315,49350
BANKNIFTY-III.NFO,09/05/2025,09:32:54,54256.2,54250,490,54290,70,0,49350
BANKNIFTY-III.NFO,09/05/2025,09:32:55,54256.2,54251,140,54288,70,0,49350
BANKNIFTY-III.NFO,09/05/2025,09:32:56,54256.2,54250,490,54286.8,70,0,49350
BANKNIFTY-III.NFO,09/05/2025,09:32:58,54256.2,54251.2,140,54287,35,0,49350
BANKNIFTY-III.NFO,09/05/2025,09:32:59,54256.2,54257.2,140,54287,35,0,49350
BANKNIFTY-III.NFO,09/05/2025,09:33:00,54256.2,54257.2,140,54283.2,70,0,49350
BANKNIFTY-III.NFO,09/05/2025,09:33:01,54256.2,54256.2,35,54283.2,70,0,49350
BANKNIFTY-III.NFO,09/05/2025,09:33:03,54256.2,54256.2,35,54277.6,70,0,49350
BANKNIFTY-III.NFO,09/05/2025,09:33:04,54256.2,54256.2,35,54272.4,70,0,49350
BANKNIFTY-III.NFO,09/05/2025,09:33:09,54255,54250,490,54268.6,140,70,49350
BANKNIFTY-III.NFO,09/05/2025,09:33:10,54255,54250,490,54262.4,70,0,49350
BANKNIFTY-III.NFO,09/05/2025,09:33:11,54240,54225,35,54258.8,140,595,49350
BANKNIFTY-III.NFO,09/05/2025,09:33:12,54240,54225,35,54258.8,140,0,49350
BANKNIFTY-III.NFO,09/05/2025,09:33:16,54240,54226,140,54258.8,70,0,49350
BANKNIFTY-III.NFO,09/05/2025,09:33:17,54240,54225,35,54258.8,140,0,49350
BANKNIFTY-III.NFO,09/05/2025,09:33:18,54258.8,54225.2,35,54258.8,105,35,49350
BANKNIFTY-III.NFO,09/05/2025,09:33:19,54258.8,54225.2,35,54258.8,105,0,49350
BANKNIFTY-III.NFO,09/05/2025,09:33:22,54258.8,54226.4,35,54258.8,105,0,49350
BANKNIFTY-III.NFO,09/05/2025,09:33:23,54258.8,54225.2,35,54257.4,140,0,49350
BANKNIFTY-III.NFO,09/05/2025,09:33:24,54225,54225,35,54251,70,35,49525
BANKNIFTY-III.NFO,09/05/2025,09:33:26,54225,54230,35,54247.2,70,0,49525
BANKNIFTY-III.NFO,09/05/2025,09:33:29,54230,54225,35,54247.2,70,35,49525
BANKNIFTY-III.NFO,09/05/2025,09:33:31,54225,54206.4,35,54247.2,70,35,49525
BANKNIFTY-III.NFO,09/05/2025,09:33:32,54225,54205.2,35,54247.2,70,0,49525
BANKNIFTY-III.NFO,09/05/2025,09:33:33,54225,54205.2,35,54244.2,70,0,49525
BANKNIFTY-III.NFO,09/05/2025,09:33:34,54225,54206.4,35,54244.2,70,0,49525
BANKNIFTY-III.NFO,09/05/2025,09:33:36,54225,54205.2,35,54244.2,70,0,49525
BANKNIFTY-III.NFO,09/05/2025,09:33:37,54225,54206.4,35,54244.2,70,0,49525
BANKNIFTY-III.NFO,09/05/2025,09:33:38,54225,54206.4,35,54242.8,70,0,49525
BANKNIFTY-III.NFO,09/05/2025,09:33:39,54225,54207.6,35,54242.8,70,0,49525
BANKNIFTY-III.NFO,09/05/2025,09:33:41,54225,54206.4,35,54242.8,70,0,49525
BANKNIFTY-III.NFO,09/05/2025,09:33:43,54225,54225,70,54242.8,70,0,49525
BANKNIFTY-III.NFO,09/05/2025,09:33:44,54225,54225,105,54242.8,70,0,49525
BANKNIFTY-III.NFO,09/05/2025,09:33:45,54225,54225,105,54241.4,70,0,49525
BANKNIFTY-III.NFO,09/05/2025,09:33:47,54225,54225.2,35,54247.4,35,0,49525
BANKNIFTY-III.NFO,09/05/2025,09:33:48,54225,54225,105,54247.2,70,0,49525
BANKNIFTY-III.NFO,09/05/2025,09:33:50,54225,54225.2,35,54247.2,70,0,49525
BANKNIFTY-III.NFO,09/05/2025,09:33:52,54225,54225,105,54247.2,70,0,49525
BANKNIFTY-III.NFO,09/05/2025,09:33:55,54225,54225,70,54247.2,70,35,49525
BANKNIFTY-III.NFO,09/05/2025,09:33:57,54225,54225,70,54247.2,70,0,49525
BANKNIFTY-III.NFO,09/05/2025,09:33:58,54225,54225,35,54246.4,70,35,49525
BANKNIFTY-III.NFO,09/05/2025,09:33:59,54225,54225,35,54242.4,70,0,49525
BANKNIFTY-III.NFO,09/05/2025,09:34:04,54225,54206.4,35,54242.4,70,35,49525
BANKNIFTY-III.NFO,09/05/2025,09:34:05,54225,54205.2,35,54239.8,70,0,49525
BANKNIFTY-III.NFO,09/05/2025,09:34:07,54225,54206.4,35,54239.8,70,0,49525
BANKNIFTY-III.NFO,09/05/2025,09:34:08,54225,54205.2,35,54239.8,70,0,49525
BANKNIFTY-III.NFO,09/05/2025,09:34:09,54225,54205.2,35,54237.8,70,0,49525
BANKNIFTY-III.NFO,09/05/2025,09:34:10,54225,54205,35,54237.8,70,0,49525
BANKNIFTY-III.NFO,09/05/2025,09:34:14,54225,54205,35,54235.2,210,0,49525
BANKNIFTY-III.NFO,09/05/2025,09:34:15,54225,54205,35,54235.2,70,0,49525
BANKNIFTY-III.NFO,09/05/2025,09:34:18,54225,54205,35,54232.4,70,0,49525
BANKNIFTY-III.NFO,09/05/2025,09:34:19,54225,54205,35,54231,70,0,49525
BANKNIFTY-III.NFO,09/05/2025,09:34:20,54225,54206.4,35,54231.2,35,0,49525
BANKNIFTY-III.NFO,09/05/2025,09:34:23,54225,54205.2,35,54231,70,0,49525
BANKNIFTY-III.NFO,09/05/2025,09:34:27,54225,54205.2,175,54231,70,0,49525
BANKNIFTY-III.NFO,09/05/2025,09:34:28,54225,54206,35,54231,70,0,49525
BANKNIFTY-III.NFO,09/05/2025,09:34:29,54231.2,54216,70,54240,385,35,49525
BANKNIFTY-III.NFO,09/05/2025,09:34:30,54231.2,54216.8,70,54239.8,105,0,49525
BANKNIFTY-III.NFO,09/05/2025,09:34:32,54231.2,54206.4,70,54230.8,70,0,49525
BANKNIFTY-III.NFO,09/05/2025,09:34:33,54231.2,54207.6,70,54230.8,70,0,49525
BANKNIFTY-III.NFO,09/05/2025,09:34:34,54231.2,54210,140,54231,385,0,49525
BANKNIFTY-III.NFO,09/05/2025,09:34:35,54230,54207.8,70,54230.8,105,35,49525
BANKNIFTY-III.NFO,09/05/2025,09:34:37,54230,54209.4,70,54231,385,0,49525
BANKNIFTY-III.NFO,09/05/2025,09:34:38,54230,54210.6,35,54231,385,0,49525
BANKNIFTY-III.NFO,09/05/2025,09:34:39,54230,54210.6,70,54231,385,0,49525
BANKNIFTY-III.NFO,09/05/2025,09:34:40,54230,54205.6,70,54230.8,70,0,49525
BANKNIFTY-III.NFO,09/05/2025,09:34:42,54230,54206.8,70,54230.8,70,0,49525
BANKNIFTY-III.NFO,09/05/2025,09:34:43,54230,54205.2,35,54230.8,70,0,49525
BANKNIFTY-III.NFO,09/05/2025,09:34:44,54230,54205.6,70,54230.8,70,0,49525
BANKNIFTY-III.NFO,09/05/2025,09:34:45,54230,54207.2,70,54230.8,70,0,49525
BANKNIFTY-III.NFO,09/05/2025,09:34:46,54230,54205.2,35,54230.8,70,0,49525
BANKNIFTY-III.NFO,09/05/2025,09:34:48,54230,54205,35,54230.8,70,0,49525
BANKNIFTY-III.NFO,09/05/2025,09:34:49,54230,54205.8,70,54229.8,70,0,49525
BANKNIFTY-III.NFO,09/05/2025,09:34:50,54230,54205,35,54229.8,70,0,49525
BANKNIFTY-III.NFO,09/05/2025,09:34:52,54229.8,54207.8,35,54229.8,35,35,49525
BANKNIFTY-III.NFO,09/05/2025,09:34:54,54229.8,54208.2,70,54229.8,70,0,49525
BANKNIFTY-III.NFO,09/05/2025,09:34:55,54229.8,54206.8,70,54229.8,70,0,49525
BANKNIFTY-III.NFO,09/05/2025,09:34:56,54229.8,54207.2,140,54229.8,70,0,49525
BANKNIFTY-III.NFO,09/05/2025,09:34:57,54229.8,54209.8,35,54230,70,0,49525
BANKNIFTY-III.NFO,09/05/2025,09:34:59,54229.8,54205,35,54229.6,70,0,49525
BANKNIFTY-III.NFO,09/05/2025,09:35:00,54229.6,54205,35,54229.6,35,35,49525
BANKNIFTY-III.NFO,09/05/2025,09:35:01,54229.6,54208,35,54229.6,35,0,49525
BANKNIFTY-III.NFO,09/05/2025,09:35:03,54229.6,54208,70,54229.6,35,0,49525
BANKNIFTY-III.NFO,09/05/2025,09:35:07,54229.6,54209.4,70,54230,70,0,49525
BANKNIFTY-III.NFO,09/05/2025,09:35:08,54229.6,54216.2,70,54230,35,0,49525
BANKNIFTY-III.NFO,09/05/2025,09:35:09,54229.6,54213.8,70,54230,35,0,49525
BANKNIFTY-III.NFO,09/05/2025,09:35:11,54222,54215.2,70,54230,35,350,49525
BANKNIFTY-III.NFO,09/05/2025,09:35:12,54222,54210,70,54230,70,0,49525
BANKNIFTY-III.NFO,09/05/2025,09:35:13,54222,54208.2,35,54229.8,70,0,49525
BANKNIFTY-III.NFO,09/05/2025,09:35:14,54222,54218.8,35,54230,35,0,49525
BANKNIFTY-III.NFO,09/05/2025,09:35:15,54222,54217.4,105,54230,35,0,49525
BANKNIFTY-III.NFO,09/05/2025,09:35:17,54230,54228.8,70,54250,35,35,49525
BANKNIFTY-III.NFO,09/05/2025,09:35:18,54230,54237.6,105,54250,35,0,49525
BANKNIFTY-III.NFO,09/05/2025,09:35:19,54230,54233.4,105,54250,35,0,49525
BANKNIFTY-III.NFO,09/05/2025,09:35:21,54230,54227,35,54250,70,0,49525
BANKNIFTY-III.NFO,09/05/2025,09:35:22,54230,54230.6,70,54250,35,0,49525
BANKNIFTY-III.NFO,09/05/2025,09:35:23,54230,54225,35,54249.8,105,0,49525
BANKNIFTY-III.NFO,09/05/2025,09:35:24,54230,54226.8,70,54249.8,105,0,49525
BANKNIFTY-III.NFO,09/05/2025,09:35:26,54230,54220.8,70,54249.8,105,0,49525
BANKNIFTY-III.NFO,09/05/2025,09:35:27,54230,54222,35,54249.8,105,0,49525
BANKNIFTY-III.NFO,09/05/2025,09:35:28,54230,54219.2,70,54249.8,105,0,49525
BANKNIFTY-III.NFO,09/05/2025,09:35:29,54230,54226.8,70,54249.8,105,0,49525
BANKNIFTY-III.NFO,09/05/2025,09:35:31,54230,54230,70,54252.6,70,0,49525
BANKNIFTY-III.NFO,09/05/2025,09:35:32,54230,54231.2,70,54253.6,70,0,49525
BANKNIFTY-III.NFO,09/05/2025,09:35:33,54230,54228.8,70,54253.6,70,0,49525
BANKNIFTY-III.NFO,09/05/2025,09:35:34,54230,54229.8,105,54253.6,70,0,49525
BANKNIFTY-III.NFO,09/05/2025,09:35:36,54230,54227.4,70,54253.6,70,0,49525
BANKNIFTY-III.NFO,09/05/2025,09:35:37,54230,54228.6,35,54253.6,70,0,49525
BANKNIFTY-III.NFO,09/05/2025,09:35:39,54230,54237,35,54260.4,70,0,49525
BANKNIFTY-III.NFO,09/05/2025,09:35:42,54230,54237.6,35,54262.4,70,0,49525
BANKNIFTY-III.NFO,09/05/2025,09:35:43,54230,54237.4,35,54262.4,70,0,49525
BANKNIFTY-III.NFO,09/05/2025,09:35:44,54230,54245.4,105,54268,105,0,49525
BANKNIFTY-III.NFO,09/05/2025,09:35:46,54268,54245.4,105,54268.2,35,35,49525
BANKNIFTY-III.NFO,09/05/2025,09:35:47,54268,54246.2,35,54270.2,35,0,49525
BANKNIFTY-III.NFO,09/05/2025,09:35:48,54268,54246.4,70,54270.2,35,0,49525
BANKNIFTY-III.NFO,09/05/2025,09:35:49,54268,54252.8,70,54274.6,35,0,49525
BANKNIFTY-III.NFO,09/05/2025,09:35:51,54268,54261.2,70,54282.8,35,0,49525
BANKNIFTY-III.NFO,09/05/2025,09:35:52,54268,54268,105,54286,35,0,49525
BANKNIFTY-III.NFO,09/05/2025,09:35:53,54286,54268,105,54286.4,35,35,49525
BANKNIFTY-III.NFO,09/05/2025,09:35:54,54286.4,54268,105,54286.6,35,245,49525
BANKNIFTY-III.NFO,09/05/2025,09:35:56,54286.4,54268,105,54279.8,35,0,49525
BANKNIFTY-III.NFO,09/05/2025,09:35:57,54286.4,54268,105,54272.4,140,0,49525
BANKNIFTY-III.NFO,09/05/2025,09:35:58,54268,54268,70,54269.8,140,35,49525
BANKNIFTY-III.NFO,09/05/2025,09:35:59,54268,54268,70,54270.2,140,0,49525
BANKNIFTY-III.NFO,09/05/2025,09:36:01,54268,54268,70,54272.8,140,0,49525
BANKNIFTY-III.NFO,09/05/2025,09:36:02,54268,54268,70,54286.6,35,0,49525
BANKNIFTY-III.NFO,09/05/2025,09:36:03,54268,54268,70,54286.4,140,0,49525
BANKNIFTY-III.NFO,09/05/2025,09:36:04,54268,54275,70,54278.8,140,0,49525
BANKNIFTY-III.NFO,09/05/2025,09:36:06,54268,54275,70,54282.8,140,0,49525
BANKNIFTY-III.NFO,09/05/2025,09:36:07,54268,54275,70,54289.8,35,0,49525
BANKNIFTY-III.NFO,09/05/2025,09:36:08,54268,54275,70,54292.8,35,0,49525
BANKNIFTY-III.NFO,09/05/2025,09:36:11,54292.4,54275,70,54280,140,70,49525
BANKNIFTY-III.NFO,09/05/2025,09:36:12,54292.4,54264,105,54280,140,0,49525
BANKNIFTY-III.NFO,09/05/2025,09:36:13,54292.4,54269,70,54280,140,0,49525
BANKNIFTY-III.NFO,09/05/2025,09:36:16,54280,54279.6,35,54299.8,175,140,49525
BANKNIFTY-III.NFO,09/05/2025,09:36:17,54276,54277.6,105,54299.6,140,350,49525
BANKNIFTY-III.NFO,09/05/2025,09:36:18,54276,54272,35,54296.4,70,0,49525
BANKNIFTY-III.NFO,09/05/2025,09:36:19,54276,54270.6,35,54292.6,35,0,49525
BANKNIFTY-III.NFO,09/05/2025,09:36:21,54276,54276,70,54292.6,35,0,49525
BANKNIFTY-III.NFO,09/05/2025,09:36:22,54276,54276,105,54292.8,35,0,49525
BANKNIFTY-III.NFO,09/05/2025,09:36:23,54276,54276,105,54291.6,35,0,49525
BANKNIFTY-III.NFO,09/05/2025,09:36:24,54280,54276,175,54297.2,35,35,49525
BANKNIFTY-III.NFO,09/05/2025,09:36:25,54280,54276,70,54279.8,35,0,49525
BANKNIFTY-III.NFO,09/05/2025,09:36:28,54280,54278,70,54280,35,0,49525
BANKNIFTY-III.NFO,09/05/2025,09:36:29,54278,54254.2,35,54279.8,70,70,49350
BANKNIFTY-III.NFO,09/05/2025,09:36:30,54278,54250.2,35,54269.4,35,0,49350
BANKNIFTY-III.NFO,09/05/2025,09:36:32,54269.4,54253.4,70,54271.2,70,35,49350
BANKNIFTY-III.NFO,09/05/2025,09:36:33,54269.4,54261.8,70,54280,70,0,49350
BANKNIFTY-III.NFO,09/05/2025,09:36:34,54269.4,54257.6,35,54280,70,0,49350
BANKNIFTY-III.NFO,09/05/2025,09:36:35,54269.4,54253.4,35,54274.8,105,0,49350
BANKNIFTY-III.NFO,09/05/2025,09:36:37,54269.4,54259.2,35,54280,70,0,49350
BANKNIFTY-III.NFO,09/05/2025,09:36:38,54269.4,54269.2,35,54280,35,0,49350
BANKNIFTY-III.NFO,09/05/2025,09:36:39,54280,54277,105,54291.6,70,35,49350
BANKNIFTY-III.NFO,09/05/2025,09:36:40,54280,54281,35,54299.8,175,0,49350
BANKNIFTY-III.NFO,09/05/2025,09:36:42,54280,54281.4,35,54297.8,70,0,49350
BANKNIFTY-III.NFO,09/05/2025,09:36:43,54280,54281.2,35,54299.8,175,0,49350
BANKNIFTY-III.NFO,09/05/2025,09:36:44,54280,54281.8,35,54297.8,70,0,49350
BANKNIFTY-III.NFO,09/05/2025,09:36:45,54280,54278,35,54297.8,105,0,49350
BANKNIFTY-III.NFO,09/05/2025,09:36:47,54280,54288,70,54299.8,175,0,49350
BANKNIFTY-III.NFO,09/05/2025,09:36:48,54280,54284,35,54299.8,175,0,49350
BANKNIFTY-III.NFO,09/05/2025,09:36:49,54280,54290.4,70,54299.8,175,0,49350
BANKNIFTY-III.NFO,09/05/2025,09:36:51,54280,54286.8,35,54299.8,175,0,49350
BANKNIFTY-III.NFO,09/05/2025,09:36:52,54280,54286,70,54299.8,175,0,49350
BANKNIFTY-III.NFO,09/05/2025,09:36:54,54280,54287.4,35,54299.8,175,0,49350
BANKNIFTY-III.NFO,09/05/2025,09:36:56,54280,54283.4,35,54299.8,175,0,49350
BANKNIFTY-III.NFO,09/05/2025,09:36:57,54280,54278,70,54298.6,105,0,49350
BANKNIFTY-III.NFO,09/05/2025,09:36:58,54280,54279.8,70,54299.8,175,0,49350
BANKNIFTY-III.NFO,09/05/2025,09:36:59,54280,54281.8,35,54299.2,70,0,49350
BANKNIFTY-III.NFO,09/05/2025,09:37:01,54283.2,54283.2,35,54299.8,175,70,49350
BANKNIFTY-III.NFO,09/05/2025,09:37:02,54283.2,54284.4,105,54299.8,175,0,49350
BANKNIFTY-III.NFO,09/05/2025,09:37:03,54283.2,54288,70,54299.8,175,0,49350
BANKNIFTY-III.NFO,09/05/2025,09:37:04,54283.2,54288.2,35,54299.8,175,0,49350
BANKNIFTY-III.NFO,09/05/2025,09:37:06,54300,54311.2,70,54339,35,245,49350
BANKNIFTY-III.NFO,09/05/2025,09:37:07,54300,54311.8,35,54338.8,70,0,49350
BANKNIFTY-III.NFO,09/05/2025,09:37:08,54300,54311.6,35,54328.8,105,0,49350
BANKNIFTY-III.NFO,09/05/2025,09:37:09,54300,54301.2,35,54330.8,105,0,49350
BANKNIFTY-III.NFO,09/05/2025,09:37:11,54300,54299.4,35,54318.6,35,0,49350
BANKNIFTY-III.NFO,09/05/2025,09:37:12,54300,54297.6,35,54318.2,70,0,49350
BANKNIFTY-III.NFO,09/05/2025,09:37:13,54318.2,54315.4,70,54339,35,35,49350
BANKNIFTY-III.NFO,09/05/2025,09:37:14,54318.2,54315.4,70,54336.4,70,0,49350
BANKNIFTY-III.NFO,09/05/2025,09:37:16,54318.2,54319.8,70,54339.2,35,0,49350
BANKNIFTY-III.NFO,09/05/2025,09:37:17,54318.2,54331.6,35,54359.2,35,0,49350
BANKNIFTY-III.NFO,09/05/2025,09:37:18,54318.2,54334,35,54355.2,35,0,49350
BANKNIFTY-III.NFO,09/05/2025,09:37:19,54318.2,54348.8,70,54373.8,35,0,49350
BANKNIFTY-III.NFO,09/05/2025,09:37:20,54318.2,54358.2,70,54377.6,70,0,49350
BANKNIFTY-III.NFO,09/05/2025,09:37:22,54318.2,54345.2,35,54366.6,35,0,49350
BANKNIFTY-III.NFO,09/05/2025,09:37:23,54337.6,54332.4,70,54354.4,35,140,49350
BANKNIFTY-III.NFO,09/05/2025,09:37:24,54337.6,54329,35,54353.8,35,0,49350
BANKNIFTY-III.NFO,09/05/2025,09:37:25,54337.6,54323.4,140,54344,35,0,49350
BANKNIFTY-III.NFO,09/05/2025,09:37:27,54337.6,54315.4,70,54336.8,35,0,49350
BANKNIFTY-III.NFO,09/05/2025,09:37:28,54337.6,54318.4,35,54335.8,35,0,49350
BANKNIFTY-III.NFO,09/05/2025,09:37:29,54337.6,54310.6,35,54331,35,0,49350
BANKNIFTY-III.NFO,09/05/2025,09:37:30,54337.6,54310.2,70,54330.6,35,0,49350
BANKNIFTY-III.NFO,09/05/2025,09:37:32,54337.6,54300,70,54321,35,0,49350
BANKNIFTY-III.NFO,09/05/2025,09:37:33,54337.6,54301,70,54323.8,35,0,49350
BANKNIFTY-III.NFO,09/05/2025,09:37:34,54337.6,54306.8,70,54329,35,0,49350
BANKNIFTY-III.NFO,09/05/2025,09:37:35,54337.6,54302.8,35,54326.8,35,0,49350
BANKNIFTY-III.NFO,09/05/2025,09:37:37,54320,54301,70,54320,35,35,49350
BANKNIFTY-III.NFO,09/05/2025,09:37:38,54320,54302.4,105,54326.8,35,0,49350
BANKNIFTY-III.NFO,09/05/2025,09:37:39,54320,54300,35,54321.4,35,0,49350
BANKNIFTY-III.NFO,09/05/2025,09:37:40,54320,54300,35,54315.4,35,0,49350
BANKNIFTY-III.NFO,09/05/2025,09:37:42,54320,54300,35,54315.6,35,0,49350
BANKNIFTY-III.NFO,09/05/2025,09:37:43,54320,54300.2,35,54321,35,0,49350
BANKNIFTY-III.NFO,09/05/2025,09:37:47,54320,54314.4,35,54335,175,0,49350
BANKNIFTY-III.NFO,09/05/2025,09:37:48,54320,54311.8,35,54335,175,0,49350
BANKNIFTY-III.NFO,09/05/2025,09:37:49,54320,54304.8,70,54327,35,0,49350
BANKNIFTY-III.NFO,09/05/2025,09:37:50,54320,54301.2,35,54325.8,35,0,49350
BANKNIFTY-III.NFO,09/05/2025,09:37:52,54320,54310.2,70,54331,35,0,49350
BANKNIFTY-III.NFO,09/05/2025,09:37:53,54320,54308.8,35,54333.8,35,0,49350
BANKNIFTY-III.NFO,09/05/2025,09:37:54,54320,54303.2,35,54326.2,35,0,49350
BANKNIFTY-III.NFO,09/05/2025,09:37:55,54320,54308.2,35,54331,35,0,49350
BANKNIFTY-III.NFO,09/05/2025,09:37:57,54320,54302,35,54326.8,70,0,49350
BANKNIFTY-III.NFO,09/05/2025,09:37:58,54320,54306.4,35,54326.8,35,0,49350
BANKNIFTY-III.NFO,09/05/2025,09:37:59,54320,54300.2,35,54319.4,70,0,49350
BANKNIFTY-III.NFO,09/05/2025,09:38:00,54320,54300.2,35,54319.2,35,0,49350
BANKNIFTY-III.NFO,09/05/2025,09:38:02,54320,54301,35,54324.8,35,0,49350
BANKNIFTY-III.NFO,09/05/2025,09:38:03,54320,54301.8,70,54324.8,35,0,49350
BANKNIFTY-III.NFO,09/05/2025,09:38:04,54320,54303,70,54325.2,70,0,49350
BANKNIFTY-III.NFO,09/05/2025,09:38:05,54320,54309,70,54320,35,0,49350
BANKNIFTY-III.NFO,09/05/2025,09:38:07,54320,54305.2,35,54320,35,0,49350
BANKNIFTY-III.NFO,09/05/2025,09:38:09,54320,54316.4,70,54335,140,35,49350
BANKNIFTY-III.NFO,09/05/2025,09:38:10,54320,54316.4,70,54335,140,0,49350
BANKNIFTY-III.NFO,09/05/2025,09:38:12,54320,54323.6,70,54335,140,0,49350
BANKNIFTY-III.NFO,09/05/2025,09:38:15,54320,54326.4,70,54335,140,0,49350
BANKNIFTY-III.NFO,09/05/2025,09:38:17,54335,54325.6,35,54335,105,35,49350
BANKNIFTY-III.NFO,09/05/2025,09:38:18,54335,54327.6,35,54349.8,35,105,49350
BANKNIFTY-III.NFO,09/05/2025,09:38:19,54335,54318.2,35,54341.6,105,0,49350
BANKNIFTY-III.NFO,09/05/2025,09:38:20,54335,54304.8,35,54332,35,0,49350
BANKNIFTY-III.NFO,09/05/2025,09:38:21,54335,54300.4,35,54326.4,70,0,49350
BANKNIFTY-III.NFO,09/05/2025,09:38:23,54335,54300.2,35,54322.4,35,0,49350
BANKNIFTY-III.NFO,09/05/2025,09:38:24,54335,54300.2,70,54322.2,70,0,49350
BANKNIFTY-III.NFO,09/05/2025,09:38:25,54335,54300,35,54319.8,35,0,49350
BANKNIFTY-III.NFO,09/05/2025,09:38:26,54335,54300,35,54315.4,35,0,49350
BANKNIFTY-III.NFO,09/05/2025,09:38:29,54335,54300,35,54315.4,70,0,49350
BANKNIFTY-III.NFO,09/05/2025,09:38:30,54335,54300,35,54315.4,35,0,49350
BANKNIFTY-III.NFO,09/05/2025,09:38:31,54335,54300,70,54319.8,35,0,49350
BANKNIFTY-III.NFO,09/05/2025,09:38:33,54335,54300,35,54318.8,70,0,49350
BANKNIFTY-III.NFO,09/05/2025,09:38:34,54335,54300,35,54317.8,35,0,49350
BANKNIFTY-III.NFO,09/05/2025,09:38:35,54335,54302,35,54325.6,35,0,49350
BANKNIFTY-III.NFO,09/05/2025,09:38:36,54335,54311.2,70,54332.8,70,0,49350
BANKNIFTY-III.NFO,09/05/2025,09:38:38,54335,54316.6,70,54333,140,0,49350
BANKNIFTY-III.NFO,09/05/2025,09:38:39,54335,54313.4,70,54333,140,0,49350
BANKNIFTY-III.NFO,09/05/2025,09:38:40,54335,54311,35,54333,175,0,49350
BANKNIFTY-III.NFO,09/05/2025,09:38:41,54335,54316.6,70,54333,140,0,49350
BANKNIFTY-III.NFO,09/05/2025,09:38:43,54335,54310.6,35,54332.8,35,0,49350
BANKNIFTY-III.NFO,09/05/2025,09:38:44,54335,54311,35,54332.8,35,0,49350
BANKNIFTY-III.NFO,09/05/2025,09:38:45,54335,54306.4,35,54332.8,35,0,49350
BANKNIFTY-III.NFO,09/05/2025,09:38:46,54335,54309.2,35,54333,175,0,49350
BANKNIFTY-III.NFO,09/05/2025,09:38:48,54335,54322,35,54333,140,0,49350
BANKNIFTY-III.NFO,09/05/2025,09:38:49,54335,54318.2,70,54333,140,0,49350
BANKNIFTY-III.NFO,09/05/2025,09:38:50,54335,54318.2,35,54330,140,0,49350
BANKNIFTY-III.NFO,09/05/2025,09:38:51,54330,54320.6,140,54344.6,35,140,49350
BANKNIFTY-III.NFO,09/05/2025,09:38:53,54330,54320.6,140,54345.8,35,0,49350
BANKNIFTY-III.NFO,09/05/2025,09:38:54,54330,54320.6,140,54345.6,35,0,49350
BANKNIFTY-III.NFO,09/05/2025,09:38:55,54330,54320.6,140,54349.2,35,0,49350
BANKNIFTY-III.NFO,09/05/2025,09:38:58,54330,54320.6,140,54349,35,0,49350
BANKNIFTY-III.NFO,09/05/2025,09:38:59,54330,54320.6,70,54348.6,35,0,49350
BANKNIFTY-III.NFO,09/05/2025,09:39:00,54330,54320.8,105,54347.4,35,0,49350
BANKNIFTY-III.NFO,09/05/2025,09:39:03,54330,54322.4,105,54355.4,35,0,49350
BANKNIFTY-III.NFO,09/05/2025,09:39:04,54330,54323.6,105,54355.4,35,0,49350
BANKNIFTY-III.NFO,09/05/2025,09:39:05,54330,54323.6,105,54355.2,35,0,49350
BANKNIFTY-III.NFO,09/05/2025,09:39:06,54330,54324.8,105,54355.2,35,0,49350
BANKNIFTY-III.NFO,09/05/2025,09:39:08,54330,54327.2,35,54355.2,35,0,49350
BANKNIFTY-III.NFO,09/05/2025,09:39:11,54330,54326,35,54352,35,0,49350
BANKNIFTY-III.NFO,09/05/2025,09:39:13,54330,54326,35,54351.6,35,0,49350
BANKNIFTY-III.NFO,09/05/2025,09:39:14,54330,54326.2,35,54351.6,35,35,49350
BANKNIFTY-III.NFO,09/05/2025,09:39:15,54330,54321.2,35,54350.4,35,0,49350
BANKNIFTY-III.NFO,09/05/2025,09:39:20,54330,54321.2,35,54350,35,0,49350
BANKNIFTY-III.NFO,09/05/2025,09:39:24,54330,54321.2,35,54349.6,35,0,49350
BANKNIFTY-III.NFO,09/05/2025,09:39:25,54330,54321.2,105,54349.6,35,0,49350
BANKNIFTY-III.NFO,09/05/2025,09:39:27,54330,54321.2,35,54349.6,35,0,49350
BANKNIFTY-III.NFO,09/05/2025,09:39:30,54330,54321.2,35,54349.2,35,0,49350
BANKNIFTY-III.NFO,09/05/2025,09:39:35,54330,54321.2,105,54352.4,35,0,49350
BANKNIFTY-III.NFO,09/05/2025,09:39:36,54330,54323.4,35,54354.4,35,0,49350
BANKNIFTY-III.NFO,09/05/2025,09:39:38,54330,54324.6,105,54357.6,35,0,49350
BANKNIFTY-III.NFO,09/05/2025,09:39:39,54330,54325.8,105,54359.4,35,0,49350
BANKNIFTY-III.NFO,09/05/2025,09:39:40,54330,54327,105,54361.4,35,0,49350
BANKNIFTY-III.NFO,09/05/2025,09:39:41,54330,54328.2,105,54363.4,35,0,49350
BANKNIFTY-III.NFO,09/05/2025,09:39:43,54330,54329.4,35,54363.4,35,0,49350
BANKNIFTY-III.NFO,09/05/2025,09:39:45,54330,54330.6,35,54360.2,35,0,49350
BANKNIFTY-III.NFO,09/05/2025,09:39:48,54330,54330.6,35,54359,35,0,49350
BANKNIFTY-III.NFO,09/05/2025,09:39:49,54330,54329.4,35,54355.8,35,0,49350
BANKNIFTY-III.NFO,09/05/2025,09:39:50,54330,54329.4,35,54356.6,35,0,49350
BANKNIFTY-III.NFO,09/05/2025,09:39:51,54330,54330.6,35,54357.4,35,0,49350
BANKNIFTY-III.NFO,09/05/2025,09:39:53,54330,54331.8,35,54358.6,35,0,49350
BANKNIFTY-III.NFO,09/05/2025,09:39:54,54330,54331.8,35,54360.2,35,0,49350
BANKNIFTY-III.NFO,09/05/2025,09:39:55,54330,54333,35,54360.2,35,0,49350
BANKNIFTY-III.NFO,09/05/2025,09:39:59,54330,54333,35,54362.2,35,0,49350
BANKNIFTY-III.NFO,09/05/2025,09:40:00,54334.2,54336.6,35,54366.6,35,35,49630
BANKNIFTY-III.NFO,09/05/2025,09:40:01,54334.2,54336.6,35,54365.4,105,0,49630
BANKNIFTY-III.NFO,09/05/2025,09:40:03,54334.2,54336.6,35,54365.4,35,0,49630
BANKNIFTY-III.NFO,09/05/2025,09:40:04,54334.2,54337.8,35,54365.4,35,0,49630
BANKNIFTY-III.NFO,09/05/2025,09:40:05,54334.2,54341.6,105,54384.2,35,0,49630
BANKNIFTY-III.NFO,09/05/2025,09:40:06,54334.2,54342.8,105,54384,35,0,49630
BANKNIFTY-III.NFO,09/05/2025,09:40:08,54334.2,54346.4,105,54384.2,35,0,49630
BANKNIFTY-III.NFO,09/05/2025,09:40:09,54334.2,54347.6,35,54385.2,35,0,49630
BANKNIFTY-III.NFO,09/05/2025,09:40:10,54334.2,54348.8,35,54381.2,35,0,49630
BANKNIFTY-III.NFO,09/05/2025,09:40:11,54334.2,54351.2,35,54378.4,35,0,49630
BANKNIFTY-III.NFO,09/05/2025,09:40:13,54334.2,54354.8,35,54382.4,35,0,49630
BANKNIFTY-III.NFO,09/05/2025,09:40:14,54334.2,54356,35,54382.4,35,0,49630
BANKNIFTY-III.NFO,09/05/2025,09:40:15,54334.2,54356,35,54381.6,35,0,49630
BANKNIFTY-III.NFO,09/05/2025,09:40:16,54334.2,54354.8,35,54380.8,35,0,49630
BANKNIFTY-III.NFO,09/05/2025,09:40:18,54334.2,54355.8,35,54382,35,0,49630
BANKNIFTY-III.NFO,09/05/2025,09:40:19,54334.2,54356.4,35,54383.2,35,0,49630
BANKNIFTY-III.NFO,09/05/2025,09:40:20,54387.2,54358,35,54386.8,35,35,49630
BANKNIFTY-III.NFO,09/05/2025,09:40:22,54387.2,54359.2,35,54388,35,0,49630
BANKNIFTY-III.NFO,09/05/2025,09:40:23,54387.2,54360.4,35,54389.8,70,0,49630
BANKNIFTY-III.NFO,09/05/2025,09:40:24,54387.2,54361.4,35,54388.6,70,0,49630
BANKNIFTY-III.NFO,09/05/2025,09:40:25,54387.2,54361.6,35,54388.6,70,0,49630
BANKNIFTY-III.NFO,09/05/2025,09:40:27,54387.2,54362.8,105,54390,35,0,49630
BANKNIFTY-III.NFO,09/05/2025,09:40:28,54387.2,54364,35,54390,35,0,49630
BANKNIFTY-III.NFO,09/05/2025,09:40:29,54387.2,54364,105,54387.2,35,0,49630
BANKNIFTY-III.NFO,09/05/2025,09:40:30,54387.2,54365.2,35,54387,35,0,49630
BANKNIFTY-III.NFO,09/05/2025,09:40:31,54387.2,54368.8,35,54387,35,0,49630
BANKNIFTY-III.NFO,09/05/2025,09:40:33,54387.2,54371.2,35,54387,35,0,49630
BANKNIFTY-III.NFO,09/05/2025,09:40:34,54387.2,54372.4,35,54387,35,0,49630
BANKNIFTY-III.NFO,09/05/2025,09:40:35,54387.2,54363.4,35,54386.8,70,0,49630
BANKNIFTY-III.NFO,09/05/2025,09:40:38,54387.2,54357.8,35,54384.4,70,0,49630
BANKNIFTY-III.NFO,09/05/2025,09:40:39,54370,54351.8,35,54380.8,70,35,49630
BANKNIFTY-III.NFO,09/05/2025,09:40:40,54370,54350.4,35,54378.6,35,0,49630
BANKNIFTY-III.NFO,09/05/2025,09:40:41,54370,54350.4,175,54377.4,35,0,49630
BANKNIFTY-III.NFO,09/05/2025,09:40:43,54370,54350.4,35,54377.4,35,0,49630
BANKNIFTY-III.NFO,09/05/2025,09:40:45,54370,54348,35,54377,35,0,49630
BANKNIFTY-III.NFO,09/05/2025,09:40:47,54370,54349.2,35,54377,35,0,49630
BANKNIFTY-III.NFO,09/05/2025,09:40:49,54370,54350.4,35,54377,35,0,49630
BANKNIFTY-III.NFO,09/05/2025,09:40:50,54370,54351.6,35,54377,35,0,49630
BANKNIFTY-III.NFO,09/05/2025,09:40:51,54370,54352.8,35,54377,35,0,49630
BANKNIFTY-III.NFO,09/05/2025,09:40:52,54370,54349,35,54376.2,35,0,49630
BANKNIFTY-III.NFO,09/05/2025,09:40:53,54370,54346.8,35,54374.2,35,0,49630
BANKNIFTY-III.NFO,09/05/2025,09:40:55,54370,54338.4,35,54367.4,35,0,49630
BANKNIFTY-III.NFO,09/05/2025,09:40:56,54370,54340.8,35,54367.8,35,0,49630
BANKNIFTY-III.NFO,09/05/2025,09:40:57,54370,54342,35,54372.2,35,0,49630
BANKNIFTY-III.NFO,09/05/2025,09:41:00,54370,54343.2,35,54369.8,70,0,49630
BANKNIFTY-III.NFO,09/05/2025,09:41:01,54370,54344.4,105,54370,35,0,49630
BANKNIFTY-III.NFO,09/05/2025,09:41:02,54370,54345.6,105,54370,35,0,49630
BANKNIFTY-III.NFO,09/05/2025,09:41:03,54370,54345.8,140,54380,70,35,49630
BANKNIFTY-III.NFO,09/05/2025,09:41:05,54370,54348.2,35,54380,105,0,49630
BANKNIFTY-III.NFO,09/05/2025,09:41:06,54370,54349.4,35,54380,70,0,49630
BANKNIFTY-III.NFO,09/05/2025,09:41:07,54379.8,54350.6,35,54379.8,35,35,49630
BANKNIFTY-III.NFO,09/05/2025,09:41:08,54379.8,54351.8,35,54379.8,35,0,49630
BANKNIFTY-III.NFO,09/05/2025,09:41:10,54379.8,54353,35,54379.8,35,0,49630
BANKNIFTY-III.NFO,09/05/2025,09:41:11,54379.8,54355.4,35,54379.8,70,0,49630
BANKNIFTY-III.NFO,09/05/2025,09:41:15,54379.8,54357.6,35,54379.8,70,0,49630
BANKNIFTY-III.NFO,09/05/2025,09:41:17,54379.8,54352.8,35,54379.8,70,0,49630
BANKNIFTY-III.NFO,09/05/2025,09:41:18,54379.8,54350.4,35,54378.2,70,0,49630
BANKNIFTY-III.NFO,09/05/2025,09:41:20,54379.8,54348,35,54377,70,0,49630
BANKNIFTY-III.NFO,09/05/2025,09:41:23,54379.8,54349.4,35,54377,70,0,49630
BANKNIFTY-III.NFO,09/05/2025,09:41:25,54379.8,54348.2,35,54376.2,70,0,49630
BANKNIFTY-III.NFO,09/05/2025,09:41:26,54379.8,54349.4,35,54376.2,70,0,49630
BANKNIFTY-III.NFO,09/05/2025,09:41:28,54379.8,54350.2,140,54376.2,70,0,49630
BANKNIFTY-III.NFO,09/05/2025,09:41:29,54379.8,54351.4,35,54379.8,70,0,49630
BANKNIFTY-III.NFO,09/05/2025,09:41:30,54379.8,54351.4,35,54379.8,35,0,49630
BANKNIFTY-III.NFO,09/05/2025,09:41:31,54379.8,54352.6,35,54379.8,35,0,49630
BANKNIFTY-III.NFO,09/05/2025,09:41:32,54379.8,54355,35,54379.8,70,0,49630
BANKNIFTY-III.NFO,09/05/2025,09:41:34,54379.8,54359.8,35,54379.8,35,0,49630
BANKNIFTY-III.NFO,09/05/2025,09:41:35,54379.8,54361,35,54379.8,35,0,49630
BANKNIFTY-III.NFO,09/05/2025,09:41:36,54379.8,54361,35,54380,70,0,49630
BANKNIFTY-III.NFO,09/05/2025,09:41:37,54379.8,54362.2,35,54380,70,0,49630
BANKNIFTY-III.NFO,09/05/2025,09:41:38,54379.8,54367,35,54380,70,0,49630
BANKNIFTY-III.NFO,09/05/2025,09:41:40,54379.8,54368.2,35,54380,70,0,49630
BANKNIFTY-III.NFO,09/05/2025,09:41:41,54379.8,54370.6,35,54380,70,0,49630
BANKNIFTY-III.NFO,09/05/2025,09:41:42,54380,54371.8,35,54387,35,70,49630
BANKNIFTY-III.NFO,09/05/2025,09:41:43,54380,54373,35,54387,35,0,49630
BANKNIFTY-III.NFO,09/05/2025,09:41:46,54380,54377.8,70,54387,35,0,49630
BANKNIFTY-III.NFO,09/05/2025,09:41:47,54380,54380,70,54387,35,0,49630
BANKNIFTY-III.NFO,09/05/2025,09:41:48,54380,54380.2,35,54387,35,0,49630
BANKNIFTY-III.NFO,09/05/2025,09:41:49,54399,54382.2,70,54400,175,140,49630
BANKNIFTY-III.NFO,09/05/2025,09:41:50,54399,54382.2,70,54400,175,0,49630
BANKNIFTY-III.NFO,09/05/2025,09:41:52,54399,54383.4,35,54400,175,0,49630
BANKNIFTY-III.NFO,09/05/2025,09:41:53,54399,54385.6,140,54400,175,0,49630
BANKNIFTY-III.NFO,09/05/2025,09:41:54,54399.8,54378.8,35,54399.8,35,35,49630
BANKNIFTY-III.NFO,09/05/2025,09:41:55,54399.8,54378.8,35,54400,175,0,49630
BANKNIFTY-III.NFO,09/05/2025,09:41:57,54399.8,54378.8,35,54399.8,105,0,49630
BANKNIFTY-III.NFO,09/05/2025,09:41:58,54399.8,54372.8,35,54399.8,105,0,49630
BANKNIFTY-III.NFO,09/05/2025,09:41:59,54399.8,54373,35,54399.8,105,0,49630
BANKNIFTY-III.NFO,09/05/2025,09:42:00,54399.8,54372.8,35,54399.8,105,0,49630
BANKNIFTY-III.NFO,09/05/2025,09:42:04,54399.8,54371.2,35,54399.2,70,0,49630
BANKNIFTY-III.NFO,09/05/2025,09:42:05,54399.8,54362.8,35,54391,70,0,49630
BANKNIFTY-III.NFO,09/05/2025,09:42:06,54399.8,54358.8,35,54386.6,70,0,49630
BANKNIFTY-III.NFO,09/05/2025,09:42:07,54399.8,54358.4,35,54385.6,70,0,49630
BANKNIFTY-III.NFO,09/05/2025,09:42:09,54399.8,54348.4,35,54379.6,70,0,49630
BANKNIFTY-III.NFO,09/05/2025,09:42:10,54399.8,54348.6,105,54379.8,35,0,49630
BANKNIFTY-III.NFO,09/05/2025,09:42:12,54399.8,54349.8,35,54379.8,35,0,49630
BANKNIFTY-III.NFO,09/05/2025,09:42:15,54382.8,54351,35,54385.8,35,35,49630
BANKNIFTY-III.NFO,09/05/2025,09:42:16,54382.8,54351,105,54391.2,35,0,49630
BANKNIFTY-III.NFO,09/05/2025,09:42:17,54382.8,54352.2,105,54391.2,35,0,49630
BANKNIFTY-III.NFO,09/05/2025,09:42:19,54382.8,54353.4,35,54391.2,105,0,49630
BANKNIFTY-III.NFO,09/05/2025,09:42:20,54382.8,54354.6,35,54391.2,105,0,49630
BANKNIFTY-III.NFO,09/05/2025,09:42:22,54382.8,54355.8,105,54391.2,35,0,49630
BANKNIFTY-III.NFO,09/05/2025,09:42:23,54382.8,54357,35,54391,70,0,49630
BANKNIFTY-III.NFO,09/05/2025,09:42:24,54357,54357.4,35,54390.8,70,35,49630
BANKNIFTY-III.NFO,09/05/2025,09:42:25,54357,54357.4,35,54390,70,0,49630
BANKNIFTY-III.NFO,09/05/2025,09:42:26,54357,54358.6,35,54390,70,0,49630
BANKNIFTY-III.NFO,09/05/2025,09:42:27,54357,54359.8,35,54389.2,70,0,49630
BANKNIFTY-III.NFO,09/05/2025,09:42:31,54357,54359.8,35,54386.8,70,0,49630
BANKNIFTY-III.NFO,09/05/2025,09:42:37,54357,54357.4,35,54384.4,70,0,49630
BANKNIFTY-III.NFO,09/05/2025,09:42:38,54357,54358.4,35,54384.4,70,0,49630
BANKNIFTY-III.NFO,09/05/2025,09:42:39,54357,54354.6,35,54381.2,70,0,49630
BANKNIFTY-III.NFO,09/05/2025,09:42:41,54357,54355.8,35,54381.2,35,0,49630
BANKNIFTY-III.NFO,09/05/2025,09:42:43,54357,54357,35,54384.2,35,0,49630
BANKNIFTY-III.NFO,09/05/2025,09:42:45,54357,54357,35,54386,35,0,49630
BANKNIFTY-III.NFO,09/05/2025,09:42:46,54357,54358.2,35,54395,35,0,49630
BANKNIFTY-III.NFO,09/05/2025,09:42:47,54357,54360.6,35,54394.8,35,0,49630
BANKNIFTY-III.NFO,09/05/2025,09:42:49,54395,54363,35,54398.6,35,70,49630
BANKNIFTY-III.NFO,09/05/2025,09:42:50,54395,54365.4,35,54400,210,0,49630
BANKNIFTY-III.NFO,09/05/2025,09:42:51,54395,54366.6,105,54400,210,0,49630
BANKNIFTY-III.NFO,09/05/2025,09:42:52,54395,54367.8,35,54399.8,70,0,49630
BANKNIFTY-III.NFO,09/05/2025,09:42:53,54395,54369,35,54400,105,0,49630
BANKNIFTY-III.NFO,09/05/2025,09:42:55,54395,54370.2,35,54400,105,0,49630
BANKNIFTY-III.NFO,09/05/2025,09:42:56,54395,54371.4,35,54400,70,0,49630
BANKNIFTY-III.NFO,09/05/2025,09:42:57,54395,54373.8,35,54400,105,0,49630
BANKNIFTY-III.NFO,09/05/2025,09:42:58,54395,54374.8,35,54400,105,0,49630
BANKNIFTY-III.NFO,09/05/2025,09:42:59,54395,54375,35,54400,105,0,49630
BANKNIFTY-III.NFO,09/05/2025,09:43:02,54395,54374.8,35,54400,105,0,49630
BANKNIFTY-III.NFO,09/05/2025,09:43:03,54395,54374.8,35,54399.8,70,0,49630
BANKNIFTY-III.NFO,09/05/2025,09:43:04,54395,54373.6,35,54398.8,70,0,49630
BANKNIFTY-III.NFO,09/05/2025,09:43:05,54395,54371.2,35,54397.6,70,0,49630
BANKNIFTY-III.NFO,09/05/2025,09:43:08,54395,54368.8,35,54395.8,70,0,49630
BANKNIFTY-III.NFO,09/05/2025,09:43:09,54395,54366.6,35,54393,35,0,49630
BANKNIFTY-III.NFO,09/05/2025,09:43:12,54395,54366.4,35,54392.8,70,0,49630
BANKNIFTY-III.NFO,09/05/2025,09:43:15,54395,54358.4,35,54388.2,70,0,49630
BANKNIFTY-III.NFO,09/05/2025,09:43:16,54395,54358.4,35,54384.2,70,0,49630
BANKNIFTY-III.NFO,09/05/2025,09:43:18,54395,54358.6,35,54384.2,35,0,49630
BANKNIFTY-III.NFO,09/05/2025,09:43:19,54395,54358.4,35,54384.2,35,0,49630
BANKNIFTY-III.NFO,09/05/2025,09:43:20,54395,54355.2,35,54381.8,70,0,49630
BANKNIFTY-III.NFO,09/05/2025,09:43:22,54395,54350.4,35,54378.6,35,0,49630
BANKNIFTY-III.NFO,09/05/2025,09:43:23,54395,54348.6,35,54376.2,70,0,49630
BANKNIFTY-III.NFO,09/05/2025,09:43:24,54395,54348.4,35,54375.4,70,0,49630
BANKNIFTY-III.NFO,09/05/2025,09:43:25,54395,54344.4,35,54375.4,140,0,49630
BANKNIFTY-III.NFO,09/05/2025,09:43:27,54395,54340.6,35,54369.2,70,0,49630
BANKNIFTY-III.NFO,09/05/2025,09:43:28,54395,54340.8,35,54369.2,35,0,49630
BANKNIFTY-III.NFO,09/05/2025,09:43:29,54395,54336.6,35,54363,70,0,49630
BANKNIFTY-III.NFO,09/05/2025,09:43:30,54395,54334.4,35,54359.2,70,0,49630
BANKNIFTY-III.NFO,09/05/2025,09:43:31,54395,54334.6,35,54359.2,35,0,49630
BANKNIFTY-III.NFO,09/05/2025,09:43:36,54395,54334.6,105,54363,35,0,49630
BANKNIFTY-III.NFO,09/05/2025,09:43:39,54395,54334.6,105,54368.2,35,0,49630
BANKNIFTY-III.NFO,09/05/2025,09:43:40,54395,54335.8,105,54368.2,35,0,49630
BANKNIFTY-III.NFO,09/05/2025,09:43:41,54395,54337,35,54368.2,35,0,49630
BANKNIFTY-III.NFO,09/05/2025,09:43:42,54395,54339.2,35,54369.2,35,0,49630
BANKNIFTY-III.NFO,09/05/2025,09:43:47,54395,54339.2,35,54366,70,0,49630
BANKNIFTY-III.NFO,09/05/2025,09:43:48,54395,54339.2,35,54365.6,35,0,49630
BANKNIFTY-III.NFO,09/05/2025,09:43:51,54395,54331.4,35,54357.6,70,0,49630
BANKNIFTY-III.NFO,09/05/2025,09:43:52,54395,54324.4,35,54348,70,0,49630
BANKNIFTY-III.NFO,09/05/2025,09:43:53,54395,54324.4,35,54348,35,0,49630
BANKNIFTY-III.NFO,09/05/2025,09:43:56,54395,54319.8,35,54341.6,70,0,49630
BANKNIFTY-III.NFO,09/05/2025,09:43:57,54395,54316,35,54340.2,70,0,49630
BANKNIFTY-III.NFO,09/05/2025,09:43:58,54395,54316,35,54340.2,35,0,49630
BANKNIFTY-III.NFO,09/05/2025,09:43:59,54395,54316,105,54340.2,35,0,49630
BANKNIFTY-III.NFO,09/05/2025,09:44:01,54395,54316,35,54338,70,0,49630
BANKNIFTY-III.NFO,09/05/2025,09:44:03,54395,54311.8,35,54338,35,0,49630
BANKNIFTY-III.NFO,09/05/2025,09:44:04,54395,54307.2,35,54329.6,70,0,49630
BANKNIFTY-III.NFO,09/05/2025,09:44:05,54395,54307.2,35,54333.2,70,0,49630
BANKNIFTY-III.NFO,09/05/2025,09:44:06,54395,54302,35,54326.6,70,0,49630
BANKNIFTY-III.NFO,09/05/2025,09:44:08,54395,54302,35,54326.4,35,0,49630
BANKNIFTY-III.NFO,09/05/2025,09:44:09,54395,54300.4,35,54323.2,70,0,49630
BANKNIFTY-III.NFO,09/05/2025,09:44:10,54395,54300,105,54323.2,70,0,49630
BANKNIFTY-III.NFO,09/05/2025,09:44:11,54395,54300.2,70,54318.8,35,0,49630
BANKNIFTY-III.NFO,09/05/2025,09:44:14,54395,54300.2,70,54318.8,70,0,49630
BANKNIFTY-III.NFO,09/05/2025,09:44:15,54395,54300,140,54318.4,35,0,49630
BANKNIFTY-III.NFO,09/05/2025,09:44:16,54395,54300.4,35,54326.6,35,0,49630
BANKNIFTY-III.NFO,09/05/2025,09:44:17,54395,54300,140,54319.8,70,0,49630
BANKNIFTY-III.NFO,09/05/2025,09:44:18,54395,54300.2,70,54322.6,35,0,49630
BANKNIFTY-III.NFO,09/05/2025,09:44:20,54395,54300,105,54315,35,0,49630
BANKNIFTY-III.NFO,09/05/2025,09:44:21,54395,54300,105,54310.4,35,0,49630
BANKNIFTY-III.NFO,09/05/2025,09:44:22,54395,54300,105,54321.4,35,0,49630
BANKNIFTY-III.NFO,09/05/2025,09:44:23,54395,54300,105,54313.8,35,0,49630
BANKNIFTY-III.NFO,09/05/2025,09:44:24,54395,54300.2,70,54321.4,35,0,49630
BANKNIFTY-III.NFO,09/05/2025,09:44:26,54395,54300,105,54311.6,35,0,49630
BANKNIFTY-III.NFO,09/05/2025,09:44:27,54395,54300,105,54314.8,35,0,49630
BANKNIFTY-III.NFO,09/05/2025,09:44:28,54395,54300.2,35,54308.8,35,0,49630
BANKNIFTY-III.NFO,09/05/2025,09:44:29,54395,54300.2,70,54321.2,70,0,49630
BANKNIFTY-III.NFO,09/05/2025,09:44:31,54395,54300.2,70,54324.6,35,0,49630
BANKNIFTY-III.NFO,09/05/2025,09:44:32,54395,54300,105,54315.4,35,0,49630
BANKNIFTY-III.NFO,09/05/2025,09:44:33,54395,54300,105,54321.4,245,0,49630
BANKNIFTY-III.NFO,09/05/2025,09:44:34,54395,54300,105,54307.8,35,0,49630
BANKNIFTY-III.NFO,09/05/2025,09:44:35,54395,54300,105,54311,35,0,49630
BANKNIFTY-III.NFO,09/05/2025,09:44:37,54395,54300.2,35,54318.8,70,0,49630
BANKNIFTY-III.NFO,09/05/2025,09:44:38,54395,54300,105,54321.4,35,0,49630
BANKNIFTY-III.NFO,09/05/2025,09:44:39,54395,54300,105,54318.6,245,0,49630
BANKNIFTY-III.NFO,09/05/2025,09:44:42,54395,54300.6,35,54321.4,35,0,49630
BANKNIFTY-III.NFO,09/05/2025,09:44:43,54395,54300,105,54321.2,70,0,49630
BANKNIFTY-III.NFO,09/05/2025,09:44:44,54300,54277.8,35,54302.8,245,105,49630
BANKNIFTY-III.NFO,09/05/2025,09:44:45,54300,54272,35,54302.6,70,0,49630
BANKNIFTY-III.NFO,09/05/2025,09:44:46,54300,54271.2,35,54299,245,0,49630
BANKNIFTY-III.NFO,09/05/2025,09:44:48,54300,54270.2,70,54291.6,245,0,49630
BANKNIFTY-III.NFO,09/05/2025,09:44:49,54300,54270.2,70,54291.6,35,0,49630
BANKNIFTY-III.NFO,09/05/2025,09:44:52,54300,54270.2,140,54297.2,35,0,49630
BANKNIFTY-III.NFO,09/05/2025,09:44:58,54300,54270.2,140,54302.8,35,0,49630
BANKNIFTY-III.NFO,09/05/2025,09:45:02,54300,54271,105,54304.8,35,0,49630
BANKNIFTY-III.NFO,09/05/2025,09:45:03,54300,54271,105,54300,70,0,49630
BANKNIFTY-III.NFO,09/05/2025,09:45:07,54300,54272.2,105,54300,35,0,49630
BANKNIFTY-III.NFO,09/05/2025,09:45:08,54300,54273.4,105,54300,70,0,49630
BANKNIFTY-III.NFO,09/05/2025,09:45:14,54300,54273.4,105,54300,35,0,49630
BANKNIFTY-III.NFO,09/05/2025,09:45:17,54300,54273.4,105,54300,70,0,49630
BANKNIFTY-III.NFO,09/05/2025,09:45:20,54300,54274.6,35,54300,35,0,49630
BANKNIFTY-III.NFO,09/05/2025,09:45:21,54300,54274.6,35,54300,70,0,49630
BANKNIFTY-III.NFO,09/05/2025,09:45:22,54300,54274.6,35,54300,105,0,49630
BANKNIFTY-III.NFO,09/05/2025,09:45:28,54300,54272.2,35,54299.8,70,0,49630
BANKNIFTY-III.NFO,09/05/2025,09:45:34,54300,54270.2,70,54299.8,70,0,49630
BANKNIFTY-III.NFO,09/05/2025,09:45:35,54300,54270.2,70,54300,105,0,49630
BANKNIFTY-III.NFO,09/05/2025,09:45:45,54300,54270.2,70,54299.8,70,0,49630
BANKNIFTY-III.NFO,09/05/2025,09:45:46,54300,54270,35,54298.4,70,0,49630
BANKNIFTY-III.NFO,09/05/2025,09:45:48,54300,54270,35,54295.2,70,0,49630
BANKNIFTY-III.NFO,09/05/2025,09:45:49,54300,54270,35,54292.2,70,0,49630
BANKNIFTY-III.NFO,09/05/2025,09:45:50,54300,54270,35,54286.2,245,0,49630
BANKNIFTY-III.NFO,09/05/2025,09:45:51,54270,54251,350,54281.6,70,35,49525
BANKNIFTY-III.NFO,09/05/2025,09:45:52,54270,54251,350,54281.2,70,0,49525
BANKNIFTY-III.NFO,09/05/2025,09:45:54,54270,54251,350,54279.6,70,0,49525
BANKNIFTY-III.NFO,09/05/2025,09:45:55,54270,54251.2,35,54279.6,70,0,49525
BANKNIFTY-III.NFO,09/05/2025,09:45:56,54270,54251.2,35,54279.8,35,0,49525
BANKNIFTY-III.NFO,09/05/2025,09:45:58,54270,54251,350,54279.8,35,0,49525
BANKNIFTY-III.NFO,09/05/2025,09:45:59,54270,54251.2,35,54279.4,245,0,49525
BANKNIFTY-III.NFO,09/05/2025,09:46:01,54270,54252,35,54281.4,35,0,49525
BANKNIFTY-III.NFO,09/05/2025,09:46:03,54270,54255.2,35,54285.2,35,0,49525
BANKNIFTY-III.NFO,09/05/2025,09:46:07,54258.6,54258.4,105,54291.4,35,175,49525
BANKNIFTY-III.NFO,09/05/2025,09:46:09,54258.6,54258.4,105,54291.4,35,0,49525
BANKNIFTY-III.NFO,09/05/2025,09:46:11,54258.6,54258.4,35,54291.4,35,0,49525
BANKNIFTY-III.NFO,09/05/2025,09:46:12,54258.6,54258.4,105,54291.6,35,0,49525
BANKNIFTY-III.NFO,09/05/2025,09:46:13,54258.6,54261.4,70,54291.6,35,0,49525
BANKNIFTY-III.NFO,09/05/2025,09:46:15,54258.6,54262.6,70,54295.2,70,0,49525
BANKNIFTY-III.NFO,09/05/2025,09:46:17,54258.6,54264.8,70,54296,70,0,49525
BANKNIFTY-III.NFO,09/05/2025,09:46:26,54258.6,54264.8,70,54296.2,35,0,49525
BANKNIFTY-III.NFO,09/05/2025,09:46:27,54258.6,54266.8,70,54297.6,70,0,49525
BANKNIFTY-III.NFO,09/05/2025,09:46:34,54258.6,54266.8,70,54297.2,70,0,49525
BANKNIFTY-III.NFO,09/05/2025,09:46:36,54258.6,54262.6,70,54292.8,70,0,49525
BANKNIFTY-III.NFO,09/05/2025,09:46:37,54258.6,54260.8,70,54290,70,0,49525
BANKNIFTY-III.NFO,09/05/2025,09:46:39,54290.2,54260.8,70,54289.8,70,175,49525
BANKNIFTY-III.NFO,09/05/2025,09:46:40,54290.2,54258.8,105,54288.2,70,0,49525
BANKNIFTY-III.NFO,09/05/2025,09:46:54,54290.2,54258.8,105,54287,70,0,49525
BANKNIFTY-III.NFO,09/05/2025,09:46:55,54290.2,54259,70,54287,70,0,49525
BANKNIFTY-III.NFO,09/05/2025,09:46:56,54290.2,54258.6,70,54284.6,70,0,49525
BANKNIFTY-III.NFO,09/05/2025,09:46:57,54290.2,54258.8,105,54284.6,70,0,49525
BANKNIFTY-III.NFO,09/05/2025,09:47:00,54290.2,54258.6,70,54284.6,70,0,49525
BANKNIFTY-III.NFO,09/05/2025,09:47:01,54290.2,54258.6,35,54279.4,105,0,49525
BANKNIFTY-III.NFO,09/05/2025,09:47:02,54290.2,54258.6,70,54279.4,105,0,49525
BANKNIFTY-III.NFO,09/05/2025,09:47:04,54290.2,54258.6,35,54277.8,70,0,49525
BANKNIFTY-III.NFO,09/05/2025,09:47:06,54290.2,54258.8,105,54279,105,0,49525
BANKNIFTY-III.NFO,09/05/2025,09:47:07,54290.2,54258.6,35,54280,70,0,49525
BANKNIFTY-III.NFO,09/05/2025,09:47:11,54290.2,54258.6,35,54275.6,70,0,49525
BANKNIFTY-III.NFO,09/05/2025,09:47:12,54290.2,54258.6,35,54274.2,70,0,49525
BANKNIFTY-III.NFO,09/05/2025,09:47:16,54290.2,54258.6,35,54279.6,70,0,49525
BANKNIFTY-III.NFO,09/05/2025,09:47:17,54290.2,54258.8,105,54279.6,70,0,49525
BANKNIFTY-III.NFO,09/05/2025,09:47:18,54290.2,54259.2,105,54279.6,70,0,49525
BANKNIFTY-III.NFO,09/05/2025,09:47:20,54290.2,54259.2,70,54279.6,70,0,49525
BANKNIFTY-III.NFO,09/05/2025,09:47:21,54290.2,54259.2,105,54279.6,70,0,49525
BANKNIFTY-III.NFO,09/05/2025,09:47:23,54290.2,54260,105,54285.8,70,0,49525
BANKNIFTY-III.NFO,09/05/2025,09:47:24,54290.2,54259.2,105,54285.8,70,0,49525
BANKNIFTY-III.NFO,09/05/2025,09:47:26,54290.2,54259.2,70,54283,70,0,49525
BANKNIFTY-III.NFO,09/05/2025,09:47:27,54290.2,54259.2,105,54283,70,0,49525
BANKNIFTY-III.NFO,09/05/2025,09:47:31,54290.2,54261.6,105,54288.4,35,0,49525
BANKNIFTY-III.NFO,09/05/2025,09:47:32,54290.2,54264,105,54290,140,0,49525
BANKNIFTY-III.NFO,09/05/2025,09:47:33,54290.2,54264,105,54289.8,70,0,49525
BANKNIFTY-III.NFO,09/05/2025,09:47:41,54290.2,54260.6,70,54289,70,0,49525
BANKNIFTY-III.NFO,09/05/2025,09:47:43,54290.2,54259.2,105,54287.4,70,0,49525
BANKNIFTY-III.NFO,09/05/2025,09:47:44,54281.6,54259.2,70,54281.6,35,35,49525
BANKNIFTY-III.NFO,09/05/2025,09:47:45,54281.6,54259.2,70,54281.6,35,0,49525
BANKNIFTY-III.NFO,09/05/2025,09:47:46,54281.6,54259,35,54274.4,35,0,49525
BANKNIFTY-III.NFO,09/05/2025,09:47:47,54281.6,54259,35,54272.4,35,0,49525
BANKNIFTY-III.NFO,09/05/2025,09:47:52,54281.6,54259,35,54271.8,35,0,49525
BANKNIFTY-III.NFO,09/05/2025,09:47:56,54281.6,54259,35,54275.6,35,0,49525
BANKNIFTY-III.NFO,09/05/2025,09:47:57,54281.6,54259.2,105,54279.2,35,0,49525
BANKNIFTY-III.NFO,09/05/2025,09:47:58,54281.6,54259.2,70,54279.6,35,0,49525
BANKNIFTY-III.NFO,09/05/2025,09:48:00,54281.6,54259,35,54279.6,35,0,49525
BANKNIFTY-III.NFO,09/05/2025,09:48:01,54281.6,54259,35,54277,35,0,49525
BANKNIFTY-III.NFO,09/05/2025,09:48:02,54281.6,54259.2,70,54277,35,0,49525
BANKNIFTY-III.NFO,09/05/2025,09:48:03,54281.6,54259,35,54277,35,0,49525
BANKNIFTY-III.NFO,09/05/2025,09:48:04,54281.6,54259.2,105,54279.8,70,0,49525
BANKNIFTY-III.NFO,09/05/2025,09:48:08,54281.6,54259,70,54279.8,70,0,49525
BANKNIFTY-III.NFO,09/05/2025,09:48:09,54281.6,54259.2,70,54277.8,35,0,49525
BANKNIFTY-III.NFO,09/05/2025,09:48:10,54281.6,54259,35,54277.4,35,0,49525
BANKNIFTY-III.NFO,09/05/2025,09:48:12,54281.6,54259,35,54275.8,70,0,49525
BANKNIFTY-III.NFO,09/05/2025,09:48:13,54281.6,54259.2,105,54278.4,35,0,49525
BANKNIFTY-III.NFO,09/05/2025,09:48:14,54281.6,54259,35,54276.6,280,0,49525
BANKNIFTY-III.NFO,09/05/2025,09:48:15,54281.6,54259,35,54276.4,35,0,49525
BANKNIFTY-III.NFO,09/05/2025,09:48:17,54281.6,54259,35,54275,35,0,49525
BANKNIFTY-III.NFO,09/05/2025,09:48:18,54281.6,54259,35,54273.8,35,0,49525
BANKNIFTY-III.NFO,09/05/2025,09:48:19,54281.6,54259,35,54271.4,70,0,49525
BANKNIFTY-III.NFO,09/05/2025,09:48:20,54281.6,54259,35,54270.4,35,0,49525
BANKNIFTY-III.NFO,09/05/2025,09:48:24,54281.6,54259,35,54273,35,0,49525
BANKNIFTY-III.NFO,09/05/2025,09:48:25,54281.6,54259.2,70,54276.4,35,0,49525
BANKNIFTY-III.NFO,09/05/2025,09:48:31,54281.6,54259,35,54276.4,35,0,49525
BANKNIFTY-III.NFO,09/05/2025,09:48:32,54281.6,54259,35,54272.8,70,0,49525
BANKNIFTY-III.NFO,09/05/2025,09:48:33,54281.6,54259.2,105,54280,140,0,49525
BANKNIFTY-III.NFO,09/05/2025,09:48:35,54281.6,54259.2,70,54279.8,35,0,49525
BANKNIFTY-III.NFO,09/05/2025,09:48:36,54281.6,54259.2,105,54279.8,35,0,49525
BANKNIFTY-III.NFO,09/05/2025,09:48:37,54281.6,54259.2,70,54277,35,0,49525
BANKNIFTY-III.NFO,09/05/2025,09:48:38,54281.6,54259.2,70,54277,105,0,49525
BANKNIFTY-III.NFO,09/05/2025,09:48:39,54281.6,54259.2,70,54276.6,35,0,49525
BANKNIFTY-III.NFO,09/05/2025,09:48:41,54281.6,54259.2,105,54277.2,70,0,49525
BANKNIFTY-III.NFO,09/05/2025,09:48:42,54281.6,54259.2,105,54279.8,70,0,49525
BANKNIFTY-III.NFO,09/05/2025,09:48:44,54281.6,54259,35,54275,35,0,49525
BANKNIFTY-III.NFO,09/05/2025,09:48:45,54281.6,54259,35,54274.8,35,0,49525
BANKNIFTY-III.NFO,09/05/2025,09:48:47,54281.6,54259.2,105,54279.8,70,0,49525
BANKNIFTY-III.NFO,09/05/2025,09:48:48,54281.6,54259.2,70,54278.6,70,0,49525
BANKNIFTY-III.NFO,09/05/2025,09:48:49,54281.6,54259,35,54277,70,0,49525
BANKNIFTY-III.NFO,09/05/2025,09:48:50,54281.6,54259,35,54269.4,35,0,49525
BANKNIFTY-III.NFO,09/05/2025,09:48:52,54281.6,54259,35,54276.2,70,0,49525
BANKNIFTY-III.NFO,09/05/2025,09:48:53,54281.6,54259,35,54273,70,0,49525
BANKNIFTY-III.NFO,09/05/2025,09:48:54,54281.6,54259,35,54268.4,35,0,49525
BANKNIFTY-III.NFO,09/05/2025,09:48:55,54281.6,54259,35,54268.6,210,0,49525
BANKNIFTY-III.NFO,09/05/2025,09:48:56,54281.6,54259,35,54274,70,0,49525
BANKNIFTY-III.NFO,09/05/2025,09:48:57,54281.6,54259,35,54275.6,105,0,49525
BANKNIFTY-III.NFO,09/05/2025,09:48:59,54281.6,54259,35,54266.8,35,0,49525
