Ticker,Date,Time,LTP,BuyPrice,BuyQty,SellPrice,SellQty,LTQ,OpenInterest
NIFTY-II.NFO,17/12/2024,09:15:00,24899.85,24856,25,24865.95,250,150,1603100
NIFTY-II.NFO,17/12/2024,09:15:00,24899.85,24856,25,24865.95,250,0,1603100
NIFTY-II.NFO,17/12/2024,09:15:00,24899.85,24856,25,24865.95,250,0,1603100
NIFTY-II.NFO,17/12/2024,09:15:00,24866,24856,25,24865.95,250,0,1603100
NIFTY-II.NFO,17/12/2024,09:15:02,24850.3,24842.2,50,24850.65,25,1300,1603100
NIFTY-II.NFO,17/12/2024,09:15:02,24841.05,24842.2,50,24850.65,25,0,1603100
NIFTY-II.NFO,17/12/2024,09:15:03,24845,24842.25,100,24850,25,1225,1603100
NIFTY-II.NFO,17/12/2024,09:15:03,24830,24842.25,100,24850,25,0,1603100
NIFTY-II.NFO,17/12/2024,09:15:05,24850.15,24850,25,24854.95,100,375,1603100
NIFTY-II.NFO,17/12/2024,09:15:06,24847.6,24845,25,24850.25,25,300,1603100
NIFTY-II.NFO,17/12/2024,09:15:08,24854.35,24843.7,150,24850.15,50,175,1603100
NIFTY-II.NFO,17/12/2024,09:15:10,24853.2,24850,25,24855,25,250,1603100
NIFTY-II.NFO,17/12/2024,09:15:11,24850.05,24850.05,150,24856,125,275,1603100
NIFTY-II.NFO,17/12/2024,09:15:13,24850.4,24846.05,25,24850.4,125,350,1603100
NIFTY-II.NFO,17/12/2024,09:15:14,24850,24842.05,100,24849.65,25,200,1603100
NIFTY-II.NFO,17/12/2024,09:15:16,24848.9,24842,25,24848.95,150,200,1603100
NIFTY-II.NFO,17/12/2024,09:15:18,24843.8,24840.1,50,24843.9,125,350,1603100
NIFTY-II.NFO,17/12/2024,09:15:19,24840,24841,25,24844.55,100,175,1603100
NIFTY-II.NFO,17/12/2024,09:15:21,24840,24844,25,24845.4,125,0,1603100
NIFTY-II.NFO,17/12/2024,09:15:22,24843.8,24842,100,24845.5,100,150,1603100
NIFTY-II.NFO,17/12/2024,09:15:24,24840.1,24840,125,24845.15,100,225,1603100
NIFTY-II.NFO,17/12/2024,09:15:26,24846.75,24840,475,24846.45,75,100,1603100
NIFTY-II.NFO,17/12/2024,09:15:27,24845.45,24840,450,24845.5,150,150,1603100
NIFTY-II.NFO,17/12/2024,09:15:29,24841.8,24844.65,75,24849.8,25,25,1603100
NIFTY-II.NFO,17/12/2024,09:15:31,24850,24846.95,100,24850.05,50,125,1603100
NIFTY-II.NFO,17/12/2024,09:15:32,24849.95,24843.5,75,24849.6,150,425,1603100
NIFTY-II.NFO,17/12/2024,09:15:34,24847.5,24841.55,25,24846.85,125,525,1603100
NIFTY-II.NFO,17/12/2024,09:15:36,24845.45,24843.8,50,24845.45,150,50,1603100
NIFTY-II.NFO,17/12/2024,09:15:37,24845.45,24841.8,75,24845.45,100,275,1603100
NIFTY-II.NFO,17/12/2024,09:15:39,24845.45,24841.55,25,24846.9,75,75,1604200
NIFTY-II.NFO,17/12/2024,09:15:41,24842.85,24841.85,100,24849,50,225,1604200
NIFTY-II.NFO,17/12/2024,09:15:42,24847.6,24843,150,24847.15,50,50,1604200
NIFTY-II.NFO,17/12/2024,09:15:44,24849.15,24847.85,225,24849.35,250,200,1604200
NIFTY-II.NFO,17/12/2024,09:15:46,24850.05,24849.95,425,24850.05,25,150,1604200
NIFTY-II.NFO,17/12/2024,09:15:47,24850.05,24850,25,24853.85,250,125,1604200
NIFTY-II.NFO,17/12/2024,09:15:49,24849.95,24850.05,25,24851.55,125,350,1604200
NIFTY-II.NFO,17/12/2024,09:15:51,24847.6,24847.6,50,24850.25,125,325,1604200
NIFTY-II.NFO,17/12/2024,09:15:52,24849.95,24847.6,25,24850.65,125,100,1604200
NIFTY-II.NFO,17/12/2024,09:15:54,24850.05,24847.85,100,24850.85,125,50,1604200
NIFTY-II.NFO,17/12/2024,09:15:56,24847.85,24847.6,25,24849.45,150,100,1604200
NIFTY-II.NFO,17/12/2024,09:15:57,24847.6,24846.4,25,24848.8,150,25,1604200
NIFTY-II.NFO,17/12/2024,09:15:59,24848,24845.45,50,24847.9,150,150,1604200
NIFTY-II.NFO,17/12/2024,09:16:01,24847.15,24843,150,24847.6,125,725,1604200
NIFTY-II.NFO,17/12/2024,09:16:02,24843,24843,25,24843.75,125,175,1604200
NIFTY-II.NFO,17/12/2024,09:16:04,24839.55,24837,25,24841,125,875,1604200
NIFTY-II.NFO,17/12/2024,09:16:05,24841.45,24840,100,24841.45,175,225,1604200
NIFTY-II.NFO,17/12/2024,09:16:07,24842,24838.1,25,24840,25,225,1604200
NIFTY-II.NFO,17/12/2024,09:16:09,24836,24835.05,125,24835.8,125,75,1604200
NIFTY-II.NFO,17/12/2024,09:16:10,24835.6,24835.05,125,24835.6,125,75,1604200
NIFTY-II.NFO,17/12/2024,09:16:12,24836.25,24835.05,100,24836.6,125,75,1604200
NIFTY-II.NFO,17/12/2024,09:16:14,24839.8,24834.05,100,24835.6,25,450,1604200
NIFTY-II.NFO,17/12/2024,09:16:15,24840,24836.6,25,24840,25,125,1604200
NIFTY-II.NFO,17/12/2024,09:16:17,24836.65,24836.6,25,24838.55,475,25,1604200
NIFTY-II.NFO,17/12/2024,09:16:19,24836.55,24835,25,24836.55,25,225,1604200
NIFTY-II.NFO,17/12/2024,09:16:20,24838.35,24836.6,25,24838.45,625,1125,1604200
NIFTY-II.NFO,17/12/2024,09:16:22,24836.6,24836.55,25,24839.9,100,25,1604200
NIFTY-II.NFO,17/12/2024,09:16:24,24839.45,24836.8,300,24839.3,150,25,1604200
NIFTY-II.NFO,17/12/2024,09:16:25,24836.8,24836.8,275,24839.45,150,25,1604200
NIFTY-II.NFO,17/12/2024,09:16:27,24836.8,24836.8,225,24838.95,125,75,1604200
NIFTY-II.NFO,17/12/2024,09:16:29,24839.45,24836.8,200,24839.9,150,50,1604200
NIFTY-II.NFO,17/12/2024,09:16:30,24840.5,24836.8,125,24840.45,100,325,1604200
NIFTY-II.NFO,17/12/2024,09:16:32,24840.45,24836.8,150,24840.5,25,25,1604200
NIFTY-II.NFO,17/12/2024,09:16:34,24840.5,24840,50,24842.8,125,25,1604200
NIFTY-II.NFO,17/12/2024,09:16:35,24843.45,24840,50,24844.5,425,50,1604200
NIFTY-II.NFO,17/12/2024,09:16:37,24843.45,24840.5,25,24843.6,100,0,1604200
NIFTY-II.NFO,17/12/2024,09:16:39,24841,24841,75,24844.95,100,25,1604200
NIFTY-II.NFO,17/12/2024,09:16:40,24843.35,24840.5,25,24842.35,225,225,1604200
NIFTY-II.NFO,17/12/2024,09:16:42,24843.3,24841,25,24843.45,25,100,1604200
NIFTY-II.NFO,17/12/2024,09:16:44,24845.55,24842.2,75,24845.6,100,125,1604200
NIFTY-II.NFO,17/12/2024,09:16:45,24845.35,24842,50,24845.4,100,25,1604200
NIFTY-II.NFO,17/12/2024,09:16:47,24844.05,24842,50,24845.95,25,100,1604200
NIFTY-II.NFO,17/12/2024,09:16:48,24844.05,24844.05,75,24847.2,125,0,1604200
NIFTY-II.NFO,17/12/2024,09:16:50,24844.05,24845.95,50,24848.5,100,0,1604200
NIFTY-II.NFO,17/12/2024,09:16:52,24846.05,24845.95,25,24849.45,175,75,1604200
NIFTY-II.NFO,17/12/2024,09:16:53,24849.95,24845.95,25,24848,75,50,1604200
NIFTY-II.NFO,17/12/2024,09:16:55,24849.35,24845.95,25,24849.75,75,100,1604200
NIFTY-II.NFO,17/12/2024,09:16:57,24850.45,24845.95,25,24849,25,100,1604200
NIFTY-II.NFO,17/12/2024,09:16:58,24850,24845.95,25,24850.05,350,100,1604200
NIFTY-II.NFO,17/12/2024,09:17:00,24850.05,24846.05,25,24850.45,350,75,1604200
NIFTY-II.NFO,17/12/2024,09:17:02,24850.45,24846.05,50,24848.5,75,25,1604200
NIFTY-II.NFO,17/12/2024,09:17:03,24838.15,24840.75,200,24846.1,350,1550,1604200
NIFTY-II.NFO,17/12/2024,09:17:05,24838.15,24845,25,24849.25,100,0,1604200
NIFTY-II.NFO,17/12/2024,09:17:07,24838.15,24845,25,24846.2,100,0,1604200
NIFTY-II.NFO,17/12/2024,09:17:08,24838.15,24845,25,24848,100,0,1604200
NIFTY-II.NFO,17/12/2024,09:17:10,24845,24845,25,24848.15,100,100,1604200
NIFTY-II.NFO,17/12/2024,09:17:12,24845,24845,25,24848.9,250,0,1604200
NIFTY-II.NFO,17/12/2024,09:17:13,24849.85,24845,75,24850,25,125,1604200
NIFTY-II.NFO,17/12/2024,09:17:15,24845.05,24845,75,24850.35,350,75,1604200
NIFTY-II.NFO,17/12/2024,09:17:17,24850.75,24849,25,24850.55,225,75,1604200
NIFTY-II.NFO,17/12/2024,09:17:18,24845,24845,25,24850.3,25,350,1604200
NIFTY-II.NFO,17/12/2024,09:17:20,24849.95,24845,25,24849.1,25,25,1604200
NIFTY-II.NFO,17/12/2024,09:17:22,24845,24849.95,25,24850.45,25,25,1604200
NIFTY-II.NFO,17/12/2024,09:17:23,24853,24849.95,25,24853.55,25,100,1604200
NIFTY-II.NFO,17/12/2024,09:17:25,24853,24849.95,25,24852.15,25,0,1604200
NIFTY-II.NFO,17/12/2024,09:17:27,24849.95,24850,100,24851.25,25,25,1604200
NIFTY-II.NFO,17/12/2024,09:17:28,24850,24849.95,50,24851.45,25,125,1604200
NIFTY-II.NFO,17/12/2024,09:17:30,24848.15,24845,25,24850.85,450,1200,1604200
NIFTY-II.NFO,17/12/2024,09:17:32,24848.15,24849,25,24851.25,100,0,1604200
NIFTY-II.NFO,17/12/2024,09:17:33,24851.3,24849.15,25,24850.5,75,25,1604200
NIFTY-II.NFO,17/12/2024,09:17:35,24851.15,24849.15,25,24851,100,100,1604200
NIFTY-II.NFO,17/12/2024,09:17:37,24850.95,24849.15,25,24852.45,50,25,1604200
NIFTY-II.NFO,17/12/2024,09:17:38,24850.95,24849.15,25,24852.5,50,0,1604200
NIFTY-II.NFO,17/12/2024,09:17:40,24850.95,24851.8,75,24853,75,0,1604200
NIFTY-II.NFO,17/12/2024,09:17:41,24853,24851.8,75,24852.95,50,50,1604200
NIFTY-II.NFO,17/12/2024,09:17:43,24852.75,24850.95,25,24851.75,75,425,1604200
NIFTY-II.NFO,17/12/2024,09:17:45,24853,24853.2,25,24853.7,75,75,1604200
NIFTY-II.NFO,17/12/2024,09:17:46,24852.9,24851.05,25,24852.6,50,125,1604200
NIFTY-II.NFO,17/12/2024,09:17:48,24850.95,24851,25,24851.75,250,125,1604200
NIFTY-II.NFO,17/12/2024,09:17:50,24850,24848.15,50,24850.2,50,450,1604200
NIFTY-II.NFO,17/12/2024,09:17:51,24848,24845,1075,24849.85,25,100,1604200
NIFTY-II.NFO,17/12/2024,09:17:53,24848,24845,1075,24848,25,0,1604200
NIFTY-II.NFO,17/12/2024,09:17:55,24847.9,24845,1075,24848.05,125,75,1604200
NIFTY-II.NFO,17/12/2024,09:17:56,24847.85,24845.05,25,24846.95,125,50,1604200
NIFTY-II.NFO,17/12/2024,09:17:58,24846.15,24845.1,100,24846.2,125,50,1604200
NIFTY-II.NFO,17/12/2024,09:18:00,24845,24845,450,24845.3,125,750,1604200
NIFTY-II.NFO,17/12/2024,09:18:01,24845,24843,50,24845.25,50,450,1604200
NIFTY-II.NFO,17/12/2024,09:18:03,24845,24843,50,24845.25,50,0,1604200
NIFTY-II.NFO,17/12/2024,09:18:05,24845.5,24845,25,24845.05,50,275,1604200
NIFTY-II.NFO,17/12/2024,09:18:06,24845,24840,100,24842.9,50,25,1604200
NIFTY-II.NFO,17/12/2024,09:18:08,24843.4,24840,100,24844.6,175,125,1604200
NIFTY-II.NFO,17/12/2024,09:18:10,24843.4,24840,100,24844.75,350,0,1604200
NIFTY-II.NFO,17/12/2024,09:18:11,24838.15,24838.15,25,24843.3,350,250,1604200
NIFTY-II.NFO,17/12/2024,09:18:13,24842.4,24838.15,25,24842,150,75,1604200
NIFTY-II.NFO,17/12/2024,09:18:15,24838,24838,200,24839.15,200,200,1604200
NIFTY-II.NFO,17/12/2024,09:18:16,24839.5,24838,200,24841.5,150,25,1604200
NIFTY-II.NFO,17/12/2024,09:18:18,24839.5,24838,200,24840.6,150,0,1604200
NIFTY-II.NFO,17/12/2024,09:18:20,24840.6,24838,100,24841.55,500,275,1604200
NIFTY-II.NFO,17/12/2024,09:18:21,24840.85,24838,100,24840,25,50,1604200
NIFTY-II.NFO,17/12/2024,09:18:23,24841.45,24839,200,24842.5,25,225,1604200
NIFTY-II.NFO,17/12/2024,09:18:25,24841.45,24839,200,24841.85,100,0,1604200
NIFTY-II.NFO,17/12/2024,09:18:26,24841.45,24841,25,24842.8,500,0,1604200
NIFTY-II.NFO,17/12/2024,09:18:28,24841,24839.5,25,24844.25,500,25,1604200
NIFTY-II.NFO,17/12/2024,09:18:30,24841,24841.45,25,24842.5,500,0,1604200
NIFTY-II.NFO,17/12/2024,09:18:31,24842.85,24841.45,25,24842.7,250,25,1604200
NIFTY-II.NFO,17/12/2024,09:18:33,24842.85,24841.45,25,24843.95,500,0,1604200
NIFTY-II.NFO,17/12/2024,09:18:35,24844.1,24841.45,25,24844.4,25,25,1604200
NIFTY-II.NFO,17/12/2024,09:18:36,24844.1,24841.5,25,24844.1,25,0,1604200
NIFTY-II.NFO,17/12/2024,09:18:38,24844.1,24842,25,24845.95,25,0,1604200
NIFTY-II.NFO,17/12/2024,09:18:40,24844.1,24842,25,24845.25,200,0,1604200
NIFTY-II.NFO,17/12/2024,09:18:41,24843.9,24841.5,25,24843.7,375,75,1609650
NIFTY-II.NFO,17/12/2024,09:18:43,24844.6,24841.5,25,24846.15,200,50,1609650
NIFTY-II.NFO,17/12/2024,09:18:45,24844.6,24844.65,25,24847.85,25,0,1609650
NIFTY-II.NFO,17/12/2024,09:18:48,24847.85,24846.15,25,24850,75,25,1609650
NIFTY-II.NFO,17/12/2024,09:18:50,24847.85,24846.15,25,24849.5,200,0,1609650
NIFTY-II.NFO,17/12/2024,09:18:51,24847.85,24846.15,25,24848.95,25,0,1609650
NIFTY-II.NFO,17/12/2024,09:18:53,24847.85,24847.9,25,24848.95,25,0,1609650
NIFTY-II.NFO,17/12/2024,09:18:55,24847.9,24847.85,75,24847.9,125,75,1609650
NIFTY-II.NFO,17/12/2024,09:18:56,24847.9,24847.9,100,24850,25,125,1609650
NIFTY-II.NFO,17/12/2024,09:18:58,24850,24847.9,25,24852.7,200,100,1609650
NIFTY-II.NFO,17/12/2024,09:19:00,24850,24850.05,25,24854,25,0,1609650
NIFTY-II.NFO,17/12/2024,09:19:01,24850,24848.95,125,24853.95,350,75,1609650
NIFTY-II.NFO,17/12/2024,09:19:03,24848.95,24848.95,100,24853.95,350,25,1609650
NIFTY-II.NFO,17/12/2024,09:19:05,24853.95,24849.15,200,24853.95,350,25,1609650
NIFTY-II.NFO,17/12/2024,09:19:06,24853.95,24850.1,150,24854,25,25,1609650
NIFTY-II.NFO,17/12/2024,09:19:08,24850.1,24850.1,50,24855.4,350,50,1609650
NIFTY-II.NFO,17/12/2024,09:19:10,24853.15,24850,50,24853.25,25,175,1609650
NIFTY-II.NFO,17/12/2024,09:19:11,24850,24850,25,24853.25,25,25,1609650
NIFTY-II.NFO,17/12/2024,09:19:13,24854.65,24850.1,25,24854.35,275,150,1609650
NIFTY-II.NFO,17/12/2024,09:19:15,24854.65,24850.1,25,24852.1,100,0,1609650
NIFTY-II.NFO,17/12/2024,09:19:16,24852.1,24850.1,325,24851.95,75,25,1609650
NIFTY-II.NFO,17/12/2024,09:19:18,24852,24850.1,325,24853.15,200,175,1609650
NIFTY-II.NFO,17/12/2024,09:19:20,24852,24850.1,325,24852.85,125,0,1609650
NIFTY-II.NFO,17/12/2024,09:19:21,24852.5,24850.1,325,24853.7,125,150,1609650
NIFTY-II.NFO,17/12/2024,09:19:23,24852.5,24850.1,325,24853.15,175,0,1609650
NIFTY-II.NFO,17/12/2024,09:19:25,24852.5,24850.3,25,24852.5,175,0,1609650
NIFTY-II.NFO,17/12/2024,09:19:26,24852.3,24850.1,325,24852.4,125,150,1609650
NIFTY-II.NFO,17/12/2024,09:19:28,24852.3,24850.1,325,24852,150,0,1609650
NIFTY-II.NFO,17/12/2024,09:19:30,24851.6,24850.1,325,24852.1,25,125,1609650
NIFTY-II.NFO,17/12/2024,09:19:31,24850,24847.85,50,24850.6,200,500,1609650
NIFTY-II.NFO,17/12/2024,09:19:33,24847.85,24850,25,24851.5,125,150,1609650
NIFTY-II.NFO,17/12/2024,09:19:35,24851.4,24850,25,24851.7,250,25,1609650
NIFTY-II.NFO,17/12/2024,09:19:37,24851.95,24850,50,24852.7,200,350,1609650
NIFTY-II.NFO,17/12/2024,09:19:38,24852.7,24850,50,24852.45,50,25,1609650
NIFTY-II.NFO,17/12/2024,09:19:40,24852.7,24850,50,24852.65,100,0,1609650
NIFTY-II.NFO,17/12/2024,09:19:42,24852.7,24851.1,50,24853,150,25,1609650
NIFTY-II.NFO,17/12/2024,09:19:43,24851.1,24851.1,25,24853.1,150,25,1609650
NIFTY-II.NFO,17/12/2024,09:19:45,24851.1,24852.7,100,24854.05,250,0,1609650
NIFTY-II.NFO,17/12/2024,09:19:47,24851.1,24852.7,100,24854.2,50,0,1609650
NIFTY-II.NFO,17/12/2024,09:19:48,24851.1,24852.7,100,24853.7,175,0,1609650
NIFTY-II.NFO,17/12/2024,09:19:50,24852.7,24851.1,25,24853.1,250,300,1609650
NIFTY-II.NFO,17/12/2024,09:19:52,24852.4,24851.1,25,24852.95,25,400,1609650
NIFTY-II.NFO,17/12/2024,09:19:53,24852.4,24851.1,25,24853.1,175,0,1609650
NIFTY-II.NFO,17/12/2024,09:19:55,24852.4,24852,25,24856,50,0,1609650
NIFTY-II.NFO,17/12/2024,09:19:57,24852.05,24852.05,100,24856,50,25,1609650
NIFTY-II.NFO,17/12/2024,09:19:58,24855.95,24852.05,100,24855.9,250,25,1609650
NIFTY-II.NFO,17/12/2024,09:20:00,24850,24850,50,24852.5,25,150,1609650
NIFTY-II.NFO,17/12/2024,09:20:02,24852.4,24850,50,24852.55,25,25,1609650
NIFTY-II.NFO,17/12/2024,09:20:03,24852.5,24850,25,24852.25,25,75,1609650
NIFTY-II.NFO,17/12/2024,09:20:05,24851.1,24850,25,24850.9,100,25,1609650
NIFTY-II.NFO,17/12/2024,09:20:07,24852.4,24850,25,24852.5,25,50,1609650
NIFTY-II.NFO,17/12/2024,09:20:08,24848.45,24848.4,25,24850.05,25,50,1609650
NIFTY-II.NFO,17/12/2024,09:20:10,24851.05,24846.45,100,24851.45,350,175,1609650
NIFTY-II.NFO,17/12/2024,09:20:12,24850,24846.4,25,24850.95,175,200,1609650
NIFTY-II.NFO,17/12/2024,09:20:13,24850,24845,125,24847.95,250,0,1609650
NIFTY-II.NFO,17/12/2024,09:20:15,24845,24845,125,24848.05,250,325,1609650
NIFTY-II.NFO,17/12/2024,09:20:17,24846.9,24845,125,24849.55,525,25,1609650
NIFTY-II.NFO,17/12/2024,09:20:18,24846.9,24845.05,100,24850.05,350,0,1609650
NIFTY-II.NFO,17/12/2024,09:20:20,24850.65,24845.05,100,24850.6,350,25,1609650
NIFTY-II.NFO,17/12/2024,09:20:22,24845,24845,100,24848.45,175,25,1609650
NIFTY-II.NFO,17/12/2024,09:20:23,24845,24845,75,24848.95,175,25,1609650
NIFTY-II.NFO,17/12/2024,09:20:25,24848.4,24845,75,24848.4,75,100,1609650
NIFTY-II.NFO,17/12/2024,09:20:27,24848.4,24845,75,24847.5,75,0,1609650
NIFTY-II.NFO,17/12/2024,09:20:28,24847.2,24847,100,24847.45,75,50,1609650
NIFTY-II.NFO,17/12/2024,09:20:30,24847.2,24847,100,24847.1,250,0,1609650
NIFTY-II.NFO,17/12/2024,09:20:32,24845,24844.1,25,24846.35,25,275,1609650
NIFTY-II.NFO,17/12/2024,09:20:33,24844.1,24841,50,24846.35,350,75,1609650
NIFTY-II.NFO,17/12/2024,09:20:35,24841,24840.85,50,24846.5,350,125,1609650
NIFTY-II.NFO,17/12/2024,09:20:37,24846.4,24840.9,150,24846.4,350,75,1609650
NIFTY-II.NFO,17/12/2024,09:20:38,24846.4,24840.9,150,24846.4,350,0,1609650
NIFTY-II.NFO,17/12/2024,09:20:40,24846.4,24842.05,225,24848.7,350,25,1609650
NIFTY-II.NFO,17/12/2024,09:20:42,24849.9,24846.4,25,24850,25,625,1609650
NIFTY-II.NFO,17/12/2024,09:20:43,24849.9,24846.4,25,24850,25,0,1609650
NIFTY-II.NFO,17/12/2024,09:20:45,24846.4,24842.8,100,24850,25,25,1609650
NIFTY-II.NFO,17/12/2024,09:20:47,24846.4,24842.75,225,24850,25,0,1609650
NIFTY-II.NFO,17/12/2024,09:20:48,24847,24846.45,25,24850,25,25,1609650
NIFTY-II.NFO,17/12/2024,09:20:50,24847,24846.45,25,24850,25,0,1609650
NIFTY-II.NFO,17/12/2024,09:20:52,24847,24846.45,25,24850,275,0,1609650
NIFTY-II.NFO,17/12/2024,09:20:53,24847,24846.45,25,24850,25,0,1609650
NIFTY-II.NFO,17/12/2024,09:20:55,24850,24846.4,25,24850.4,250,25,1609650
NIFTY-II.NFO,17/12/2024,09:20:57,24850,24846.4,25,24851.8,250,0,1609650
NIFTY-II.NFO,17/12/2024,09:20:58,24850,24846.4,25,24850.05,250,0,1609650
NIFTY-II.NFO,17/12/2024,09:21:00,24850,24846.4,25,24849.35,250,25,1609650
NIFTY-II.NFO,17/12/2024,09:21:02,24850,24850,25,24852,25,0,1609650
NIFTY-II.NFO,17/12/2024,09:21:03,24851.95,24844.45,150,24852,25,600,1609650
NIFTY-II.NFO,17/12/2024,09:21:05,24851.95,24850,25,24851.95,250,0,1609650
NIFTY-II.NFO,17/12/2024,09:21:07,24850,24846,300,24850.8,175,25,1609650
NIFTY-II.NFO,17/12/2024,09:21:08,24850,24846,300,24851.65,375,0,1609650
NIFTY-II.NFO,17/12/2024,09:21:10,24850,24848.4,25,24852,25,0,1609650
NIFTY-II.NFO,17/12/2024,09:21:12,24850,24848.4,25,24851.55,175,0,1609650
NIFTY-II.NFO,17/12/2024,09:21:13,24850,24846,300,24850.1,50,100,1609650
NIFTY-II.NFO,17/12/2024,09:21:15,24851.1,24846,275,24851.25,100,75,1609650
NIFTY-II.NFO,17/12/2024,09:21:17,24851.1,24846,275,24850,25,0,1609650
NIFTY-II.NFO,17/12/2024,09:21:23,24851.1,24846,300,24850,25,0,1609650
NIFTY-II.NFO,17/12/2024,09:21:25,24846,24846,225,24851.4,125,100,1609650
NIFTY-II.NFO,17/12/2024,09:21:27,24851.4,24850.1,75,24852,25,325,1609650
NIFTY-II.NFO,17/12/2024,09:21:28,24851.4,24850.1,75,24852,25,0,1609650
NIFTY-II.NFO,17/12/2024,09:21:30,24850.1,24851.1,50,24852,25,75,1609650
NIFTY-II.NFO,17/12/2024,09:21:32,24850.1,24851.4,25,24852,25,0,1609650
NIFTY-II.NFO,17/12/2024,09:21:35,24852,24852.35,150,24856,50,25,1609650
NIFTY-II.NFO,17/12/2024,09:21:37,24852,24851.9,225,24856,50,0,1609650
NIFTY-II.NFO,17/12/2024,09:21:38,24856,24852.65,150,24856,25,25,1609650
NIFTY-II.NFO,17/12/2024,09:21:40,24856,24854.4,150,24856,25,0,1609650
NIFTY-II.NFO,17/12/2024,09:21:42,24863,24862,300,24864.05,125,350,1612675
NIFTY-II.NFO,17/12/2024,09:21:43,24863.6,24862,250,24864.05,250,100,1612675
NIFTY-II.NFO,17/12/2024,09:21:45,24864.3,24862,250,24865.05,175,50,1612675
NIFTY-II.NFO,17/12/2024,09:21:47,24862,24862,175,24863.5,100,125,1612675
NIFTY-II.NFO,17/12/2024,09:21:48,24862,24862,175,24865.1,75,0,1612675
NIFTY-II.NFO,17/12/2024,09:21:50,24862,24862,175,24867,100,0,1612675
NIFTY-II.NFO,17/12/2024,09:21:52,24869.1,24865.05,25,24867.75,125,25,1612675
NIFTY-II.NFO,17/12/2024,09:21:53,24867.7,24865.05,25,24867.75,350,100,1612675
NIFTY-II.NFO,17/12/2024,09:21:55,24867.7,24865.05,25,24866.2,25,0,1612675
NIFTY-II.NFO,17/12/2024,09:21:57,24865.85,24865.05,25,24867.4,175,25,1612675
NIFTY-II.NFO,17/12/2024,09:21:58,24868.55,24865.05,25,24868.55,250,25,1612675
NIFTY-II.NFO,17/12/2024,09:22:00,24868.55,24865.05,25,24869.1,25,0,1612675
NIFTY-II.NFO,17/12/2024,09:22:02,24869.1,24865.05,25,24869.15,75,25,1612675
NIFTY-II.NFO,17/12/2024,09:22:03,24868.05,24865.05,25,24867.6,75,25,1612675
NIFTY-II.NFO,17/12/2024,09:22:05,24867.8,24865.05,25,24868.35,50,125,1612675
NIFTY-II.NFO,17/12/2024,09:22:07,24867.8,24865.05,25,24869,175,0,1612675
NIFTY-II.NFO,17/12/2024,09:22:10,24869,24866,25,24869,150,25,1612675
NIFTY-II.NFO,17/12/2024,09:22:12,24869,24866,50,24869,100,75,1612675
NIFTY-II.NFO,17/12/2024,09:22:13,24869,24866,50,24869,100,0,1612675
NIFTY-II.NFO,17/12/2024,09:22:15,24869,24866,50,24869,100,25,1612675
NIFTY-II.NFO,17/12/2024,09:22:17,24869,24866.05,150,24869,50,50,1612675
NIFTY-II.NFO,17/12/2024,09:22:18,24870,24866,50,24870,500,75,1612675
NIFTY-II.NFO,17/12/2024,09:22:20,24870,24867.05,100,24870,500,0,1612675
NIFTY-II.NFO,17/12/2024,09:22:22,24869,24867,25,24870,500,25,1612675
NIFTY-II.NFO,17/12/2024,09:22:23,24868,24867.05,225,24872,25,500,1612675
NIFTY-II.NFO,17/12/2024,09:22:25,24873.95,24869.05,100,24874.5,175,50,1612675
NIFTY-II.NFO,17/12/2024,09:22:27,24870.6,24870.6,125,24875,275,125,1612675
NIFTY-II.NFO,17/12/2024,09:22:28,24875,24870.35,75,24875,250,25,1612675
NIFTY-II.NFO,17/12/2024,09:22:30,24875,24869,25,24870.8,175,0,1612675
NIFTY-II.NFO,17/12/2024,09:22:32,24875,24869,25,24873.4,250,0,1612675
NIFTY-II.NFO,17/12/2024,09:22:33,24871.85,24870,50,24871.85,225,50,1612675
NIFTY-II.NFO,17/12/2024,09:22:35,24871.85,24870,50,24872.1,175,50,1612675
NIFTY-II.NFO,17/12/2024,09:22:37,24871.8,24870,50,24872.5,175,75,1612675
NIFTY-II.NFO,17/12/2024,09:22:38,24871.8,24870,50,24871.7,75,0,1612675
NIFTY-II.NFO,17/12/2024,09:22:40,24869.2,24867,25,24869.55,100,100,1612675
NIFTY-II.NFO,17/12/2024,09:22:42,24868.9,24867,25,24868.95,25,25,1612675
NIFTY-II.NFO,17/12/2024,09:22:43,24870.7,24867,25,24869.35,50,25,1612675
NIFTY-II.NFO,17/12/2024,09:22:45,24870.7,24867,25,24868.6,250,0,1612675
NIFTY-II.NFO,17/12/2024,09:22:47,24870.7,24867,25,24868.9,50,0,1612675
NIFTY-II.NFO,17/12/2024,09:22:48,24867.85,24867,25,24867.95,25,25,1612675
NIFTY-II.NFO,17/12/2024,09:22:50,24868.1,24867,25,24867.9,100,100,1612675
NIFTY-II.NFO,17/12/2024,09:22:52,24868.1,24867,25,24868.4,125,0,1612675
NIFTY-II.NFO,17/12/2024,09:22:53,24867,24866,25,24867.4,25,25,1612675
NIFTY-II.NFO,17/12/2024,09:22:55,24865,24865,25,24866.15,25,75,1612675
NIFTY-II.NFO,17/12/2024,09:22:57,24865,24865,25,24867.45,50,0,1612675
NIFTY-II.NFO,17/12/2024,09:22:58,24865,24862,25,24865,475,25,1612675
NIFTY-II.NFO,17/12/2024,09:23:00,24865,24862,25,24864.6,250,75,1612675
NIFTY-II.NFO,17/12/2024,09:23:02,24865,24862,25,24865,400,50,1612675
NIFTY-II.NFO,17/12/2024,09:23:03,24865,24862.05,25,24865,400,0,1612675
NIFTY-II.NFO,17/12/2024,09:23:05,24865,24862,25,24865,400,0,1612675
NIFTY-II.NFO,17/12/2024,09:23:07,24865,24862,25,24864.9,175,75,1612675
NIFTY-II.NFO,17/12/2024,09:23:08,24862.9,24860,100,24862.9,75,50,1612675
NIFTY-II.NFO,17/12/2024,09:23:10,24862.4,24860,100,24862.85,175,50,1612675
NIFTY-II.NFO,17/12/2024,09:23:12,24854.4,24854.4,25,24860.3,50,175,1612675
NIFTY-II.NFO,17/12/2024,09:23:13,24854.4,24854.45,100,24860,325,0,1612675
NIFTY-II.NFO,17/12/2024,09:23:15,24854.4,24854.4,25,24860,325,0,1612675
NIFTY-II.NFO,17/12/2024,09:23:17,24859.95,24856.05,25,24860,325,125,1612675
NIFTY-II.NFO,17/12/2024,09:23:18,24859.95,24854.4,25,24859.1,100,0,1612675
NIFTY-II.NFO,17/12/2024,09:23:20,24859.9,24854.4,25,24859.9,100,25,1612675
NIFTY-II.NFO,17/12/2024,09:23:22,24854.4,24855.15,100,24859.9,25,25,1612675
NIFTY-II.NFO,17/12/2024,09:23:23,24859.9,24855,25,24860,325,25,1612675
NIFTY-II.NFO,17/12/2024,09:23:25,24859.9,24855,25,24860,325,0,1612675
NIFTY-II.NFO,17/12/2024,09:23:27,24855.1,24855.05,100,24860,275,100,1612675
NIFTY-II.NFO,17/12/2024,09:23:28,24854.15,24854.4,75,24860,275,500,1612675
NIFTY-II.NFO,17/12/2024,09:23:30,24854.15,24856.05,25,24860,275,0,1612675
NIFTY-II.NFO,17/12/2024,09:23:32,24854.15,24857.1,125,24860,275,0,1612675
NIFTY-II.NFO,17/12/2024,09:23:33,24854.15,24859.4,50,24860,275,0,1612675
NIFTY-II.NFO,17/12/2024,09:23:38,24860,24860.1,50,24862.9,375,275,1612675
NIFTY-II.NFO,17/12/2024,09:23:40,24860,24859.6,50,24862.9,375,0,1612675
NIFTY-II.NFO,17/12/2024,09:23:42,24860,24859.55,50,24862.9,375,0,1612675
NIFTY-II.NFO,17/12/2024,09:23:43,24859.55,24859.4,50,24862.9,375,25,1612675
NIFTY-II.NFO,17/12/2024,09:23:45,24862.9,24862.55,125,24862.9,300,75,1612675
NIFTY-II.NFO,17/12/2024,09:23:47,24864.75,24864.65,125,24868,25,600,1612675
NIFTY-II.NFO,17/12/2024,09:23:48,24870.7,24864.4,350,24871.6,100,275,1612675
NIFTY-II.NFO,17/12/2024,09:23:50,24870.7,24865.05,25,24870.25,75,0,1612675
NIFTY-II.NFO,17/12/2024,09:23:52,24862.05,24862.05,100,24869.05,50,200,1612675
NIFTY-II.NFO,17/12/2024,09:23:54,24868.7,24864.05,25,24870.2,75,25,1612675
NIFTY-II.NFO,17/12/2024,09:23:55,24869.15,24864.1,100,24870.45,25,25,1612675
NIFTY-II.NFO,17/12/2024,09:23:57,24863.2,24863.15,350,24869.7,50,50,1612675
NIFTY-II.NFO,17/12/2024,09:23:59,24863.2,24862.9,25,24867.3,25,0,1612675
NIFTY-II.NFO,17/12/2024,09:24:00,24863.2,24862.9,25,24868.25,50,0,1612675
NIFTY-II.NFO,17/12/2024,09:24:02,24868.25,24862.9,25,24868.15,25,25,1612675
NIFTY-II.NFO,17/12/2024,09:24:04,24868.25,24863.2,25,24867.25,25,0,1612675
NIFTY-II.NFO,17/12/2024,09:24:05,24868.25,24863.2,50,24866.5,25,0,1612675
NIFTY-II.NFO,17/12/2024,09:24:07,24863.2,24863.2,25,24865.7,25,25,1612675
NIFTY-II.NFO,17/12/2024,09:24:09,24863.2,24862.9,25,24865.05,25,25,1612675
NIFTY-II.NFO,17/12/2024,09:24:10,24863.2,24862.9,25,24866.4,25,0,1612675
NIFTY-II.NFO,17/12/2024,09:24:12,24863.2,24862.9,25,24865.75,25,0,1612675
NIFTY-II.NFO,17/12/2024,09:24:14,24862.9,24860,50,24864.65,75,25,1612675
NIFTY-II.NFO,17/12/2024,09:24:15,24862.9,24860,50,24864.95,25,0,1612675
NIFTY-II.NFO,17/12/2024,09:24:17,24865.4,24861.05,25,24867.65,250,125,1612675
NIFTY-II.NFO,17/12/2024,09:24:19,24865.4,24861.05,25,24867.65,250,0,1612675
NIFTY-II.NFO,17/12/2024,09:24:20,24865.4,24861.75,100,24862.9,150,0,1612675
NIFTY-II.NFO,17/12/2024,09:24:22,24862.9,24861.45,100,24862.9,125,25,1612675
NIFTY-II.NFO,17/12/2024,09:24:24,24862.9,24866.05,25,24869.65,25,125,1612675
NIFTY-II.NFO,17/12/2024,09:24:25,24869.65,24866.4,100,24869.95,25,25,1612675
NIFTY-II.NFO,17/12/2024,09:24:27,24869.65,24863.3,75,24869.55,50,0,1612675
NIFTY-II.NFO,17/12/2024,09:24:29,24863.75,24865.05,25,24870.85,25,1025,1612675
NIFTY-II.NFO,17/12/2024,09:24:30,24863.75,24865.05,25,24870.85,25,0,1612675
NIFTY-II.NFO,17/12/2024,09:24:32,24863.75,24861.85,100,24862.9,25,0,1612675
NIFTY-II.NFO,17/12/2024,09:24:34,24863.75,24861.85,100,24862.85,25,0,1612675
NIFTY-II.NFO,17/12/2024,09:24:35,24863.75,24862.05,450,24862.85,25,0,1612675
NIFTY-II.NFO,17/12/2024,09:24:37,24863.75,24862.35,100,24862.8,25,0,1612675
NIFTY-II.NFO,17/12/2024,09:24:39,24862.8,24860.05,100,24862.8,25,25,1612675
NIFTY-II.NFO,17/12/2024,09:24:40,24862.9,24861.4,150,24867.05,25,75,1614275
NIFTY-II.NFO,17/12/2024,09:24:42,24867.05,24862.1,150,24867.1,25,25,1614275
NIFTY-II.NFO,17/12/2024,09:24:44,24867.05,24863.35,125,24867.1,25,0,1614275
NIFTY-II.NFO,17/12/2024,09:24:45,24867.05,24864.2,150,24867.1,25,25,1614275
NIFTY-II.NFO,17/12/2024,09:24:47,24867.1,24866.05,25,24872.05,25,25,1614275
NIFTY-II.NFO,17/12/2024,09:24:49,24867.1,24867.9,50,24872.9,25,0,1614275
NIFTY-II.NFO,17/12/2024,09:24:50,24867.1,24867.9,50,24871.2,25,0,1614275
NIFTY-II.NFO,17/12/2024,09:24:52,24867.1,24868.05,25,24871.15,25,0,1614275
NIFTY-II.NFO,17/12/2024,09:24:54,24867.9,24867.9,25,24870,75,25,1614275
NIFTY-II.NFO,17/12/2024,09:24:55,24867.9,24867.9,25,24870,75,0,1614275
NIFTY-II.NFO,17/12/2024,09:24:57,24870,24867.9,25,24870,25,50,1614275
NIFTY-II.NFO,17/12/2024,09:24:59,24867.9,24867.1,25,24870,25,25,1614275
NIFTY-II.NFO,17/12/2024,09:25:00,24870,24869.8,100,24870,25,25,1614275
NIFTY-II.NFO,17/12/2024,09:25:02,24875,24869.05,25,24875,250,50,1614275
NIFTY-II.NFO,17/12/2024,09:25:04,24875,24868.4,75,24874.85,25,0,1614275
NIFTY-II.NFO,17/12/2024,09:25:05,24875,24868.05,25,24874.1,25,0,1614275
NIFTY-II.NFO,17/12/2024,09:25:07,24874.05,24868.05,25,24874.25,25,25,1614275
NIFTY-II.NFO,17/12/2024,09:25:09,24874.05,24869.05,25,24874.85,175,0,1614275
NIFTY-II.NFO,17/12/2024,09:25:10,24874.75,24869.05,25,24874.8,25,25,1614275
NIFTY-II.NFO,17/12/2024,09:25:12,24874.75,24870.05,100,24874.05,25,0,1614275
NIFTY-II.NFO,17/12/2024,09:25:14,24874.8,24872,225,24875,250,75,1614275
NIFTY-II.NFO,17/12/2024,09:25:15,24875,24875,75,24876.6,25,250,1614275
NIFTY-II.NFO,17/12/2024,09:25:17,24875,24875,75,24876.6,25,0,1614275
NIFTY-II.NFO,17/12/2024,09:25:19,24878.65,24875,75,24877.4,25,275,1614275
NIFTY-II.NFO,17/12/2024,09:25:20,24877.25,24875,75,24877.45,25,50,1614275
NIFTY-II.NFO,17/12/2024,09:25:22,24877.25,24875,75,24877.45,25,0,1614275
NIFTY-II.NFO,17/12/2024,09:25:24,24877.45,24875,100,24877.5,25,25,1614275
NIFTY-II.NFO,17/12/2024,09:25:25,24877.45,24876.45,100,24878,25,0,1614275
NIFTY-II.NFO,17/12/2024,09:25:27,24879,24876.85,100,24880,100,75,1614275
NIFTY-II.NFO,17/12/2024,09:25:29,24879,24875,125,24879,25,0,1614275
NIFTY-II.NFO,17/12/2024,09:25:30,24879,24875.05,100,24880,100,25,1614275
NIFTY-II.NFO,17/12/2024,09:25:32,24879,24876.4,100,24879,25,0,1614275
NIFTY-II.NFO,17/12/2024,09:25:34,24880,24875.5,100,24880,75,50,1614275
NIFTY-II.NFO,17/12/2024,09:25:35,24880,24879,25,24880,75,0,1614275
NIFTY-II.NFO,17/12/2024,09:25:37,24879,24875.1,350,24880,75,25,1614275
NIFTY-II.NFO,17/12/2024,09:25:39,24879,24875.05,125,24880,75,0,1614275
NIFTY-II.NFO,17/12/2024,09:25:40,24875,24875,375,24880,50,50,1614275
NIFTY-II.NFO,17/12/2024,09:25:42,24880,24875.05,25,24880,100,50,1614275
NIFTY-II.NFO,17/12/2024,09:25:44,24880,24880,25,24881.3,25,25,1614275
NIFTY-II.NFO,17/12/2024,09:25:45,24880,24875.05,25,24880,25,25,1614275
NIFTY-II.NFO,17/12/2024,09:25:47,24880,24875,350,24879.1,25,0,1614275
NIFTY-II.NFO,17/12/2024,09:25:49,24879.65,24875,325,24879.3,50,50,1614275
NIFTY-II.NFO,17/12/2024,09:25:50,24879.65,24875,325,24878.45,50,0,1614275
NIFTY-II.NFO,17/12/2024,09:25:52,24878.85,24875,325,24878.7,75,250,1614275
NIFTY-II.NFO,17/12/2024,09:25:54,24878.6,24875,225,24878.6,100,150,1614275
NIFTY-II.NFO,17/12/2024,09:25:55,24877.55,24875,225,24877.45,75,25,1614275
NIFTY-II.NFO,17/12/2024,09:25:57,24875,24872.5,25,24875.7,50,225,1614275
NIFTY-II.NFO,17/12/2024,09:25:59,24875.45,24871,25,24874.9,50,150,1614275
NIFTY-II.NFO,17/12/2024,09:26:00,24875.45,24871,25,24874.15,75,0,1614275
NIFTY-II.NFO,17/12/2024,09:26:02,24875.45,24871,25,24873.55,125,0,1614275
NIFTY-II.NFO,17/12/2024,09:26:04,24870,24871,200,24872.1,75,100,1614275
NIFTY-II.NFO,17/12/2024,09:26:05,24871,24870,275,24871.35,75,200,1614275
NIFTY-II.NFO,17/12/2024,09:26:07,24870,24867.1,25,24870.55,75,275,1614275
NIFTY-II.NFO,17/12/2024,09:26:09,24865.1,24865.1,50,24870.15,50,50,1614275
NIFTY-II.NFO,17/12/2024,09:26:10,24865.1,24864.3,25,24869.45,625,0,1614275
NIFTY-II.NFO,17/12/2024,09:26:12,24865.1,24864.35,100,24870.5,50,0,1614275
NIFTY-II.NFO,17/12/2024,09:26:14,24870.9,24864,100,24870.9,400,100,1614275
NIFTY-II.NFO,17/12/2024,09:26:15,24869.7,24863.3,25,24865,25,75,1614275
NIFTY-II.NFO,17/12/2024,09:26:17,24865.5,24863,450,24864.6,25,150,1614275
NIFTY-II.NFO,17/12/2024,09:26:19,24865.5,24863,450,24866.2,625,0,1614275
NIFTY-II.NFO,17/12/2024,09:26:20,24865.5,24863,450,24866.55,250,0,1614275
NIFTY-II.NFO,17/12/2024,09:26:22,24865.35,24863,450,24865.35,850,100,1614275
NIFTY-II.NFO,17/12/2024,09:26:24,24864.05,24863,350,24865.7,175,200,1614275
NIFTY-II.NFO,17/12/2024,09:26:25,24863,24861,50,24864.05,525,350,1614275
NIFTY-II.NFO,17/12/2024,09:26:27,24862.8,24861,50,24862.8,25,25,1614275
NIFTY-II.NFO,17/12/2024,09:26:29,24861,24861,25,24864.2,200,25,1614275
NIFTY-II.NFO,17/12/2024,09:26:30,24862.8,24861,25,24862.95,100,25,1614275
NIFTY-II.NFO,17/12/2024,09:26:32,24862.8,24861,25,24862.75,25,0,1614275
NIFTY-II.NFO,17/12/2024,09:26:34,24861,24860,225,24861.5,75,25,1614275
NIFTY-II.NFO,17/12/2024,09:26:35,24861,24860,225,24861.75,200,0,1614275
NIFTY-II.NFO,17/12/2024,09:26:37,24861,24860,225,24863.2,175,0,1614275
NIFTY-II.NFO,17/12/2024,09:26:39,24861,24860,225,24862.25,100,0,1614275
NIFTY-II.NFO,17/12/2024,09:26:40,24862.25,24860,225,24861,125,25,1614275
NIFTY-II.NFO,17/12/2024,09:26:42,24860,24855.2,100,24861.4,50,300,1614275
NIFTY-II.NFO,17/12/2024,09:26:44,24860,24855.05,125,24860,25,0,1614275
NIFTY-II.NFO,17/12/2024,09:26:45,24855.05,24855.05,100,24860,25,75,1614275
NIFTY-II.NFO,17/12/2024,09:26:47,24855.05,24855.6,100,24860,25,0,1614275
NIFTY-II.NFO,17/12/2024,09:26:49,24855.05,24856.25,100,24860,25,0,1614275
NIFTY-II.NFO,17/12/2024,09:26:50,24860,24860,50,24865.55,125,25,1614275
NIFTY-II.NFO,17/12/2024,09:26:52,24860,24860.05,100,24866.4,25,0,1614275
NIFTY-II.NFO,17/12/2024,09:26:54,24860,24860,50,24865.55,75,0,1614275
NIFTY-II.NFO,17/12/2024,09:26:55,24860,24860,50,24865,175,0,1614275
NIFTY-II.NFO,17/12/2024,09:26:57,24860,24860,50,24865.05,75,0,1614275
NIFTY-II.NFO,17/12/2024,09:26:59,24865.4,24860.35,100,24867.9,75,100,1614275
NIFTY-II.NFO,17/12/2024,09:27:00,24860.45,24860.45,25,24867.8,100,225,1614275
NIFTY-II.NFO,17/12/2024,09:27:02,24860.45,24861.5,25,24868.75,125,0,1614275
NIFTY-II.NFO,17/12/2024,09:27:04,24860.45,24861,25,24868.5,725,0,1614275
NIFTY-II.NFO,17/12/2024,09:27:05,24860.45,24860.75,75,24866.8,100,0,1614275
NIFTY-II.NFO,17/12/2024,09:27:07,24856.65,24860.05,25,24867.65,100,900,1614275
NIFTY-II.NFO,17/12/2024,09:27:09,24856.65,24859.25,350,24866.7,100,0,1614275
NIFTY-II.NFO,17/12/2024,09:27:10,24860,24859.75,350,24867.95,100,50,1614275
NIFTY-II.NFO,17/12/2024,09:27:12,24860,24860.1,125,24867.85,125,0,1614275
NIFTY-II.NFO,17/12/2024,09:27:13,24860.4,24860.5,450,24867.85,125,150,1614275
NIFTY-II.NFO,17/12/2024,09:27:15,24860.4,24860.75,350,24868.45,100,0,1614275
NIFTY-II.NFO,17/12/2024,09:27:17,24866.7,24858.2,275,24866.25,100,25,1614275
NIFTY-II.NFO,17/12/2024,09:27:18,24859.05,24859,250,24866.15,125,25,1614275
NIFTY-II.NFO,17/12/2024,09:27:20,24863.8,24859,250,24864.05,100,25,1614275
NIFTY-II.NFO,17/12/2024,09:27:22,24863.8,24859,250,24863.25,100,0,1614275
NIFTY-II.NFO,17/12/2024,09:27:23,24863.8,24859,250,24863.4,100,0,1614275
NIFTY-II.NFO,17/12/2024,09:27:25,24862.3,24859,250,24860.75,100,25,1614275
NIFTY-II.NFO,17/12/2024,09:27:27,24862.3,24859,250,24860.55,100,0,1614275
NIFTY-II.NFO,17/12/2024,09:27:28,24862.3,24859,250,24860.1,100,0,1614275
NIFTY-II.NFO,17/12/2024,09:27:30,24862.3,24859,250,24860.6,100,0,1614275
NIFTY-II.NFO,17/12/2024,09:27:32,24862.3,24859,250,24860.45,100,0,1614275
NIFTY-II.NFO,17/12/2024,09:27:33,24862.3,24859,250,24860.85,100,0,1614275
NIFTY-II.NFO,17/12/2024,09:27:35,24859,24855,275,24859.1,100,250,1614275
NIFTY-II.NFO,17/12/2024,09:27:37,24859,24855,275,24858.1,125,0,1614275
NIFTY-II.NFO,17/12/2024,09:27:38,24856,24856,200,24856.75,25,100,1614275
NIFTY-II.NFO,17/12/2024,09:27:40,24858.3,24856,225,24859.25,100,50,1615925
NIFTY-II.NFO,17/12/2024,09:27:42,24858.3,24856,225,24859.2,125,0,1615925
NIFTY-II.NFO,17/12/2024,09:27:43,24858.3,24856,225,24858.4,100,0,1615925
NIFTY-II.NFO,17/12/2024,09:27:45,24858.3,24856,225,24859.2,125,0,1615925
NIFTY-II.NFO,17/12/2024,09:27:47,24856,24856,150,24861.55,125,75,1615925
NIFTY-II.NFO,17/12/2024,09:27:48,24856,24856.55,25,24861.45,100,0,1615925
NIFTY-II.NFO,17/12/2024,09:27:50,24861.55,24860,25,24861.65,25,325,1615925
NIFTY-II.NFO,17/12/2024,09:27:52,24855,24855.05,75,24861.55,50,525,1615925
NIFTY-II.NFO,17/12/2024,09:27:53,24861.6,24854.4,50,24861.9,100,550,1615925
NIFTY-II.NFO,17/12/2024,09:27:55,24861.6,24853.85,50,24861.85,100,0,1615925
NIFTY-II.NFO,17/12/2024,09:27:57,24861.6,24853.25,50,24861.4,100,0,1615925
NIFTY-II.NFO,17/12/2024,09:27:58,24861.6,24856.05,50,24863.75,100,0,1615925
NIFTY-II.NFO,17/12/2024,09:28:00,24861.6,24858.2,50,24865,25,0,1615925
NIFTY-II.NFO,17/12/2024,09:28:02,24861.6,24859.6,75,24862,25,0,1615925
NIFTY-II.NFO,17/12/2024,09:28:03,24862,24858.05,50,24865,25,25,1615925
NIFTY-II.NFO,17/12/2024,09:28:05,24864.95,24860,50,24864,50,250,1615925
NIFTY-II.NFO,17/12/2024,09:28:07,24864.5,24860,50,24864.55,100,25,1615925
NIFTY-II.NFO,17/12/2024,09:28:08,24864.5,24860,50,24864.55,100,0,1615925
NIFTY-II.NFO,17/12/2024,09:28:10,24864.5,24860,50,24865,25,0,1615925
NIFTY-II.NFO,17/12/2024,09:28:12,24864.5,24860,50,24864.95,25,0,1615925
NIFTY-II.NFO,17/12/2024,09:28:13,24864.5,24860.05,100,24865,25,0,1615925
NIFTY-II.NFO,17/12/2024,09:28:15,24864.5,24860.1,100,24865,25,0,1615925
NIFTY-II.NFO,17/12/2024,09:28:17,24864.95,24863.1,100,24870,25,50,1615925
NIFTY-II.NFO,17/12/2024,09:28:18,24864.95,24867.05,100,24870,25,0,1615925
NIFTY-II.NFO,17/12/2024,09:28:20,24864.95,24865,50,24870,25,0,1615925
NIFTY-II.NFO,17/12/2024,09:28:22,24864.95,24865,425,24870,25,0,1615925
NIFTY-II.NFO,17/12/2024,09:28:23,24864.95,24865,425,24869.95,25,0,1615925
NIFTY-II.NFO,17/12/2024,09:28:25,24864.95,24865.55,50,24869.55,25,0,1615925
NIFTY-II.NFO,17/12/2024,09:28:27,24869.1,24865.55,50,24869.85,625,25,1615925
NIFTY-II.NFO,17/12/2024,09:28:28,24865.55,24865.55,25,24869.95,25,25,1615925
NIFTY-II.NFO,17/12/2024,09:28:30,24870,24865.6,100,24871.45,25,50,1615925
NIFTY-II.NFO,17/12/2024,09:28:32,24870,24866.4,75,24872.1,1075,0,1615925
NIFTY-II.NFO,17/12/2024,09:28:33,24871.35,24867.05,75,24871.9,125,100,1615925
NIFTY-II.NFO,17/12/2024,09:28:35,24869.9,24865.55,50,24870.5,100,100,1615925
NIFTY-II.NFO,17/12/2024,09:28:37,24871.15,24865.55,50,24870.4,100,250,1615925
NIFTY-II.NFO,17/12/2024,09:28:38,24865.55,24865,425,24867.65,625,50,1615925
NIFTY-II.NFO,17/12/2024,09:28:40,24868.05,24865,500,24869.3,75,25,1615925
NIFTY-II.NFO,17/12/2024,09:28:42,24868.05,24865,500,24869.2,75,0,1615925
NIFTY-II.NFO,17/12/2024,09:28:43,24868.05,24866,25,24868.3,100,0,1615925
NIFTY-II.NFO,17/12/2024,09:28:45,24868.5,24866,25,24868.4,25,25,1615925
NIFTY-II.NFO,17/12/2024,09:28:47,24868.35,24866,25,24867.85,25,25,1615925
NIFTY-II.NFO,17/12/2024,09:28:48,24866,24865,525,24866.65,250,25,1615925
NIFTY-II.NFO,17/12/2024,09:28:50,24866,24865,525,24867.95,325,0,1615925
NIFTY-II.NFO,17/12/2024,09:28:53,24866,24865,525,24867.1,250,0,1615925
NIFTY-II.NFO,17/12/2024,09:28:55,24866,24865,525,24867.05,100,0,1615925
NIFTY-II.NFO,17/12/2024,09:28:57,24865,24865,500,24866.25,100,25,1615925
NIFTY-II.NFO,17/12/2024,09:28:58,24865,24865,500,24866.25,100,0,1615925
NIFTY-II.NFO,17/12/2024,09:29:00,24864.95,24861,25,24864.5,50,650,1615925
NIFTY-II.NFO,17/12/2024,09:29:02,24864.95,24861,25,24864.45,50,0,1615925
NIFTY-II.NFO,17/12/2024,09:29:03,24864.95,24861,25,24864.35,250,0,1615925
NIFTY-II.NFO,17/12/2024,09:29:05,24861,24860,75,24862.3,75,25,1615925
NIFTY-II.NFO,17/12/2024,09:29:07,24861,24860,75,24861.05,250,0,1615925
NIFTY-II.NFO,17/12/2024,09:29:08,24856,24856,75,24859.65,125,100,1615925
NIFTY-II.NFO,17/12/2024,09:29:10,24856,24856,75,24859.4,100,0,1615925
NIFTY-II.NFO,17/12/2024,09:29:12,24856,24856,50,24857.85,250,25,1615925
NIFTY-II.NFO,17/12/2024,09:29:13,24856,24856,50,24857.85,250,0,1615925
NIFTY-II.NFO,17/12/2024,09:29:15,24856,24856,50,24857.8,100,0,1615925
NIFTY-II.NFO,17/12/2024,09:29:17,24856,24856,50,24858.85,75,0,1615925
NIFTY-II.NFO,17/12/2024,09:29:18,24856,24856,50,24859.2,100,0,1615925
NIFTY-II.NFO,17/12/2024,09:29:20,24859.2,24856,575,24859.25,250,350,1615925
NIFTY-II.NFO,17/12/2024,09:29:22,24856,24856,550,24858.15,250,25,1615925
NIFTY-II.NFO,17/12/2024,09:29:23,24856,24856,525,24858.3,125,25,1615925
NIFTY-II.NFO,17/12/2024,09:29:25,24856,24856,525,24856.7,250,0,1615925
NIFTY-II.NFO,17/12/2024,09:29:27,24856,24856,250,24857.15,25,275,1615925
NIFTY-II.NFO,17/12/2024,09:29:28,24856.1,24855,25,24855.6,250,325,1615925
NIFTY-II.NFO,17/12/2024,09:29:30,24855.2,24856,25,24856.6,25,50,1615925
NIFTY-II.NFO,17/12/2024,09:29:32,24856,24852,125,24856.05,25,25,1615925
NIFTY-II.NFO,17/12/2024,09:29:33,24852.05,24853.85,25,24856.7,250,25,1615925
NIFTY-II.NFO,17/12/2024,09:29:35,24852.05,24853.85,25,24857.85,375,0,1615925
NIFTY-II.NFO,17/12/2024,09:29:37,24857.85,24853.8,25,24857.95,25,25,1615925
NIFTY-II.NFO,17/12/2024,09:29:38,24857.9,24853.8,25,24857.65,225,1500,1615925
NIFTY-II.NFO,17/12/2024,09:29:40,24855.5,24852,125,24856.05,25,75,1615925
NIFTY-II.NFO,17/12/2024,09:29:42,24855.5,24852,125,24855.2,25,0,1615925
NIFTY-II.NFO,17/12/2024,09:29:43,24855.2,24852,125,24854.45,250,25,1615925
NIFTY-II.NFO,17/12/2024,09:29:45,24855.2,24852,125,24855.15,100,0,1615925
NIFTY-II.NFO,17/12/2024,09:29:47,24855.2,24852,125,24856.4,50,0,1615925
NIFTY-II.NFO,17/12/2024,09:29:48,24855.2,24852,125,24855,250,0,1615925
NIFTY-II.NFO,17/12/2024,09:29:50,24855.2,24852,125,24854,250,0,1615925
NIFTY-II.NFO,17/12/2024,09:29:52,24852,24851.25,50,24853.1,50,125,1615925
NIFTY-II.NFO,17/12/2024,09:29:53,24850.05,24850,675,24851.35,75,525,1615925
NIFTY-II.NFO,17/12/2024,09:29:55,24850.05,24850,650,24852.65,75,0,1615925
NIFTY-II.NFO,17/12/2024,09:29:57,24853.3,24850,650,24851.65,175,100,1615925
NIFTY-II.NFO,17/12/2024,09:29:58,24850,24850,625,24850.1,175,75,1615925
NIFTY-II.NFO,17/12/2024,09:30:00,24850,24848,25,24848.5,175,625,1615925
NIFTY-II.NFO,17/12/2024,09:30:02,24844.05,24842,25,24844.5,125,350,1615925
NIFTY-II.NFO,17/12/2024,09:30:03,24844.05,24843.05,100,24849.2,125,0,1615925
NIFTY-II.NFO,17/12/2024,09:30:05,24844.05,24842.1,100,24848.8,125,0,1615925
NIFTY-II.NFO,17/12/2024,09:30:07,24844.05,24844.5,100,24849.55,25,0,1615925
NIFTY-II.NFO,17/12/2024,09:30:08,24849.5,24845.55,50,24850,575,50,1615925
NIFTY-II.NFO,17/12/2024,09:30:10,24849.5,24845.85,150,24850,575,0,1615925
NIFTY-II.NFO,17/12/2024,09:30:12,24849.5,24845.05,100,24850,575,0,1615925
NIFTY-II.NFO,17/12/2024,09:30:15,24845.05,24846.9,150,24850,575,25,1615925
NIFTY-II.NFO,17/12/2024,09:30:17,24845.05,24845.75,100,24850,575,0,1615925
NIFTY-II.NFO,17/12/2024,09:30:18,24850,24845.05,100,24850,550,25,1615925
NIFTY-II.NFO,17/12/2024,09:30:20,24850,24845,100,24849.5,50,0,1615925
NIFTY-II.NFO,17/12/2024,09:30:22,24850,24845,175,24847.95,125,0,1615925
NIFTY-II.NFO,17/12/2024,09:30:24,24850,24845,175,24846.65,50,0,1615925
NIFTY-II.NFO,17/12/2024,09:30:25,24847.3,24845,200,24847.6,25,25,1615925
NIFTY-II.NFO,17/12/2024,09:30:27,24847.3,24845,200,24849.95,75,0,1615925
NIFTY-II.NFO,17/12/2024,09:30:29,24847.3,24845,200,24847.35,150,0,1615925
NIFTY-II.NFO,17/12/2024,09:30:30,24847.3,24845,200,24846.65,150,0,1615925
NIFTY-II.NFO,17/12/2024,09:30:32,24845.65,24845,200,24846.9,125,75,1615925
NIFTY-II.NFO,17/12/2024,09:30:34,24845.65,24845,200,24846.1,150,0,1615925
NIFTY-II.NFO,17/12/2024,09:30:35,24845.65,24845,200,24845.45,125,0,1615925
NIFTY-II.NFO,17/12/2024,09:30:37,24845,24845.65,25,24846,25,25,1615925
NIFTY-II.NFO,17/12/2024,09:30:39,24845,24845.65,25,24846,25,0,1615925
NIFTY-II.NFO,17/12/2024,09:30:40,24846,24846,175,24846.1,25,525,1619175
NIFTY-II.NFO,17/12/2024,09:30:42,24846.15,24846,150,24846.9,125,75,1619175
NIFTY-II.NFO,17/12/2024,09:30:44,24846,24840,725,24844.7,125,175,1619175
NIFTY-II.NFO,17/12/2024,09:30:45,24846,24840,725,24845.1,125,0,1619175
NIFTY-II.NFO,17/12/2024,09:30:47,24840,24841,200,24844.3,75,25,1619175
NIFTY-II.NFO,17/12/2024,09:30:49,24840,24840,400,24844.25,125,500,1619175
NIFTY-II.NFO,17/12/2024,09:30:50,24845,24840.2,100,24844.95,75,25,1619175
NIFTY-II.NFO,17/12/2024,09:30:52,24845,24840.2,100,24844,50,0,1619175
NIFTY-II.NFO,17/12/2024,09:30:57,24840.2,24840.2,75,24844,50,25,1619175
NIFTY-II.NFO,17/12/2024,09:30:59,24844.9,24840,50,24842.9,100,5700,1619175
NIFTY-II.NFO,17/12/2024,09:31:00,24836.1,24836.05,25,24843.25,225,100,1619175
NIFTY-II.NFO,17/12/2024,09:31:02,24841,24840,25,24843.05,100,25,1619175
NIFTY-II.NFO,17/12/2024,09:31:04,24844.95,24840,25,24845.05,125,25,1619175
NIFTY-II.NFO,17/12/2024,09:31:05,24844,24840,25,24843.95,100,25,1619175
NIFTY-II.NFO,17/12/2024,09:31:07,24844,24840.05,75,24844.9,25,0,1619175
NIFTY-II.NFO,17/12/2024,09:31:09,24840,24837.3,125,24845,25,50,1619175
NIFTY-II.NFO,17/12/2024,09:31:10,24837.1,24838.1,50,24845,25,25,1619175
NIFTY-II.NFO,17/12/2024,09:31:12,24837.1,24841,100,24845,25,0,1619175
NIFTY-II.NFO,17/12/2024,09:31:14,24837.1,24842.1,50,24845,25,0,1619175
NIFTY-II.NFO,17/12/2024,09:31:15,24841.1,24840.6,125,24845,25,225,1619175
NIFTY-II.NFO,17/12/2024,09:31:17,24841.1,24840.7,100,24845,25,0,1619175
NIFTY-II.NFO,17/12/2024,09:31:19,24846,24843.65,200,24846,225,75,1619175
NIFTY-II.NFO,17/12/2024,09:31:20,24844.05,24843.05,75,24850,50,250,1619175
NIFTY-II.NFO,17/12/2024,09:31:22,24844.05,24844.05,25,24849.85,25,0,1619175
NIFTY-II.NFO,17/12/2024,09:31:24,24844.05,24844.1,100,24844.9,25,0,1619175
NIFTY-II.NFO,17/12/2024,09:31:25,24844.9,24846.25,125,24850,50,25,1619175
NIFTY-II.NFO,17/12/2024,09:31:27,24844.9,24844.05,175,24850,50,0,1619175
NIFTY-II.NFO,17/12/2024,09:31:29,24850,24844.9,25,24850,25,125,1619175
NIFTY-II.NFO,17/12/2024,09:31:30,24850,24844.9,25,24850,25,0,1619175
NIFTY-II.NFO,17/12/2024,09:31:32,24845.1,24845.1,125,24852.55,100,50,1619175
NIFTY-II.NFO,17/12/2024,09:31:34,24845.1,24847.05,25,24853.25,25,0,1619175
NIFTY-II.NFO,17/12/2024,09:31:35,24854.25,24848.1,100,24855.4,100,25,1619175
NIFTY-II.NFO,17/12/2024,09:31:37,24854.25,24849.2,150,24856.4,25,0,1619175
NIFTY-II.NFO,17/12/2024,09:31:39,24856.4,24854.25,1150,24856.25,100,50,1619175
NIFTY-II.NFO,17/12/2024,09:31:40,24856.4,24854.25,1150,24855.35,100,0,1619175
NIFTY-II.NFO,17/12/2024,09:31:42,24856.4,24854.25,1150,24856.35,100,0,1619175
NIFTY-II.NFO,17/12/2024,09:31:44,24856.4,24854.25,1150,24856.15,250,0,1619175
NIFTY-II.NFO,17/12/2024,09:31:45,24855.35,24854.25,1175,24855.6,250,25,1619175
NIFTY-II.NFO,17/12/2024,09:31:47,24855.35,24854.25,1175,24855.15,100,0,1619175
NIFTY-II.NFO,17/12/2024,09:31:49,24854.25,24850,25,24854.7,100,75,1619175
NIFTY-II.NFO,17/12/2024,09:31:50,24854.7,24850,25,24854.7,75,25,1619175
NIFTY-II.NFO,17/12/2024,09:31:52,24854.7,24854.25,25,24855.15,75,0,1619175
NIFTY-II.NFO,17/12/2024,09:31:54,24854.7,24854.7,25,24855.95,75,0,1619175
NIFTY-II.NFO,17/12/2024,09:31:55,24854.7,24854.25,25,24854.85,75,25,1619175
NIFTY-II.NFO,17/12/2024,09:31:57,24850,24850,50,24854.85,75,50,1619175
NIFTY-II.NFO,17/12/2024,09:31:59,24850,24850,50,24854.85,75,0,1619175
NIFTY-II.NFO,17/12/2024,09:32:00,24854.85,24850,50,24854.9,25,25,1619175
NIFTY-II.NFO,17/12/2024,09:32:02,24854.85,24850,50,24854.85,50,0,1619175
NIFTY-II.NFO,17/12/2024,09:32:04,24854.85,24850,50,24854.9,25,0,1619175
NIFTY-II.NFO,17/12/2024,09:32:05,24854.85,24850.05,150,24854.9,25,0,1619175
NIFTY-II.NFO,17/12/2024,09:32:09,24854.9,24853,150,24855,100,25,1619175
NIFTY-II.NFO,17/12/2024,09:32:10,24854.9,24852.2,100,24855,100,0,1619175
NIFTY-II.NFO,17/12/2024,09:32:12,24854.9,24850.6,150,24852.9,25,0,1619175
NIFTY-II.NFO,17/12/2024,09:32:14,24854.9,24850.05,100,24852.9,25,0,1619175
NIFTY-II.NFO,17/12/2024,09:32:15,24854.8,24850.05,150,24854.8,75,50,1619175
NIFTY-II.NFO,17/12/2024,09:32:17,24854.8,24850.05,150,24854.8,50,25,1619175
NIFTY-II.NFO,17/12/2024,09:32:19,24854.8,24850.05,125,24854.8,50,0,1619175
NIFTY-II.NFO,17/12/2024,09:32:20,24854.8,24850.05,175,24854.8,50,0,1619175
NIFTY-II.NFO,17/12/2024,09:32:22,24854.8,24854.8,175,24858.9,100,125,1619175
NIFTY-II.NFO,17/12/2024,09:32:24,24854.8,24854.8,175,24858.25,100,0,1619175
NIFTY-II.NFO,17/12/2024,09:32:25,24854.8,24854.8,175,24857.9,25,0,1619175
NIFTY-II.NFO,17/12/2024,09:32:27,24854.8,24854.8,175,24856.35,25,0,1619175
NIFTY-II.NFO,17/12/2024,09:32:32,24854.8,24854.8,175,24856.65,100,0,1619175
NIFTY-II.NFO,17/12/2024,09:32:34,24854.8,24854.8,175,24856.2,100,0,1619175
NIFTY-II.NFO,17/12/2024,09:32:35,24854.8,24850,375,24854.95,100,175,1619175
NIFTY-II.NFO,17/12/2024,09:32:37,24850,24850,300,24853.85,125,175,1619175
NIFTY-II.NFO,17/12/2024,09:32:39,24854.4,24850,300,24854.85,125,250,1619175
NIFTY-II.NFO,17/12/2024,09:32:40,24854.4,24850.05,25,24855.65,125,0,1619175
NIFTY-II.NFO,17/12/2024,09:32:42,24854.4,24850.1,100,24856.5,125,0,1619175
NIFTY-II.NFO,17/12/2024,09:32:44,24850.1,24850.05,25,24856.45,25,25,1619175
NIFTY-II.NFO,17/12/2024,09:32:45,24850.1,24854.4,450,24856.45,150,0,1619175
NIFTY-II.NFO,17/12/2024,09:32:47,24857.15,24854.4,400,24857.2,250,75,1619175
NIFTY-II.NFO,17/12/2024,09:32:49,24857.15,24854.4,400,24856.45,650,0,1619175
NIFTY-II.NFO,17/12/2024,09:32:50,24857.15,24854.4,400,24856.75,25,0,1619175
NIFTY-II.NFO,17/12/2024,09:32:52,24857.15,24854.4,400,24857.65,125,0,1619175
NIFTY-II.NFO,17/12/2024,09:32:54,24857.65,24854.4,400,24859.1,200,25,1619175
NIFTY-II.NFO,17/12/2024,09:32:55,24857.65,24854.45,100,24859.95,25,0,1619175
NIFTY-II.NFO,17/12/2024,09:32:57,24857.65,24854.4,400,24859.95,25,0,1619175
NIFTY-II.NFO,17/12/2024,09:32:59,24857.65,24857.65,25,24858.9,75,0,1619175
NIFTY-II.NFO,17/12/2024,09:33:00,24857.65,24857.65,25,24861.15,25,0,1619175
NIFTY-II.NFO,17/12/2024,09:33:02,24857.65,24857.65,25,24861.4,25,0,1619175
NIFTY-II.NFO,17/12/2024,09:33:05,24857.65,24857.7,100,24862.25,25,0,1619175
NIFTY-II.NFO,17/12/2024,09:33:07,24857.65,24857.65,25,24861.4,25,0,1619175
NIFTY-II.NFO,17/12/2024,09:33:09,24857.65,24857.7,100,24862.4,25,0,1619175
NIFTY-II.NFO,17/12/2024,09:33:10,24857.65,24857.65,25,24863.65,25,0,1619175
NIFTY-II.NFO,17/12/2024,09:33:12,24857.65,24858.1,150,24863.4,25,0,1619175
NIFTY-II.NFO,17/12/2024,09:33:14,24863.4,24863.1,150,24870,25,50,1619175
NIFTY-II.NFO,17/12/2024,09:33:15,24863.4,24863.75,150,24870,50,0,1619175
NIFTY-II.NFO,17/12/2024,09:33:17,24863.4,24861.05,100,24866.75,25,0,1619175
NIFTY-II.NFO,17/12/2024,09:33:19,24863.4,24861.05,175,24868.2,250,0,1619175
NIFTY-II.NFO,17/12/2024,09:33:20,24869.15,24861.3,100,24868.75,125,200,1619175
NIFTY-II.NFO,17/12/2024,09:33:22,24869.75,24862.1,150,24869.15,350,100,1619175
NIFTY-II.NFO,17/12/2024,09:33:24,24869.75,24861.05,100,24867.75,50,0,1619175
NIFTY-II.NFO,17/12/2024,09:33:25,24867.05,24861,25,24867,250,300,1619175
NIFTY-II.NFO,17/12/2024,09:33:27,24867.05,24861,25,24866.6,25,0,1619175
NIFTY-II.NFO,17/12/2024,09:33:29,24867.05,24861.05,125,24868.35,175,0,1619175
NIFTY-II.NFO,17/12/2024,09:33:30,24868.25,24861.05,125,24868.35,425,25,1619175
NIFTY-II.NFO,17/12/2024,09:33:32,24862.1,24862.1,150,24869.55,25,25,1619175
NIFTY-II.NFO,17/12/2024,09:33:34,24862.1,24867.05,300,24870,50,0,1619175
NIFTY-II.NFO,17/12/2024,09:33:39,24862.1,24867.05,300,24870,75,0,1619175
NIFTY-II.NFO,17/12/2024,09:33:40,24862.1,24867.05,300,24868.9,125,0,1619175
NIFTY-II.NFO,17/12/2024,09:33:42,24862.1,24867.05,300,24868.35,25,0,1619175
NIFTY-II.NFO,17/12/2024,09:33:44,24862.1,24867.05,300,24868.8,25,0,1619175
NIFTY-II.NFO,17/12/2024,09:33:45,24867.05,24865,25,24868.85,50,25,1621600
NIFTY-II.NFO,17/12/2024,09:33:47,24867.05,24865,25,24868.8,25,0,1621600
NIFTY-II.NFO,17/12/2024,09:33:49,24865,24864.1,150,24869.35,25,25,1621600
NIFTY-II.NFO,17/12/2024,09:33:50,24865,24863.1,100,24869.35,25,0,1621600
NIFTY-II.NFO,17/12/2024,09:33:52,24868.9,24862.1,100,24868.7,125,25,1621600
NIFTY-II.NFO,17/12/2024,09:33:54,24868.9,24860,75,24864.6,50,0,1621600
NIFTY-II.NFO,17/12/2024,09:33:55,24868.9,24860,75,24865.7,50,0,1621600
NIFTY-II.NFO,17/12/2024,09:33:57,24864.7,24860,75,24864.65,50,25,1621600
NIFTY-II.NFO,17/12/2024,09:33:59,24864.65,24861.05,25,24866.3,175,25,1621600
NIFTY-II.NFO,17/12/2024,09:34:00,24860.05,24860,75,24865.05,125,25,1621600
NIFTY-II.NFO,17/12/2024,09:34:02,24860.05,24860,75,24864.6,25,0,1621600
NIFTY-II.NFO,17/12/2024,09:34:04,24864.3,24860.05,25,24864.4,250,50,1621600
NIFTY-II.NFO,17/12/2024,09:34:05,24864.3,24860.05,25,24861.25,500,0,1621600
NIFTY-II.NFO,17/12/2024,09:34:07,24864.3,24860.05,25,24861.15,500,0,1621600
NIFTY-II.NFO,17/12/2024,09:34:09,24860,24859.1,25,24859.25,500,375,1621600
NIFTY-II.NFO,17/12/2024,09:34:10,24859.1,24855.35,75,24859.35,75,25,1621600
NIFTY-II.NFO,17/12/2024,09:34:12,24857.3,24855,100,24857.75,175,25,1621600
NIFTY-II.NFO,17/12/2024,09:34:14,24855,24854.4,400,24857.9,50,50,1621600
NIFTY-II.NFO,17/12/2024,09:34:15,24855,24854.4,400,24857.95,25,0,1621600
NIFTY-II.NFO,17/12/2024,09:34:17,24854.4,24854.4,350,24857.45,50,50,1621600
NIFTY-II.NFO,17/12/2024,09:34:19,24855.85,24854.4,350,24855.9,25,25,1621600
NIFTY-II.NFO,17/12/2024,09:34:20,24855.85,24854.4,350,24856.25,400,0,1621600
NIFTY-II.NFO,17/12/2024,09:34:22,24855.85,24854.4,350,24855.95,125,0,1621600
NIFTY-II.NFO,17/12/2024,09:34:24,24855,24854.4,350,24854.45,25,100,1621600
NIFTY-II.NFO,17/12/2024,09:34:25,24854.4,24851,25,24854.7,125,350,1621600
NIFTY-II.NFO,17/12/2024,09:34:27,24853.65,24850.65,25,24853.55,25,50,1621600
NIFTY-II.NFO,17/12/2024,09:34:29,24853.55,24850.65,25,24854.45,75,25,1621600
NIFTY-II.NFO,17/12/2024,09:34:31,24850,24852,5350,24854.45,75,50,1621600
NIFTY-II.NFO,17/12/2024,09:34:32,24854,24852,5350,24853.95,75,25,1621600
NIFTY-II.NFO,17/12/2024,09:34:34,24854,24852,5350,24853.8,75,0,1621600
NIFTY-II.NFO,17/12/2024,09:34:36,24854,24852,5350,24853.85,250,0,1621600
NIFTY-II.NFO,17/12/2024,09:34:37,24852,24852,5325,24853.3,250,25,1621600
NIFTY-II.NFO,17/12/2024,09:34:39,24855,24852,5325,24853.75,125,600,1621600
NIFTY-II.NFO,17/12/2024,09:34:41,24855,24852,5325,24853.45,125,0,1621600
NIFTY-II.NFO,17/12/2024,09:34:42,24852,24852,2850,24852.05,250,2475,1621600
NIFTY-II.NFO,17/12/2024,09:34:44,24852,24852,1400,24852.05,150,1450,1621600
NIFTY-II.NFO,17/12/2024,09:34:46,24850,24848.7,25,24849.7,25,2225,1621600
NIFTY-II.NFO,17/12/2024,09:34:47,24850,24848.7,25,24849.15,75,25,1621600
NIFTY-II.NFO,17/12/2024,09:34:49,24850,24848.7,25,24850.3,25,0,1621600
NIFTY-II.NFO,17/12/2024,09:34:51,24850,24848.7,25,24851.8,75,0,1621600
NIFTY-II.NFO,17/12/2024,09:34:52,24850,24848.7,25,24850,25,0,1621600
NIFTY-II.NFO,17/12/2024,09:34:54,24850,24848.7,25,24849.45,25,0,1621600
NIFTY-II.NFO,17/12/2024,09:34:56,24848.7,24845,50,24849.05,75,25,1621600
NIFTY-II.NFO,17/12/2024,09:34:57,24848.7,24845,50,24849.65,125,0,1621600
NIFTY-II.NFO,17/12/2024,09:34:59,24848.7,24845,50,24850,25,0,1621600
NIFTY-II.NFO,17/12/2024,09:35:01,24848.7,24845,50,24848.75,25,0,1621600
NIFTY-II.NFO,17/12/2024,09:35:02,24848.7,24845,50,24847.8,125,0,1621600
NIFTY-II.NFO,17/12/2024,09:35:04,24845,24845,25,24846.6,125,25,1621600
NIFTY-II.NFO,17/12/2024,09:35:06,24845,24845,25,24847.3,75,0,1621600
NIFTY-II.NFO,17/12/2024,09:35:07,24845,24845,25,24847.15,250,0,1621600
NIFTY-II.NFO,17/12/2024,09:35:09,24845,24845,25,24847.5,75,0,1621600
NIFTY-II.NFO,17/12/2024,09:35:12,24844,24844,50,24846.45,125,75,1621600
NIFTY-II.NFO,17/12/2024,09:35:14,24844,24844,50,24844.4,125,0,1621600
NIFTY-II.NFO,17/12/2024,09:35:16,24843.75,24840.05,100,24846.25,50,125,1621600
NIFTY-II.NFO,17/12/2024,09:35:17,24843.75,24840.05,100,24847.1,200,0,1621600
NIFTY-II.NFO,17/12/2024,09:35:19,24840.05,24840.05,100,24847.25,125,75,1621600
NIFTY-II.NFO,17/12/2024,09:35:21,24840.05,24840,100,24845.4,125,0,1621600
NIFTY-II.NFO,17/12/2024,09:35:22,24840,24840,75,24844.9,125,25,1621600
NIFTY-II.NFO,17/12/2024,09:35:24,24840,24840,75,24844.55,125,0,1621600
NIFTY-II.NFO,17/12/2024,09:35:26,24840,24840,50,24844.45,50,25,1621600
NIFTY-II.NFO,17/12/2024,09:35:27,24840,24840,50,24843.05,50,0,1621600
NIFTY-II.NFO,17/12/2024,09:35:29,24840,24840,50,24842.75,125,0,1621600
NIFTY-II.NFO,17/12/2024,09:35:31,24836.5,24836,150,24836.75,125,200,1621600
NIFTY-II.NFO,17/12/2024,09:35:32,24820,24819.85,75,24822.05,100,6975,1621600
NIFTY-II.NFO,17/12/2024,09:35:32,24819.95,24819.85,75,24822.05,100,0,1621600
NIFTY-II.NFO,17/12/2024,09:35:34,24820,24822.45,100,24826.95,25,0,1621600
NIFTY-II.NFO,17/12/2024,09:35:36,24820,24822.65,100,24827.75,50,0,1621600
NIFTY-II.NFO,17/12/2024,09:35:37,24820,24821.05,100,24824,50,0,1621600
NIFTY-II.NFO,17/12/2024,09:35:39,24820,24821,25,24824,50,0,1621600
NIFTY-II.NFO,17/12/2024,09:35:41,24821,24820.05,25,24823.95,50,50,1621600
NIFTY-II.NFO,17/12/2024,09:35:42,24821,24820.05,25,24823.95,50,0,1621600
NIFTY-II.NFO,17/12/2024,09:35:44,24820,24820.05,100,24824,25,50,1621600
NIFTY-II.NFO,17/12/2024,09:35:46,24818.85,24818.25,125,24821.05,100,375,1621600
NIFTY-II.NFO,17/12/2024,09:35:46,24818.85,24818.25,125,24821.05,100,0,1621600
NIFTY-II.NFO,17/12/2024,09:35:47,24818,24818.15,50,24821.05,100,50,1621600
NIFTY-II.NFO,17/12/2024,09:35:47,24818,24818.15,50,24821.05,100,0,1621600
NIFTY-II.NFO,17/12/2024,09:35:49,24825.95,24819.8,75,24824,50,150,1621600
NIFTY-II.NFO,17/12/2024,09:35:51,24825.95,24820.15,50,24824,50,0,1621600
NIFTY-II.NFO,17/12/2024,09:35:52,24820.15,24821.05,25,24826.95,50,200,1621600
NIFTY-II.NFO,17/12/2024,09:35:54,24820.15,24822.05,25,24828.3,25,0,1621600
NIFTY-II.NFO,17/12/2024,09:35:56,24820,24820,25,24825.9,50,50,1621600
NIFTY-II.NFO,17/12/2024,09:35:57,24827.9,24821.1,25,24827.95,25,100,1621600
NIFTY-II.NFO,17/12/2024,09:35:59,24820.05,24820,25,24826.95,100,100,1621600
NIFTY-II.NFO,17/12/2024,09:36:01,24820.05,24821.1,50,24829.5,100,0,1621600
NIFTY-II.NFO,17/12/2024,09:36:02,24827.9,24824.05,25,24829.6,125,25,1621600
NIFTY-II.NFO,17/12/2024,09:36:04,24827.25,24821.05,25,24827.25,25,100,1621600
NIFTY-II.NFO,17/12/2024,09:36:06,24823.65,24823.65,75,24831.7,100,450,1621600
NIFTY-II.NFO,17/12/2024,09:36:07,24823.65,24822.85,75,24829.35,25,0,1621600
NIFTY-II.NFO,17/12/2024,09:36:09,24823.65,24824.1,75,24831.45,25,0,1621600
NIFTY-II.NFO,17/12/2024,09:36:11,24818.15,24819.85,50,24827.25,50,12600,1621600
NIFTY-II.NFO,17/12/2024,09:36:11,24817.85,24819.85,50,24827.25,50,0,1621600
NIFTY-II.NFO,17/12/2024,09:36:12,24817.55,24821.05,100,24829,25,950,1621600
NIFTY-II.NFO,17/12/2024,09:36:12,24817.55,24821.05,100,24829,25,0,1621600
NIFTY-II.NFO,17/12/2024,09:36:14,24824.55,24824.5,50,24829,25,25,1621600
NIFTY-II.NFO,17/12/2024,09:36:16,24829,24829,50,24831.75,250,25,1621600
NIFTY-II.NFO,17/12/2024,09:36:17,24831.5,24829,50,24832.1,25,25,1621600
NIFTY-II.NFO,17/12/2024,09:36:19,24829,24827,50,24829,25,50,1621600
NIFTY-II.NFO,17/12/2024,09:36:21,24829,24827,50,24831.5,250,25,1621600
NIFTY-II.NFO,17/12/2024,09:36:22,24831.5,24825.75,75,24830.7,100,100,1621600
NIFTY-II.NFO,17/12/2024,09:36:24,24829.2,24824.55,25,24828.6,100,50,1621600
NIFTY-II.NFO,17/12/2024,09:36:26,24827.4,24824.55,25,24828.7,100,25,1621600
NIFTY-II.NFO,17/12/2024,09:36:27,24827.4,24824.55,25,24828.2,100,0,1621600
NIFTY-II.NFO,17/12/2024,09:36:29,24824.55,24821,125,24826.45,100,25,1621600
NIFTY-II.NFO,17/12/2024,09:36:31,24824.55,24821,125,24825.15,150,0,1621600
NIFTY-II.NFO,17/12/2024,09:36:32,24821,24820,175,24824.1,100,175,1621600
NIFTY-II.NFO,17/12/2024,09:36:34,24821.5,24820,175,24822.95,100,25,1621600
NIFTY-II.NFO,17/12/2024,09:36:36,24820,24820,150,24823.35,100,50,1621600
NIFTY-II.NFO,17/12/2024,09:36:37,24823,24820,150,24824,25,100,1621600
NIFTY-II.NFO,17/12/2024,09:36:39,24823,24820,150,24821.15,25,0,1621600
NIFTY-II.NFO,17/12/2024,09:36:41,24819.9,24819.85,50,24821.45,25,275,1621600
NIFTY-II.NFO,17/12/2024,09:36:42,24821.4,24820,50,24821.85,125,75,1613375
NIFTY-II.NFO,17/12/2024,09:36:44,24823,24820,25,24824.55,125,75,1613375
NIFTY-II.NFO,17/12/2024,09:36:46,24821.45,24817.55,25,24821.35,75,375,1613375
NIFTY-II.NFO,17/12/2024,09:36:47,24822.05,24817,25,24821.35,125,75,1613375
NIFTY-II.NFO,17/12/2024,09:36:49,24817,24816.5,25,24820.25,600,25,1613375
NIFTY-II.NFO,17/12/2024,09:36:49,24817,24816.5,25,24820.25,600,0,1613375
NIFTY-II.NFO,17/12/2024,09:36:51,24817,24816.5,25,24817.65,125,0,1613375
NIFTY-II.NFO,17/12/2024,09:36:52,24817,24816.5,25,24817.55,125,0,1613375
NIFTY-II.NFO,17/12/2024,09:36:54,24816.5,24816.3,25,24819.8,250,50,1613375
NIFTY-II.NFO,17/12/2024,09:36:54,24816.5,24816.3,25,24819.8,250,0,1613375
NIFTY-II.NFO,17/12/2024,09:36:56,24816.5,24818,50,24819.65,250,0,1613375
NIFTY-II.NFO,17/12/2024,09:36:57,24816.5,24818,50,24818.95,250,0,1613375
NIFTY-II.NFO,17/12/2024,09:36:59,24816.5,24818,50,24819.35,275,0,1613375
NIFTY-II.NFO,17/12/2024,09:37:01,24819.8,24817,25,24819.85,250,575,1613375
NIFTY-II.NFO,17/12/2024,09:37:02,24819.8,24817,25,24819.55,125,0,1613375
NIFTY-II.NFO,17/12/2024,09:37:04,24819.8,24817,25,24819.65,125,0,1613375
NIFTY-II.NFO,17/12/2024,09:37:06,24816.3,24816,25,24818.2,125,100,1613375
NIFTY-II.NFO,17/12/2024,09:37:06,24816.3,24816,25,24818.2,125,0,1613375
NIFTY-II.NFO,17/12/2024,09:37:07,24818.25,24816,25,24816.95,250,75,1613375
NIFTY-II.NFO,17/12/2024,09:37:09,24818.6,24816,25,24818.7,125,100,1613375
NIFTY-II.NFO,17/12/2024,09:37:11,24818.6,24816,25,24818,375,0,1613375
NIFTY-II.NFO,17/12/2024,09:37:12,24815.55,24815,225,24820.85,150,75,1613375
NIFTY-II.NFO,17/12/2024,09:37:12,24815.55,24815,225,24820.85,150,0,1613375
NIFTY-II.NFO,17/12/2024,09:37:14,24815.55,24815,225,24819.4,125,0,1613375
NIFTY-II.NFO,17/12/2024,09:37:16,24815.2,24815.05,100,24818.6,25,25,1613375
NIFTY-II.NFO,17/12/2024,09:37:16,24815.2,24815.05,100,24818.6,25,0,1613375
NIFTY-II.NFO,17/12/2024,09:37:17,24815.2,24816.35,100,24818.6,25,0,1613375
NIFTY-II.NFO,17/12/2024,09:37:19,24816.35,24816.35,100,24818.6,25,25,1613375
NIFTY-II.NFO,17/12/2024,09:37:21,24824.25,24816.35,75,24823.15,50,125,1613375
NIFTY-II.NFO,17/12/2024,09:37:22,24815,24816.35,25,24821.8,50,325,1613375
NIFTY-II.NFO,17/12/2024,09:37:22,24815,24816.35,25,24821.8,50,0,1613375
NIFTY-II.NFO,17/12/2024,09:37:24,24815,24816.35,25,24822.75,50,0,1613375
NIFTY-II.NFO,17/12/2024,09:37:26,24815,24816.35,25,24821.9,50,0,1613375
NIFTY-II.NFO,17/12/2024,09:37:27,24815,24816.35,25,24822.25,50,0,1613375
NIFTY-II.NFO,17/12/2024,09:37:29,24815,24817,50,24823.25,200,0,1613375
NIFTY-II.NFO,17/12/2024,09:37:31,24815,24817,50,24822,25,0,1613375
NIFTY-II.NFO,17/12/2024,09:37:32,24822.2,24817,50,24822.95,125,25,1613375
NIFTY-II.NFO,17/12/2024,09:37:34,24822.3,24817.05,50,24823.8,100,150,1613375
NIFTY-II.NFO,17/12/2024,09:37:36,24823.95,24817.7,50,24824,50,100,1613375
NIFTY-II.NFO,17/12/2024,09:37:37,24823.95,24818,25,24822.5,300,0,1613375
NIFTY-II.NFO,17/12/2024,09:37:39,24821.5,24818,25,24820.3,50,25,1613375
NIFTY-II.NFO,17/12/2024,09:37:41,24815.8,24815.8,75,24820.7,125,250,1613375
NIFTY-II.NFO,17/12/2024,09:37:42,24821.55,24815.8,75,24821.75,100,200,1613375
NIFTY-II.NFO,17/12/2024,09:37:44,24815.8,24815.8,50,24820.55,100,25,1613375
NIFTY-II.NFO,17/12/2024,09:37:46,24820.45,24821.4,50,24822,225,25,1613375
NIFTY-II.NFO,17/12/2024,09:37:47,24821.95,24820,25,24821.75,100,75,1613375
NIFTY-II.NFO,17/12/2024,09:37:49,24820,24815.8,50,24820.1,175,25,1613375
NIFTY-II.NFO,17/12/2024,09:37:51,24815.8,24816,200,24820.2,125,25,1613375
NIFTY-II.NFO,17/12/2024,09:37:52,24819.6,24816,200,24820.2,125,100,1613375
NIFTY-II.NFO,17/12/2024,09:37:54,24820.8,24820.8,50,24821.8,25,50,1613375
NIFTY-II.NFO,17/12/2024,09:37:56,24821.8,24816.8,50,24823.1,100,50,1613375
NIFTY-II.NFO,17/12/2024,09:37:57,24816.05,24816,225,24821.95,75,125,1613375
NIFTY-II.NFO,17/12/2024,09:37:59,24816,24816.05,75,24822.55,75,25,1613375
NIFTY-II.NFO,17/12/2024,09:38:01,24816,24817.4,75,24823.35,50,0,1613375
NIFTY-II.NFO,17/12/2024,09:38:02,24817.5,24816.8,50,24823.35,25,25,1613375
NIFTY-II.NFO,17/12/2024,09:38:04,24816.95,24816.95,25,24824,50,25,1613375
NIFTY-II.NFO,17/12/2024,09:38:06,24816.95,24817.55,25,24824,50,0,1613375
NIFTY-II.NFO,17/12/2024,09:38:07,24816.95,24817.5,25,24823.5,100,0,1613375
NIFTY-II.NFO,17/12/2024,09:38:09,24822.55,24818.6,50,24822.4,100,50,1613375
NIFTY-II.NFO,17/12/2024,09:38:10,24822.45,24818.6,50,24821.8,75,25,1613375
NIFTY-II.NFO,17/12/2024,09:38:12,24822.4,24818.6,50,24821.6,250,50,1613375
NIFTY-II.NFO,17/12/2024,09:38:14,24821.95,24818.6,50,24821.95,100,50,1613375
NIFTY-II.NFO,17/12/2024,09:38:15,24821.95,24818.65,25,24821.5,25,0,1613375
NIFTY-II.NFO,17/12/2024,09:38:17,24822.35,24818,150,24822.35,50,375,1613375
NIFTY-II.NFO,17/12/2024,09:38:19,24822.35,24818,150,24821.3,175,0,1613375
NIFTY-II.NFO,17/12/2024,09:38:20,24824.35,24818.05,25,24823.75,500,1000,1613375
NIFTY-II.NFO,17/12/2024,09:38:22,24824.35,24818.05,25,24823.7,25,0,1613375
NIFTY-II.NFO,17/12/2024,09:38:24,24824.35,24822.45,25,24823.1,500,0,1613375
NIFTY-II.NFO,17/12/2024,09:38:25,24822.4,24822.4,725,24822.5,125,275,1613375
NIFTY-II.NFO,17/12/2024,09:38:27,24822.4,24821,25,24823.3,50,725,1613375
NIFTY-II.NFO,17/12/2024,09:38:29,24824.1,24821.6,25,24823.75,75,125,1613375
NIFTY-II.NFO,17/12/2024,09:38:30,24825.4,24822.4,25,24825.55,225,200,1613375
NIFTY-II.NFO,17/12/2024,09:38:32,24825.4,24822.45,25,24825,500,0,1613375
NIFTY-II.NFO,17/12/2024,09:38:34,24825.4,24822.45,25,24824.4,25,0,1613375
NIFTY-II.NFO,17/12/2024,09:38:36,24822.4,24821.65,25,24822.05,25,100,1613375
NIFTY-II.NFO,17/12/2024,09:38:37,24824.4,24821.65,25,24824.35,50,300,1613375
NIFTY-II.NFO,17/12/2024,09:38:39,24824.35,24824.05,25,24824.35,250,25,1613375
NIFTY-II.NFO,17/12/2024,09:38:41,24821.6,24821,25,24824.25,125,225,1613375
NIFTY-II.NFO,17/12/2024,09:38:42,24821.6,24821,25,24823.05,50,0,1613375
NIFTY-II.NFO,17/12/2024,09:38:44,24823.6,24821.3,25,24823.25,100,25,1613375
NIFTY-II.NFO,17/12/2024,09:38:46,24823.6,24821.3,25,24824.3,50,0,1613375
NIFTY-II.NFO,17/12/2024,09:38:47,24823.6,24822.25,25,24825.55,75,0,1613375
NIFTY-II.NFO,17/12/2024,09:38:49,24823.6,24822.3,25,24825,100,0,1613375
NIFTY-II.NFO,17/12/2024,09:38:51,24827.4,24826.55,50,24827.75,50,750,1613375
NIFTY-II.NFO,17/12/2024,09:38:52,24827.1,24822.2,25,24825.95,175,1125,1613375
NIFTY-II.NFO,17/12/2024,09:38:54,24827.1,24822.2,25,24824.5,50,0,1613375
NIFTY-II.NFO,17/12/2024,09:38:56,24826.8,24822.2,25,24826.45,250,25,1613375
NIFTY-II.NFO,17/12/2024,09:38:57,24826.8,24822.2,25,24824.9,75,0,1613375
NIFTY-II.NFO,17/12/2024,09:38:59,24824.9,24822.2,25,24825.55,25,50,1613375
NIFTY-II.NFO,17/12/2024,09:39:01,24821.3,24821.3,50,24823.95,25,50,1613375
NIFTY-II.NFO,17/12/2024,09:39:02,24821.3,24821.3,50,24823.95,25,0,1613375
NIFTY-II.NFO,17/12/2024,09:39:04,24823.95,24821.3,50,24824.45,250,25,1613375
NIFTY-II.NFO,17/12/2024,09:39:06,24825.05,24821,900,24824.1,75,700,1613375
NIFTY-II.NFO,17/12/2024,09:39:07,24825.05,24821,1000,24823.75,75,0,1613375
NIFTY-II.NFO,17/12/2024,09:39:09,24825.05,24821.3,50,24824.2,75,0,1613375
NIFTY-II.NFO,17/12/2024,09:39:11,24820,24819,25,24820.4,125,1275,1613375
NIFTY-II.NFO,17/12/2024,09:39:12,24819,24818.25,25,24819.05,175,75,1613375
NIFTY-II.NFO,17/12/2024,09:39:14,24821.6,24820,100,24821.7,100,75,1613375
NIFTY-II.NFO,17/12/2024,09:39:16,24820,24820,75,24822.3,325,25,1613375
NIFTY-II.NFO,17/12/2024,09:39:17,24820,24820,75,24822.15,125,0,1613375
NIFTY-II.NFO,17/12/2024,09:39:19,24822.05,24820,150,24822.15,125,50,1613375
NIFTY-II.NFO,17/12/2024,09:39:21,24822.05,24820,150,24821.85,100,275,1613375
NIFTY-II.NFO,17/12/2024,09:39:22,24820,24820,125,24821.1,25,50,1613375
NIFTY-II.NFO,17/12/2024,09:39:24,24821.1,24820,150,24820.4,125,25,1613375
NIFTY-II.NFO,17/12/2024,09:39:26,24821.1,24820,150,24820.4,25,0,1613375
NIFTY-II.NFO,17/12/2024,09:39:29,24820.4,24820,175,24820.5,250,25,1613375
NIFTY-II.NFO,17/12/2024,09:39:31,24820,24818.25,25,24819.3,100,175,1613375
NIFTY-II.NFO,17/12/2024,09:39:32,24820,24818.25,25,24819.8,125,0,1613375
NIFTY-II.NFO,17/12/2024,09:39:34,24820,24818.25,25,24820.45,125,0,1613375
NIFTY-II.NFO,17/12/2024,09:39:36,24820,24818.25,25,24821,25,0,1613375
NIFTY-II.NFO,17/12/2024,09:39:37,24821,24821,25,24821.85,100,75,1613375
NIFTY-II.NFO,17/12/2024,09:39:39,24821.05,24821,25,24821.1,250,25,1613375
NIFTY-II.NFO,17/12/2024,09:39:41,24821,24820.4,50,24821.3,125,25,1613375
NIFTY-II.NFO,17/12/2024,09:39:42,24821,24820.4,50,24821,25,0,1613375
NIFTY-II.NFO,17/12/2024,09:39:44,24821,24820.45,25,24821,25,0,1613375
NIFTY-II.NFO,17/12/2024,09:39:46,24821,24820.45,25,24821.9,125,25,1620875
NIFTY-II.NFO,17/12/2024,09:39:47,24821.15,24820.45,25,24821.25,125,25,1620875
NIFTY-II.NFO,17/12/2024,09:39:49,24821.15,24820.45,25,24822.3,25,0,1620875
NIFTY-II.NFO,17/12/2024,09:39:51,24821.15,24822.05,25,24822.3,25,75,1620875
NIFTY-II.NFO,17/12/2024,09:39:52,24821.15,24822.05,25,24822.3,25,0,1620875
NIFTY-II.NFO,17/12/2024,09:39:54,24822.3,24822.35,25,24823,25,25,1620875
NIFTY-II.NFO,17/12/2024,09:39:56,24822.3,24822.35,25,24822.95,125,0,1620875
NIFTY-II.NFO,17/12/2024,09:39:57,24822,24822,300,24822.85,150,475,1620875
NIFTY-II.NFO,17/12/2024,09:39:59,24822,24822,325,24822.8,125,0,1620875
NIFTY-II.NFO,17/12/2024,09:40:01,24821.95,24821.15,25,24821.95,250,375,1620875
NIFTY-II.NFO,17/12/2024,09:40:02,24819,24818.25,25,24819.55,125,1250,1620875
NIFTY-II.NFO,17/12/2024,09:40:04,24820.8,24818.25,25,24821.3,125,25,1620875
NIFTY-II.NFO,17/12/2024,09:40:06,24817,24817,25,24820.6,100,100,1620875
NIFTY-II.NFO,17/12/2024,09:40:07,24820.6,24817,25,24818.55,75,25,1620875
NIFTY-II.NFO,17/12/2024,09:40:09,24816,24816,25,24816.9,400,300,1620875
NIFTY-II.NFO,17/12/2024,09:40:11,24815,24815,1075,24815.75,250,75,1620875
NIFTY-II.NFO,17/12/2024,09:40:12,24815,24815,1000,24815.75,500,75,1620875
NIFTY-II.NFO,17/12/2024,09:40:14,24815.9,24815,1000,24816.4,25,75,1620875
NIFTY-II.NFO,17/12/2024,09:40:16,24815,24815,475,24816.4,25,575,1620875
NIFTY-II.NFO,17/12/2024,09:40:17,24815,24815,475,24817,25,0,1620875
NIFTY-II.NFO,17/12/2024,09:40:19,24818.9,24815,475,24817.05,25,125,1620875
NIFTY-II.NFO,17/12/2024,09:40:21,24817.05,24815.05,100,24817.9,25,50,1620875
NIFTY-II.NFO,17/12/2024,09:40:22,24817.05,24815.1,25,24817.7,250,0,1620875
NIFTY-II.NFO,17/12/2024,09:40:24,24815.05,24815.05,100,24818.8,25,50,1620875
NIFTY-II.NFO,17/12/2024,09:40:26,24815.05,24815.05,50,24818.35,25,100,1620875
NIFTY-II.NFO,17/12/2024,09:40:27,24815.05,24817.7,25,24817.75,25,0,1620875
NIFTY-II.NFO,17/12/2024,09:40:29,24817.7,24815.05,50,24817.05,75,25,1620875
NIFTY-II.NFO,17/12/2024,09:40:31,24817.7,24815.05,50,24817.05,75,0,1620875
NIFTY-II.NFO,17/12/2024,09:40:32,24817.05,24817.15,50,24821.25,25,75,1620875
NIFTY-II.NFO,17/12/2024,09:40:34,24820.55,24820.05,50,24825,50,50,1620875
NIFTY-II.NFO,17/12/2024,09:40:36,24820.55,24820.05,50,24824.25,25,0,1620875
NIFTY-II.NFO,17/12/2024,09:40:37,24820.55,24820,25,24823.65,250,0,1620875
NIFTY-II.NFO,17/12/2024,09:40:39,24821,24820,25,24821,25,25,1620875
NIFTY-II.NFO,17/12/2024,09:40:41,24823.75,24820,25,24823.95,25,100,1620875
NIFTY-II.NFO,17/12/2024,09:40:42,24823.75,24820,25,24824.2,250,0,1620875
NIFTY-II.NFO,17/12/2024,09:40:44,24823.75,24820.55,25,24824.55,175,0,1620875
NIFTY-II.NFO,17/12/2024,09:40:46,24823.75,24820.55,25,24823.15,125,0,1620875
NIFTY-II.NFO,17/12/2024,09:40:47,24823.75,24820.55,25,24822.75,175,0,1620875
NIFTY-II.NFO,17/12/2024,09:40:49,24824.05,24821,25,24824.5,175,25,1620875
NIFTY-II.NFO,17/12/2024,09:40:51,24821,24820.55,25,24824.1,250,25,1620875
NIFTY-II.NFO,17/12/2024,09:40:53,24821,24821,25,24823.65,175,0,1620875
NIFTY-II.NFO,17/12/2024,09:40:54,24820.55,24820.05,50,24825,50,50,1620875
NIFTY-II.NFO,17/12/2024,09:40:56,24825,24821.05,50,24825.35,25,50,1620875
NIFTY-II.NFO,17/12/2024,09:40:58,24827.55,24823.55,50,24827.65,25,150,1620875
NIFTY-II.NFO,17/12/2024,09:40:59,24821.1,24821,25,24827.05,25,100,1620875
NIFTY-II.NFO,17/12/2024,09:41:01,24821.1,24821,25,24826.45,300,0,1620875
NIFTY-II.NFO,17/12/2024,09:41:03,24821.1,24821,25,24826.3,250,0,1620875
NIFTY-II.NFO,17/12/2024,09:41:04,24825.05,24821,25,24825,175,25,1620875
NIFTY-II.NFO,17/12/2024,09:41:06,24825.05,24822.65,75,24824.7,175,0,1620875
NIFTY-II.NFO,17/12/2024,09:41:08,24825.05,24822.65,75,24825.3,200,0,1620875
NIFTY-II.NFO,17/12/2024,09:41:09,24822.65,24821,25,24824.8,100,25,1620875
NIFTY-II.NFO,17/12/2024,09:41:11,24822.65,24821,25,24823.55,100,0,1620875
NIFTY-II.NFO,17/12/2024,09:41:13,24822.65,24821,25,24824,175,0,1620875
NIFTY-II.NFO,17/12/2024,09:41:14,24822.65,24821,25,24824.05,175,0,1620875
NIFTY-II.NFO,17/12/2024,09:41:16,24822.65,24821,25,24822.7,175,0,1620875
NIFTY-II.NFO,17/12/2024,09:41:18,24822.65,24822.5,50,24823.5,175,0,1620875
NIFTY-II.NFO,17/12/2024,09:41:19,24823.5,24821,25,24823.65,125,50,1620875
NIFTY-II.NFO,17/12/2024,09:41:21,24822.45,24821,25,24821.95,100,400,1620875
NIFTY-II.NFO,17/12/2024,09:41:23,24822,24821,25,24823.45,25,75,1620875
NIFTY-II.NFO,17/12/2024,09:41:24,24822,24821,25,24822.9,250,0,1620875
NIFTY-II.NFO,17/12/2024,09:41:26,24822,24821,25,24821.3,25,0,1620875
NIFTY-II.NFO,17/12/2024,09:41:28,24821.3,24821,25,24822.05,350,25,1620875
NIFTY-II.NFO,17/12/2024,09:41:29,24821.3,24821,25,24823.95,250,0,1620875
NIFTY-II.NFO,17/12/2024,09:41:31,24821.3,24821,25,24825,125,0,1620875
NIFTY-II.NFO,17/12/2024,09:41:33,24821.95,24821.95,25,24825,125,25,1620875
NIFTY-II.NFO,17/12/2024,09:41:34,24825,24823.8,250,24825,100,25,1620875
NIFTY-II.NFO,17/12/2024,09:41:36,24823.8,24823.8,225,24825,100,25,1620875
NIFTY-II.NFO,17/12/2024,09:41:39,24829.35,24825,25,24829.35,25,200,1620875
NIFTY-II.NFO,17/12/2024,09:41:41,24829.35,24825,25,24829.3,200,0,1620875
NIFTY-II.NFO,17/12/2024,09:41:43,24829,24825,25,24829.3,25,25,1620875
NIFTY-II.NFO,17/12/2024,09:41:44,24829,24825,50,24828.55,150,0,1620875
NIFTY-II.NFO,17/12/2024,09:41:46,24829,24825,50,24828.05,150,0,1620875
NIFTY-II.NFO,17/12/2024,09:41:48,24829.15,24825,50,24828.7,75,225,1620875
NIFTY-II.NFO,17/12/2024,09:41:49,24829.15,24825,50,24829,25,0,1620875
NIFTY-II.NFO,17/12/2024,09:41:51,24829,24825,50,24828.75,25,25,1620875
NIFTY-II.NFO,17/12/2024,09:41:53,24829,24825,50,24828.75,25,0,1620875
NIFTY-II.NFO,17/12/2024,09:41:54,24829,24825,50,24829.9,175,0,1620875
NIFTY-II.NFO,17/12/2024,09:41:56,24829.9,24825,50,24830.25,150,25,1620875
NIFTY-II.NFO,17/12/2024,09:41:58,24825,24825,50,24828.4,150,75,1620875
NIFTY-II.NFO,17/12/2024,09:41:59,24825,24825,25,24828.8,175,50,1620875
NIFTY-II.NFO,17/12/2024,09:42:01,24828.6,24825,25,24828.25,250,25,1620875
NIFTY-II.NFO,17/12/2024,09:42:03,24828.6,24825,25,24827.45,250,0,1620875
NIFTY-II.NFO,17/12/2024,09:42:04,24828.6,24825,25,24828.6,100,0,1620875
NIFTY-II.NFO,17/12/2024,09:42:06,24828.6,24825,25,24830.1,100,0,1620875
NIFTY-II.NFO,17/12/2024,09:42:08,24828.6,24826.25,75,24830.35,25,0,1620875
NIFTY-II.NFO,17/12/2024,09:42:09,24828.6,24825.05,25,24830.3,25,0,1620875
NIFTY-II.NFO,17/12/2024,09:42:13,24828.6,24825.05,25,24829.4,100,0,1620875
NIFTY-II.NFO,17/12/2024,09:42:14,24828.6,24825.05,25,24829.5,100,25,1620875
NIFTY-II.NFO,17/12/2024,09:42:16,24828.6,24825.05,25,24829.45,25,0,1620875
NIFTY-II.NFO,17/12/2024,09:42:18,24828.6,24825.05,25,24827.6,100,0,1620875
NIFTY-II.NFO,17/12/2024,09:42:19,24827.6,24825,25,24828.25,100,25,1620875
NIFTY-II.NFO,17/12/2024,09:42:21,24821.1,24821,25,24824.8,25,100,1620875
NIFTY-II.NFO,17/12/2024,09:42:23,24824.8,24824.05,25,24824.8,50,50,1620875
NIFTY-II.NFO,17/12/2024,09:42:24,24824.8,24824.05,25,24824.8,50,0,1620875
NIFTY-II.NFO,17/12/2024,09:42:26,24827.1,24823,25,24824.85,100,150,1620875
NIFTY-II.NFO,17/12/2024,09:42:28,24823,24822,25,24822.25,100,25,1620875
NIFTY-II.NFO,17/12/2024,09:42:29,24822.3,24822.3,25,24823.35,25,50,1620875
NIFTY-II.NFO,17/12/2024,09:42:31,24824.85,24822,25,24824.5,100,75,1620875
NIFTY-II.NFO,17/12/2024,09:42:33,24824.85,24822,25,24822.95,100,225,1620875
NIFTY-II.NFO,17/12/2024,09:42:34,24824.85,24822,25,24823,25,0,1620875
NIFTY-II.NFO,17/12/2024,09:42:36,24824.85,24822.3,25,24824.2,100,0,1620875
NIFTY-II.NFO,17/12/2024,09:42:38,24824.85,24822.95,25,24823.95,25,0,1620875
NIFTY-II.NFO,17/12/2024,09:42:39,24823.35,24822.95,25,24823.45,25,100,1620875
NIFTY-II.NFO,17/12/2024,09:42:41,24822,24821,25,24821.05,25,125,1620875
NIFTY-II.NFO,17/12/2024,09:42:43,24821.5,24821.5,25,24821.55,25,125,1622575
NIFTY-II.NFO,17/12/2024,09:42:44,24821.8,24820,150,24822,25,250,1622575
NIFTY-II.NFO,17/12/2024,09:42:46,24821.1,24820,150,24821.75,75,225,1622575
NIFTY-II.NFO,17/12/2024,09:42:48,24821.3,24821.3,25,24821.85,25,350,1622575
NIFTY-II.NFO,17/12/2024,09:42:49,24822.25,24821.5,50,24821.95,25,300,1622575
NIFTY-II.NFO,17/12/2024,09:42:51,24820.2,24820,150,24820.35,125,200,1622575
NIFTY-II.NFO,17/12/2024,09:42:53,24819.2,24817,25,24818.65,100,350,1622575
NIFTY-II.NFO,17/12/2024,09:42:54,24817.45,24815.4,50,24815.65,175,375,1622575
NIFTY-II.NFO,17/12/2024,09:42:56,24815.4,24815.4,25,24816.9,75,100,1622575
NIFTY-II.NFO,17/12/2024,09:42:58,24818.05,24815.4,25,24818.35,50,25,1622575
NIFTY-II.NFO,17/12/2024,09:42:59,24817.9,24818.05,50,24819.4,250,25,1622575
NIFTY-II.NFO,17/12/2024,09:43:01,24818.95,24815.4,25,24819.2,250,125,1622575
NIFTY-II.NFO,17/12/2024,09:43:03,24819.75,24815,400,24819.8,50,150,1622575
NIFTY-II.NFO,17/12/2024,09:43:04,24819.75,24819,25,24820,150,0,1622575
NIFTY-II.NFO,17/12/2024,09:43:06,24815,24815,375,24818.75,525,50,1622575
NIFTY-II.NFO,17/12/2024,09:43:08,24819.75,24815.05,100,24820,150,25,1622575
NIFTY-II.NFO,17/12/2024,09:43:09,24820,24815.35,100,24821.25,25,125,1622575
NIFTY-II.NFO,17/12/2024,09:43:11,24820,24815.05,100,24821.25,25,0,1622575
NIFTY-II.NFO,17/12/2024,09:43:13,24815.05,24815.05,75,24820.45,50,125,1622575
NIFTY-II.NFO,17/12/2024,09:43:14,24815.05,24815.05,75,24820.1,50,0,1622575
NIFTY-II.NFO,17/12/2024,09:43:16,24815.05,24815.05,100,24819.45,50,0,1622575
NIFTY-II.NFO,17/12/2024,09:43:18,24819.6,24815.85,75,24818.4,250,25,1622575
NIFTY-II.NFO,17/12/2024,09:43:19,24819.6,24815.85,75,24819.25,125,0,1622575
NIFTY-II.NFO,17/12/2024,09:43:21,24819.6,24815.85,75,24818.75,50,0,1622575
NIFTY-II.NFO,17/12/2024,09:43:23,24818.5,24815.85,75,24818.9,75,25,1622575
NIFTY-II.NFO,17/12/2024,09:43:24,24818.5,24815.85,75,24817,250,0,1622575
NIFTY-II.NFO,17/12/2024,09:43:26,24816,24815.1,25,24816.4,25,75,1622575
NIFTY-II.NFO,17/12/2024,09:43:28,24814,24815,100,24818.3,400,500,1622575
NIFTY-II.NFO,17/12/2024,09:43:28,24814,24815,100,24818.3,400,0,1622575
NIFTY-II.NFO,17/12/2024,09:43:29,24814,24815,100,24819.1,250,0,1622575
NIFTY-II.NFO,17/12/2024,09:43:31,24814,24815,100,24818.95,25,0,1622575
NIFTY-II.NFO,17/12/2024,09:43:33,24814,24815,100,24818.75,375,0,1622575
NIFTY-II.NFO,17/12/2024,09:43:34,24814,24815,100,24818.6,25,0,1622575
NIFTY-II.NFO,17/12/2024,09:43:36,24814,24815,100,24818.3,50,0,1622575
NIFTY-II.NFO,17/12/2024,09:43:38,24815,24815.05,75,24819.65,25,150,1622575
NIFTY-II.NFO,17/12/2024,09:43:39,24815,24815.05,75,24820,50,0,1622575
NIFTY-II.NFO,17/12/2024,09:43:41,24820,24815.75,75,24820,25,50,1622575
NIFTY-II.NFO,17/12/2024,09:43:43,24820,24815.35,75,24820,25,0,1622575
NIFTY-II.NFO,17/12/2024,09:43:44,24820,24818.55,75,24820,25,0,1622575
NIFTY-II.NFO,17/12/2024,09:43:46,24820,24819.1,75,24822.95,50,25,1622575
NIFTY-II.NFO,17/12/2024,09:43:48,24820,24818.05,75,24822.95,50,0,1622575
NIFTY-II.NFO,17/12/2024,09:43:49,24820,24818,25,24822.2,175,0,1622575
NIFTY-II.NFO,17/12/2024,09:43:51,24820,24818,25,24820.6,175,0,1622575
NIFTY-II.NFO,17/12/2024,09:43:53,24820.6,24815.05,75,24820.6,100,100,1622575
NIFTY-II.NFO,17/12/2024,09:43:54,24820.6,24815.05,75,24821.35,25,0,1622575
NIFTY-II.NFO,17/12/2024,09:43:56,24820.6,24815.05,75,24821,100,0,1622575
NIFTY-II.NFO,17/12/2024,09:43:58,24821,24815.05,75,24820.95,25,25,1622575
NIFTY-II.NFO,17/12/2024,09:43:59,24821,24815.2,75,24821.35,25,0,1622575
NIFTY-II.NFO,17/12/2024,09:44:01,24821,24821.35,75,24822.95,50,0,1622575
NIFTY-II.NFO,17/12/2024,09:44:03,24822.95,24822.95,25,24824.55,250,50,1622575
NIFTY-II.NFO,17/12/2024,09:44:04,24822.95,24823.05,25,24824.75,25,0,1622575
NIFTY-II.NFO,17/12/2024,09:44:06,24824.75,24817.65,75,24824.75,250,25,1622575
NIFTY-II.NFO,17/12/2024,09:44:08,24824.75,24819.05,75,24826,250,0,1622575
NIFTY-II.NFO,17/12/2024,09:44:09,24824.75,24819.25,75,24825.2,250,0,1622575
NIFTY-II.NFO,17/12/2024,09:44:11,24824.75,24820.05,75,24825.5,250,0,1622575
NIFTY-II.NFO,17/12/2024,09:44:13,24824.75,24822.05,75,24828.3,250,0,1622575
NIFTY-II.NFO,17/12/2024,09:44:14,24826.75,24822.1,75,24826.4,150,100,1622575
NIFTY-II.NFO,17/12/2024,09:44:16,24826,24824.75,50,24826,125,25,1622575
NIFTY-II.NFO,17/12/2024,09:44:18,24818.7,24818.7,25,24825.15,25,1650,1622575
NIFTY-II.NFO,17/12/2024,09:44:19,24818.7,24820.05,50,24826.25,25,0,1622575
NIFTY-II.NFO,17/12/2024,09:44:21,24818.7,24820,500,24825.7,250,0,1622575
NIFTY-II.NFO,17/12/2024,09:44:23,24818.7,24820,500,24825.55,250,0,1622575
NIFTY-II.NFO,17/12/2024,09:44:24,24818.7,24820,500,24824.45,250,0,1622575
NIFTY-II.NFO,17/12/2024,09:44:26,24818.7,24818.35,50,24824.95,250,0,1622575
NIFTY-II.NFO,17/12/2024,09:44:28,24818.7,24819.25,50,24826.35,25,0,1622575
NIFTY-II.NFO,17/12/2024,09:44:29,24818.7,24819.15,50,24826.4,100,0,1622575
NIFTY-II.NFO,17/12/2024,09:44:31,24818.7,24826.05,75,24826.45,250,0,1622575
NIFTY-II.NFO,17/12/2024,09:44:33,24826.15,24819.15,75,24825.9,100,75,1622575
NIFTY-II.NFO,17/12/2024,09:44:34,24825.75,24818.35,100,24825.05,100,25,1622575
NIFTY-II.NFO,17/12/2024,09:44:36,24825.75,24819.15,100,24826.5,100,0,1622575
NIFTY-II.NFO,17/12/2024,09:44:38,24825.75,24820.6,50,24827.45,100,0,1622575
NIFTY-II.NFO,17/12/2024,09:44:39,24824.8,24818.5,75,24824.9,225,25,1622575
NIFTY-II.NFO,17/12/2024,09:44:41,24824.8,24820,500,24826.05,75,0,1622575
NIFTY-II.NFO,17/12/2024,09:44:43,24826.05,24820,500,24824.05,50,25,1622575
NIFTY-II.NFO,17/12/2024,09:44:44,24824.8,24820,500,24824.9,150,25,1622575
NIFTY-II.NFO,17/12/2024,09:44:46,24823.55,24820,500,24824.75,125,25,1622575
NIFTY-II.NFO,17/12/2024,09:44:48,24825.35,24820,500,24824.15,100,25,1622575
NIFTY-II.NFO,17/12/2024,09:44:49,24822.5,24820,500,24821.7,50,50,1622575
NIFTY-II.NFO,17/12/2024,09:44:51,24821.7,24821,100,24821.5,25,25,1622575
NIFTY-II.NFO,17/12/2024,09:44:53,24821,24821,75,24821.15,200,25,1622575
NIFTY-II.NFO,17/12/2024,09:44:54,24821,24821,50,24821.95,175,50,1622575
NIFTY-II.NFO,17/12/2024,09:44:56,24821,24821,50,24822.5,175,0,1622575
NIFTY-II.NFO,17/12/2024,09:44:58,24821,24821.3,75,24823.7,175,0,1622575
NIFTY-II.NFO,17/12/2024,09:44:59,24821,24821.3,75,24821.7,175,0,1622575
NIFTY-II.NFO,17/12/2024,09:45:01,24820.05,24818.7,25,24820.9,100,275,1622575
NIFTY-II.NFO,17/12/2024,09:45:03,24820.9,24820,25,24820.5,125,25,1622575
NIFTY-II.NFO,17/12/2024,09:45:04,24820.45,24818.7,25,24820.25,50,125,1622575
NIFTY-II.NFO,17/12/2024,09:45:06,24818.2,24818,25,24819.6,75,50,1622575
NIFTY-II.NFO,17/12/2024,09:45:08,24817.25,24815,350,24817.6,75,225,1622575
NIFTY-II.NFO,17/12/2024,09:45:09,24817.25,24815,325,24818.35,75,0,1622575
NIFTY-II.NFO,17/12/2024,09:45:11,24817.25,24815,325,24818.4,125,0,1622575
NIFTY-II.NFO,17/12/2024,09:45:13,24815,24815,150,24817.85,50,175,1622575
NIFTY-II.NFO,17/12/2024,09:45:14,24815,24815,50,24817.25,125,150,1622575
NIFTY-II.NFO,17/12/2024,09:45:16,24814.65,24814.85,75,24815.6,225,225,1622575
NIFTY-II.NFO,17/12/2024,09:45:18,24815.75,24814.85,75,24816.1,50,25,1622575
NIFTY-II.NFO,17/12/2024,09:45:19,24815.75,24814.85,75,24816.3,25,0,1622575
NIFTY-II.NFO,17/12/2024,09:45:21,24814,24814,75,24815.6,50,50,1622575
NIFTY-II.NFO,17/12/2024,09:45:23,24814,24814,75,24815.65,25,0,1622575
NIFTY-II.NFO,17/12/2024,09:45:24,24814.75,24812,25,24815.3,50,250,1622575
NIFTY-II.NFO,17/12/2024,09:45:24,24812.05,24812,25,24815.3,50,0,1622575
NIFTY-II.NFO,17/12/2024,09:45:26,24812,24811.55,25,24816.35,125,25,1622575
NIFTY-II.NFO,17/12/2024,09:45:26,24812,24811.55,25,24816.35,125,0,1622575
NIFTY-II.NFO,17/12/2024,09:45:28,24811.55,24811.15,25,24815.65,25,25,1622575
NIFTY-II.NFO,17/12/2024,09:45:28,24811.55,24811.15,25,24815.65,25,0,1622575
NIFTY-II.NFO,17/12/2024,09:45:29,24810.05,24810.05,575,24814.75,25,675,1622575
NIFTY-II.NFO,17/12/2024,09:45:29,24810.05,24810.05,575,24814.75,25,0,1622575
NIFTY-II.NFO,17/12/2024,09:45:31,24810.05,24811.55,25,24814.75,25,0,1622575
NIFTY-II.NFO,17/12/2024,09:45:33,24811.55,24810.05,600,24814,25,25,1622575
NIFTY-II.NFO,17/12/2024,09:45:34,24814,24814,25,24814.6,25,50,1622575
NIFTY-II.NFO,17/12/2024,09:45:36,24809.25,24807.7,25,24809.45,225,2200,1622575
NIFTY-II.NFO,17/12/2024,09:45:36,24808,24807.7,25,24809.45,225,0,1622575
NIFTY-II.NFO,17/12/2024,09:45:38,24809.25,24807.7,25,24811.45,25,0,1622575
NIFTY-II.NFO,17/12/2024,09:45:39,24811.25,24807.7,25,24811.2,25,125,1622575
NIFTY-II.NFO,17/12/2024,09:45:41,24808.95,24807.7,25,24809.1,25,25,1622575
NIFTY-II.NFO,17/12/2024,09:45:43,24808.95,24807.7,25,24808.25,25,0,1622575
NIFTY-II.NFO,17/12/2024,09:45:44,24807.7,24807.6,25,24808.15,75,25,1623675
NIFTY-II.NFO,17/12/2024,09:45:44,24807.7,24807.6,25,24808.15,75,0,1623675
NIFTY-II.NFO,17/12/2024,09:45:46,24807,24805,475,24806.55,250,125,1623675
NIFTY-II.NFO,17/12/2024,09:45:46,24807,24805,475,24806.55,250,0,1623675
NIFTY-II.NFO,17/12/2024,09:45:48,24806.6,24805,475,24807.7,25,25,1623675
NIFTY-II.NFO,17/12/2024,09:45:48,24806.6,24805,475,24807.7,25,0,1623675
NIFTY-II.NFO,17/12/2024,09:45:49,24805,24805.5,250,24809.35,100,325,1623675
NIFTY-II.NFO,17/12/2024,09:45:49,24805,24805.5,250,24809.35,100,0,1623675
NIFTY-II.NFO,17/12/2024,09:45:51,24807.5,24805.5,250,24807.5,100,25,1623675
NIFTY-II.NFO,17/12/2024,09:45:53,24805.5,24805.5,150,24807.7,150,100,1623675
NIFTY-II.NFO,17/12/2024,09:45:54,24807.7,24805.5,150,24807.7,75,75,1623675
NIFTY-II.NFO,17/12/2024,09:45:56,24805.5,24805.5,100,24807.7,75,50,1623675
NIFTY-II.NFO,17/12/2024,09:45:58,24805.5,24805.55,100,24807.7,75,0,1623675
NIFTY-II.NFO,17/12/2024,09:46:01,24807.7,24805.5,100,24807.7,25,50,1623675
NIFTY-II.NFO,17/12/2024,09:46:03,24805.65,24805.55,50,24809.65,125,225,1623675
NIFTY-II.NFO,17/12/2024,09:46:04,24805.5,24807.65,75,24811.15,25,125,1623675
NIFTY-II.NFO,17/12/2024,09:46:06,24810.7,24807.65,75,24809.8,125,100,1623675
NIFTY-II.NFO,17/12/2024,09:46:08,24807.75,24806.4,75,24807.3,75,75,1623675
NIFTY-II.NFO,17/12/2024,09:46:09,24806.4,24805.5,25,24807.55,250,75,1623675
NIFTY-II.NFO,17/12/2024,09:46:10,24806.4,24805.5,25,24807.5,300,0,1623675
NIFTY-II.NFO,17/12/2024,09:46:11,24803,24802,1850,24803.75,400,750,1623675
NIFTY-II.NFO,17/12/2024,09:46:11,24803,24802,1850,24803.75,400,0,1623675
NIFTY-II.NFO,17/12/2024,09:46:13,24803.7,24802,1900,24804,150,100,1623675
NIFTY-II.NFO,17/12/2024,09:46:15,24803,24802,1900,24805.05,150,25,1623675
NIFTY-II.NFO,17/12/2024,09:46:16,24803,24802,1900,24805.15,25,0,1623675
NIFTY-II.NFO,17/12/2024,09:46:18,24803,24802,1900,24805.95,25,0,1623675
NIFTY-II.NFO,17/12/2024,09:46:20,24805.8,24802,1875,24805.6,250,150,1623675
NIFTY-II.NFO,17/12/2024,09:46:20,24802,24802,1875,24805.6,250,0,1623675
NIFTY-II.NFO,17/12/2024,09:46:21,24805.05,24802,1875,24805.5,25,75,1623675
NIFTY-II.NFO,17/12/2024,09:46:23,24802,24802,1800,24803.7,150,100,1623675
NIFTY-II.NFO,17/12/2024,09:46:25,24802,24802,1750,24804.1,25,75,1623675
NIFTY-II.NFO,17/12/2024,09:46:26,24802,24802,1750,24805.65,125,0,1623675
NIFTY-II.NFO,17/12/2024,09:46:28,24807.95,24806,25,24809.45,25,25,1623675
NIFTY-II.NFO,17/12/2024,09:46:30,24809.45,24804.1,50,24810.1,250,275,1623675
NIFTY-II.NFO,17/12/2024,09:46:31,24809.25,24803.05,50,24809.2,250,25,1623675
NIFTY-II.NFO,17/12/2024,09:46:33,24803.05,24803.05,50,24808.8,25,75,1623675
NIFTY-II.NFO,17/12/2024,09:46:35,24803.05,24805,25,24809.8,425,0,1623675
NIFTY-II.NFO,17/12/2024,09:46:36,24809.8,24805,25,24809.2,225,25,1623675
NIFTY-II.NFO,17/12/2024,09:46:38,24805,24803,100,24803.05,200,25,1623675
NIFTY-II.NFO,17/12/2024,09:46:40,24803,24803,75,24808.55,225,225,1623675
NIFTY-II.NFO,17/12/2024,09:46:41,24803,24803,75,24805,25,0,1623675
NIFTY-II.NFO,17/12/2024,09:46:43,24808.5,24803.05,50,24808.55,200,125,1623675
NIFTY-II.NFO,17/12/2024,09:46:45,24808.5,24803,75,24808.15,25,0,1623675
NIFTY-II.NFO,17/12/2024,09:46:46,24808.5,24803,75,24806.85,125,0,1623675
NIFTY-II.NFO,17/12/2024,09:46:48,24808.5,24803,200,24807.15,50,0,1623675
NIFTY-II.NFO,17/12/2024,09:46:50,24807.85,24803.05,50,24807.85,75,75,1623675
NIFTY-II.NFO,17/12/2024,09:46:51,24807.85,24803,225,24806.15,75,0,1623675
NIFTY-II.NFO,17/12/2024,09:46:53,24806.8,24803,225,24805.85,50,25,1623675
NIFTY-II.NFO,17/12/2024,09:46:55,24806.8,24803,225,24807.4,50,0,1623675
NIFTY-II.NFO,17/12/2024,09:46:56,24806.8,24803,225,24806.15,50,0,1623675
NIFTY-II.NFO,17/12/2024,09:46:58,24806.8,24803,225,24803.05,75,0,1623675
NIFTY-II.NFO,17/12/2024,09:47:00,24808.5,24808.5,75,24812,25,200,1623675
NIFTY-II.NFO,17/12/2024,09:47:01,24812.45,24808.55,100,24809.95,175,50,1623675
NIFTY-II.NFO,17/12/2024,09:47:03,24808.5,24806.8,525,24808.9,125,175,1623675
NIFTY-II.NFO,17/12/2024,09:47:05,24809.45,24806.8,525,24808.45,25,25,1623675
NIFTY-II.NFO,17/12/2024,09:47:06,24808.45,24806.8,525,24808.6,25,25,1623675
NIFTY-II.NFO,17/12/2024,09:47:08,24809.45,24806.8,525,24810,25,50,1623675
NIFTY-II.NFO,17/12/2024,09:47:11,24806.8,24806.8,475,24810,25,50,1623675
NIFTY-II.NFO,17/12/2024,09:47:13,24806.8,24806.8,475,24810,25,0,1623675
NIFTY-II.NFO,17/12/2024,09:47:14,24810.85,24806.8,475,24811.25,25,100,1623675
NIFTY-II.NFO,17/12/2024,09:47:16,24810.85,24806.8,475,24811.25,25,0,1623675
NIFTY-II.NFO,17/12/2024,09:47:18,24810.85,24806.8,500,24810.25,500,0,1623675
NIFTY-II.NFO,17/12/2024,09:47:19,24810.85,24806.8,575,24809.35,75,0,1623675
NIFTY-II.NFO,17/12/2024,09:47:21,24807.2,24806.8,575,24807.1,225,250,1623675
NIFTY-II.NFO,17/12/2024,09:47:23,24806,24805,25,24807.8,25,600,1623675
NIFTY-II.NFO,17/12/2024,09:47:24,24806.95,24805,25,24807.3,250,50,1623675
NIFTY-II.NFO,17/12/2024,09:47:26,24806.95,24805,25,24806.25,125,0,1623675
NIFTY-II.NFO,17/12/2024,09:47:28,24806.95,24805,525,24806,25,0,1623675
NIFTY-II.NFO,17/12/2024,09:47:29,24806,24805,525,24805.95,25,25,1623675
NIFTY-II.NFO,17/12/2024,09:47:31,24806,24805,525,24806.55,25,0,1623675
NIFTY-II.NFO,17/12/2024,09:47:33,24805.75,24805,525,24805.3,250,375,1623675
NIFTY-II.NFO,17/12/2024,09:47:34,24805,24804,75,24805.05,375,600,1623675
NIFTY-II.NFO,17/12/2024,09:47:36,24804.35,24804.05,75,24804.35,50,100,1623675
NIFTY-II.NFO,17/12/2024,09:47:38,24805,24805,25,24805.8,300,25,1623675
NIFTY-II.NFO,17/12/2024,09:47:39,24805,24804,100,24806.2,50,25,1623675
NIFTY-II.NFO,17/12/2024,09:47:41,24808.95,24804,100,24808.7,100,25,1623675
NIFTY-II.NFO,17/12/2024,09:47:43,24806.25,24804,100,24806.8,175,25,1623675
NIFTY-II.NFO,17/12/2024,09:47:44,24806.25,24805,25,24806.75,250,0,1623675
NIFTY-II.NFO,17/12/2024,09:47:46,24806.25,24805,50,24805.55,225,0,1623675
NIFTY-II.NFO,17/12/2024,09:47:47,24804.5,24804.05,75,24805.3,25,100,1623675
NIFTY-II.NFO,17/12/2024,09:47:49,24804.5,24804.05,75,24806.9,25,0,1623675
NIFTY-II.NFO,17/12/2024,09:47:51,24804.5,24805,25,24807.15,150,0,1623675
NIFTY-II.NFO,17/12/2024,09:47:52,24804.5,24806.8,75,24808.6,25,0,1623675
NIFTY-II.NFO,17/12/2024,09:47:54,24806.8,24805.55,75,24806.95,150,25,1623675
NIFTY-II.NFO,17/12/2024,09:47:56,24807.55,24805,25,24807.25,75,600,1623675
NIFTY-II.NFO,17/12/2024,09:47:57,24809.2,24805,25,24809.6,50,25,1623675
NIFTY-II.NFO,17/12/2024,09:47:59,24805,24805,25,24808.95,100,25,1623675
NIFTY-II.NFO,17/12/2024,09:48:01,24808.95,24805,50,24808.85,50,25,1623675
NIFTY-II.NFO,17/12/2024,09:48:02,24808.95,24806.25,50,24811.7,125,0,1623675
NIFTY-II.NFO,17/12/2024,09:48:04,24809.2,24806,25,24809.85,50,25,1623675
NIFTY-II.NFO,17/12/2024,09:48:06,24809.2,24806,25,24809.45,250,0,1623675
NIFTY-II.NFO,17/12/2024,09:48:07,24809.2,24806,25,24809.7,50,0,1623675
NIFTY-II.NFO,17/12/2024,09:48:09,24809.2,24809.2,25,24810.05,250,0,1623675
NIFTY-II.NFO,17/12/2024,09:48:11,24811.2,24810,500,24811.2,175,600,1623675
NIFTY-II.NFO,17/12/2024,09:48:12,24810,24810,400,24810.05,75,100,1623675
NIFTY-II.NFO,17/12/2024,09:48:14,24810,24810,75,24810.05,75,325,1623675
NIFTY-II.NFO,17/12/2024,09:48:16,24809.2,24806,25,24809.15,50,100,1623675
NIFTY-II.NFO,17/12/2024,09:48:17,24809.2,24806,25,24809.25,25,0,1623675
NIFTY-II.NFO,17/12/2024,09:48:19,24810.55,24806,25,24808.95,50,400,1623675
NIFTY-II.NFO,17/12/2024,09:48:21,24809.4,24806,25,24809.9,125,25,1623675
NIFTY-II.NFO,17/12/2024,09:48:22,24808.8,24806,25,24808.65,250,25,1623675
NIFTY-II.NFO,17/12/2024,09:48:24,24808.8,24806,25,24808.65,250,0,1623675
NIFTY-II.NFO,17/12/2024,09:48:26,24809.65,24809.4,25,24810,125,25,1623675
NIFTY-II.NFO,17/12/2024,09:48:27,24809.65,24809.4,25,24809.75,175,0,1623675
NIFTY-II.NFO,17/12/2024,09:48:29,24809.4,24806.1,25,24809.85,175,50,1623675
NIFTY-II.NFO,17/12/2024,09:48:31,24809.4,24806.1,25,24809.85,125,0,1623675
NIFTY-II.NFO,17/12/2024,09:48:32,24809.4,24806.1,25,24809.05,25,0,1623675
NIFTY-II.NFO,17/12/2024,09:48:34,24809.4,24806.1,25,24809.95,175,0,1623675
NIFTY-II.NFO,17/12/2024,09:48:36,24809.4,24806.1,25,24808.45,75,0,1623675
NIFTY-II.NFO,17/12/2024,09:48:37,24804,24803.05,25,24804.6,375,625,1623675
NIFTY-II.NFO,17/12/2024,09:48:39,24802.85,24802.2,50,24803,50,200,1623675
NIFTY-II.NFO,17/12/2024,09:48:41,24800,24800,2375,24801.5,50,3950,1623675
NIFTY-II.NFO,17/12/2024,09:48:41,24800,24800,2375,24801.5,50,0,1623675
NIFTY-II.NFO,17/12/2024,09:48:42,24798.7,24796,25,24798.6,75,2675,1623675
NIFTY-II.NFO,17/12/2024,09:48:42,24798.7,24796,25,24798.6,75,0,1623675
NIFTY-II.NFO,17/12/2024,09:48:44,24795,24795,125,24797.9,125,75,1628925
NIFTY-II.NFO,17/12/2024,09:48:44,24795,24795,125,24797.9,125,0,1628925
NIFTY-II.NFO,17/12/2024,09:48:46,24798.7,24795,125,24798.6,75,150,1628925
NIFTY-II.NFO,17/12/2024,09:48:47,24795,24795,75,24798.7,25,50,1628925
NIFTY-II.NFO,17/12/2024,09:48:49,24795,24795,50,24797.95,100,25,1628925
NIFTY-II.NFO,17/12/2024,09:48:51,24795,24795,25,24796.2,250,25,1628925
NIFTY-II.NFO,17/12/2024,09:48:52,24788,24787,50,24789.85,50,1575,1628925
NIFTY-II.NFO,17/12/2024,09:48:52,24788,24787,50,24789.85,50,0,1628925
NIFTY-II.NFO,17/12/2024,09:48:54,24788.6,24785.25,100,24789.75,25,200,1628925
NIFTY-II.NFO,17/12/2024,09:48:54,24785.6,24785.25,100,24789.75,25,0,1628925
NIFTY-II.NFO,17/12/2024,09:48:56,24788.6,24785,75,24788.6,75,0,1628925
NIFTY-II.NFO,17/12/2024,09:48:57,24785,24785,50,24785.55,25,25,1628925
NIFTY-II.NFO,17/12/2024,09:48:57,24785,24785,50,24785.55,25,0,1628925
NIFTY-II.NFO,17/12/2024,09:48:59,24792.55,24786.7,100,24793.4,175,700,1628925
NIFTY-II.NFO,17/12/2024,09:49:01,24787.65,24788,25,24793.45,50,250,1628925
NIFTY-II.NFO,17/12/2024,09:49:02,24791.7,24788,25,24791.75,125,50,1628925
NIFTY-II.NFO,17/12/2024,09:49:04,24788,24785,100,24789.4,250,75,1628925
NIFTY-II.NFO,17/12/2024,09:49:06,24785,24785,25,24788.5,175,100,1628925
NIFTY-II.NFO,17/12/2024,09:49:07,24785.95,24785.95,25,24786.95,25,75,1628925
NIFTY-II.NFO,17/12/2024,09:49:09,24789.65,24788.05,25,24790.95,75,25,1628925
NIFTY-II.NFO,17/12/2024,09:49:11,24788.05,24788,25,24790.25,250,50,1628925
NIFTY-II.NFO,17/12/2024,09:49:12,24785,24782.35,100,24788.4,50,50,1628925
NIFTY-II.NFO,17/12/2024,09:49:14,24782.35,24782.35,75,24788.95,25,75,1628925
NIFTY-II.NFO,17/12/2024,09:49:14,24782.35,24782.35,75,24788.95,25,0,1628925
NIFTY-II.NFO,17/12/2024,09:49:16,24781.9,24785.95,25,24787.35,25,150,1628925
NIFTY-II.NFO,17/12/2024,09:49:16,24781.9,24785.95,25,24787.35,25,0,1628925
NIFTY-II.NFO,17/12/2024,09:49:17,24785,24785,25,24787.45,50,125,1628925
NIFTY-II.NFO,17/12/2024,09:49:17,24781.25,24785,25,24787.45,50,0,1628925
NIFTY-II.NFO,17/12/2024,09:49:19,24781.05,24785.9,75,24787.6,25,650,1628925
NIFTY-II.NFO,17/12/2024,09:49:19,24781.05,24785.9,75,24787.6,25,0,1628925
NIFTY-II.NFO,17/12/2024,09:49:21,24781.05,24785.9,75,24787.4,200,0,1628925
NIFTY-II.NFO,17/12/2024,09:49:22,24785,24783,75,24783.55,25,100,1628925
NIFTY-II.NFO,17/12/2024,09:49:24,24777,24777,125,24778.05,250,1350,1628925
NIFTY-II.NFO,17/12/2024,09:49:24,24777,24777,125,24778.05,250,0,1628925
NIFTY-II.NFO,17/12/2024,09:49:26,24777,24777,75,24779.95,150,175,1628925
NIFTY-II.NFO,17/12/2024,09:49:27,24778.85,24776,25,24777.3,150,150,1628925
NIFTY-II.NFO,17/12/2024,09:49:27,24776.4,24776,25,24777.3,150,0,1628925
NIFTY-II.NFO,17/12/2024,09:49:29,24775.5,24775,50,24777.3,25,750,1628925
NIFTY-II.NFO,17/12/2024,09:49:29,24775,24775,50,24777.3,25,0,1628925
NIFTY-II.NFO,17/12/2024,09:49:31,24775,24777,25,24778.3,125,275,1628925
NIFTY-II.NFO,17/12/2024,09:49:32,24778.25,24777.3,25,24778.1,200,25,1628925
NIFTY-II.NFO,17/12/2024,09:49:34,24775,24775,25,24776.05,125,125,1628925
NIFTY-II.NFO,17/12/2024,09:49:36,24775,24775,50,24777,50,0,1628925
NIFTY-II.NFO,17/12/2024,09:49:37,24779.25,24775.05,50,24779.8,50,150,1628925
NIFTY-II.NFO,17/12/2024,09:49:39,24779.1,24775.05,50,24778.95,25,200,1628925
NIFTY-II.NFO,17/12/2024,09:49:41,24779.1,24776.7,50,24780,25,0,1628925
NIFTY-II.NFO,17/12/2024,09:49:42,24780,24779.25,25,24781.05,100,125,1628925
NIFTY-II.NFO,17/12/2024,09:49:44,24780,24779.25,50,24781.05,100,0,1628925
NIFTY-II.NFO,17/12/2024,09:49:47,24780,24780,50,24781.05,100,0,1628925
NIFTY-II.NFO,17/12/2024,09:49:49,24781.05,24780,50,24781.05,50,100,1628925
NIFTY-II.NFO,17/12/2024,09:49:51,24781.05,24780,50,24783,25,100,1628925
NIFTY-II.NFO,17/12/2024,09:49:52,24783.1,24781.05,75,24781.75,25,100,1628925
NIFTY-II.NFO,17/12/2024,09:49:54,24781.3,24779.25,50,24780.5,50,1600,1628925
NIFTY-II.NFO,17/12/2024,09:49:56,24780.15,24779.25,50,24780.25,125,100,1628925
NIFTY-II.NFO,17/12/2024,09:49:57,24779.2,24779.2,50,24780.2,125,75,1628925
NIFTY-II.NFO,17/12/2024,09:49:59,24780.6,24779.2,50,24780.6,75,200,1628925
NIFTY-II.NFO,17/12/2024,09:50:01,24779.2,24775.35,50,24779.25,25,175,1628925
NIFTY-II.NFO,17/12/2024,09:50:02,24778.55,24775.35,50,24778.7,475,50,1628925
NIFTY-II.NFO,17/12/2024,09:50:04,24778.95,24775.35,50,24779,25,125,1628925
NIFTY-II.NFO,17/12/2024,09:50:06,24779,24775.35,50,24778.95,25,25,1628925
NIFTY-II.NFO,17/12/2024,09:50:07,24779,24775.35,50,24780.1,475,0,1628925
NIFTY-II.NFO,17/12/2024,09:50:09,24775.35,24775.2,25,24779.05,50,50,1628925
NIFTY-II.NFO,17/12/2024,09:50:11,24775.35,24778.55,25,24779,50,0,1628925
NIFTY-II.NFO,17/12/2024,09:50:12,24778.05,24776,25,24777.95,125,100,1628925
NIFTY-II.NFO,17/12/2024,09:50:14,24778.05,24776,25,24776.6,50,0,1628925
NIFTY-II.NFO,17/12/2024,09:50:16,24776,24776,25,24776.95,50,25,1628925
NIFTY-II.NFO,17/12/2024,09:50:17,24775.35,24775.35,25,24777.3,50,50,1628925
NIFTY-II.NFO,17/12/2024,09:50:19,24775.35,24775.35,25,24776,50,0,1628925
NIFTY-II.NFO,17/12/2024,09:50:21,24775.85,24775.35,25,24775.5,250,50,1628925
NIFTY-II.NFO,17/12/2024,09:50:22,24774.5,24772,100,24774.1,25,1475,1628925
NIFTY-II.NFO,17/12/2024,09:50:22,24774,24772,100,24774.1,25,0,1628925
NIFTY-II.NFO,17/12/2024,09:50:24,24774.5,24772,100,24773.05,25,0,1628925
NIFTY-II.NFO,17/12/2024,09:50:26,24773.45,24772,100,24773.45,50,50,1628925
NIFTY-II.NFO,17/12/2024,09:50:26,24773.45,24772,100,24773.45,50,0,1628925
NIFTY-II.NFO,17/12/2024,09:50:27,24772,24772,75,24774.15,125,75,1628925
NIFTY-II.NFO,17/12/2024,09:50:27,24772,24772,75,24774.15,125,0,1628925
NIFTY-II.NFO,17/12/2024,09:50:29,24774.5,24771,25,24774.5,50,250,1628925
NIFTY-II.NFO,17/12/2024,09:50:29,24771,24771,25,24774.5,50,0,1628925
NIFTY-II.NFO,17/12/2024,09:50:31,24771.25,24771,25,24774.5,50,25,1628925
NIFTY-II.NFO,17/12/2024,09:50:32,24774.5,24771,25,24774.5,25,25,1628925
NIFTY-II.NFO,17/12/2024,09:50:34,24774.5,24772,50,24775,25,25,1628925
NIFTY-II.NFO,17/12/2024,09:50:36,24775,24774.5,25,24776.9,25,25,1628925
NIFTY-II.NFO,17/12/2024,09:50:37,24775,24774.5,25,24778.6,75,0,1628925
NIFTY-II.NFO,17/12/2024,09:50:39,24774.5,24775.5,100,24781.75,25,125,1628925
NIFTY-II.NFO,17/12/2024,09:50:41,24775,24775,25,24778.55,25,25,1628925
NIFTY-II.NFO,17/12/2024,09:50:44,24775,24775.05,100,24778.55,25,0,1628925
NIFTY-II.NFO,17/12/2024,09:50:47,24778.55,24775.35,100,24780.5,300,25,1628925
NIFTY-II.NFO,17/12/2024,09:50:49,24781.75,24778.45,100,24785.05,600,75,1628925
NIFTY-II.NFO,17/12/2024,09:50:51,24785,24777.6,100,24782.95,25,100,1628925
NIFTY-II.NFO,17/12/2024,09:50:52,24779.1,24778.6,75,24784.85,175,100,1628925
NIFTY-II.NFO,17/12/2024,09:50:54,24777.55,24778.15,50,24784.9,175,550,1628925
NIFTY-II.NFO,17/12/2024,09:50:56,24784.85,24779.1,25,24783.95,25,25,1628925
NIFTY-II.NFO,17/12/2024,09:50:57,24784.95,24779.85,50,24786.05,25,25,1628925
NIFTY-II.NFO,17/12/2024,09:50:59,24786.05,24785,25,24787.55,300,50,1628925
NIFTY-II.NFO,17/12/2024,09:51:01,24786.1,24785,25,24786.35,300,25,1628925
NIFTY-II.NFO,17/12/2024,09:51:02,24784.45,24780,75,24784.55,300,50,1628925
NIFTY-II.NFO,17/12/2024,09:51:04,24784.55,24780,75,24784.7,300,50,1628925
NIFTY-II.NFO,17/12/2024,09:51:06,24783.3,24780,100,24783.5,300,25,1628925
NIFTY-II.NFO,17/12/2024,09:51:07,24783.95,24780,100,24784.2,100,75,1628925
NIFTY-II.NFO,17/12/2024,09:51:09,24784.1,24783.3,25,24784.1,300,775,1628925
NIFTY-II.NFO,17/12/2024,09:51:11,24784.1,24783.95,25,24785.45,175,0,1628925
NIFTY-II.NFO,17/12/2024,09:51:12,24784,24783.95,25,24784.1,300,1125,1628925
NIFTY-II.NFO,17/12/2024,09:51:14,24784.1,24783.95,50,24784.3,300,1075,1628925
NIFTY-II.NFO,17/12/2024,09:51:16,24783.3,24780,350,24783.1,200,1150,1628925
NIFTY-II.NFO,17/12/2024,09:51:17,24785,24785,225,24785.05,175,1000,1628925
NIFTY-II.NFO,17/12/2024,09:51:19,24785,24784.7,25,24784.95,50,225,1628925
NIFTY-II.NFO,17/12/2024,09:51:21,24785.05,24785,825,24785.1,300,325,1628925
NIFTY-II.NFO,17/12/2024,09:51:22,24785.05,24785,1825,24785.5,25,0,1628925
NIFTY-II.NFO,17/12/2024,09:51:24,24785,24785,1800,24785.5,25,50,1628925
NIFTY-II.NFO,17/12/2024,09:51:26,24786,24786,725,24786.7,300,350,1628925
NIFTY-II.NFO,17/12/2024,09:51:27,24786,24785,1800,24785.9,150,1750,1628925
NIFTY-II.NFO,17/12/2024,09:51:29,24785,24785,900,24785.15,300,925,1628925
NIFTY-II.NFO,17/12/2024,09:51:31,24783.1,24780,350,24783.1,225,2175,1628925
NIFTY-II.NFO,17/12/2024,09:51:32,24783.7,24780,125,24783.9,25,250,1628925
NIFTY-II.NFO,17/12/2024,09:51:34,24783.7,24780,125,24783.9,25,0,1628925
NIFTY-II.NFO,17/12/2024,09:51:36,24783.7,24780.05,50,24783.95,25,0,1628925
NIFTY-II.NFO,17/12/2024,09:51:37,24783.7,24783.7,200,24784.4,250,175,1628925
NIFTY-II.NFO,17/12/2024,09:51:39,24783.7,24784,1000,24785,300,25,1628925
NIFTY-II.NFO,17/12/2024,09:51:41,24784,24784,800,24785,300,200,1628925
NIFTY-II.NFO,17/12/2024,09:51:42,24784,24784,825,24784.7,50,50,1628925
NIFTY-II.NFO,17/12/2024,09:51:44,24783.7,24780.05,50,24782.3,250,1050,1628925
NIFTY-II.NFO,17/12/2024,09:51:46,24783.7,24780.05,50,24782.25,250,0,1628925
NIFTY-II.NFO,17/12/2024,09:51:47,24783.5,24780.05,50,24783.45,200,50,1636250
NIFTY-II.NFO,17/12/2024,09:51:49,24783.5,24780.05,50,24783.55,300,50,1636250
NIFTY-II.NFO,17/12/2024,09:51:51,24780.05,24780.05,25,24781.85,300,25,1636250
NIFTY-II.NFO,17/12/2024,09:51:52,24780,24779.1,25,24780,175,275,1636250
