Ticker,Date,Time,LTP,BuyPrice,BuyQty,SellPrice,SellQty,LTQ,OpenInterest
BANKNIFTY-III.NFO,12/06/2024,09:15:04,50310.9,50273.85,75,50310.85,60,15,71160
BANKNIFTY-III.NFO,12/06/2024,09:15:04,50310.9,50273.85,75,50310.85,60,0,71160
BANKNIFTY-III.NFO,12/06/2024,09:15:04,50310.9,50273.85,75,50310.85,60,0,71160
BANKNIFTY-III.NFO,12/06/2024,09:15:04,50310.9,50273.85,75,50310.85,60,0,71160
BANKNIFTY-III.NFO,12/06/2024,09:15:05,50310.85,50274.4,60,50310.85,15,45,71160
BANKNIFTY-III.NFO,12/06/2024,09:15:05,50310.85,50274.4,60,50310.85,15,0,71160
BANKNIFTY-III.NFO,12/06/2024,09:15:07,50268.75,50277.4,60,50299.95,45,30,71160
BANKNIFTY-III.NFO,12/06/2024,09:15:07,50268.75,50277.4,60,50299.95,45,0,71160
BANKNIFTY-III.NFO,12/06/2024,09:15:08,50268.75,50275.6,60,50300,15,0,71160
BANKNIFTY-III.NFO,12/06/2024,09:15:09,50268.75,50276.4,60,50300,15,0,71160
BANKNIFTY-III.NFO,12/06/2024,09:15:11,50272.2,50268.9,60,50310.85,60,15,71160
BANKNIFTY-III.NFO,12/06/2024,09:15:12,50272.2,50268.8,60,50310.65,60,0,71160
BANKNIFTY-III.NFO,12/06/2024,09:15:14,50272.2,50269.2,60,50310.75,60,0,71160
BANKNIFTY-III.NFO,12/06/2024,09:15:15,50272.2,50270.3,60,50310.75,60,0,71160
BANKNIFTY-III.NFO,12/06/2024,09:15:16,50272.2,50273.85,60,50310.75,60,0,71160
BANKNIFTY-III.NFO,12/06/2024,09:15:18,50272.2,50279.15,60,50299.95,60,0,71160
BANKNIFTY-III.NFO,12/06/2024,09:15:19,50272.2,50276.15,60,50299.95,60,0,71160
BANKNIFTY-III.NFO,12/06/2024,09:15:21,50299.95,50291.7,15,50299.95,45,15,71220
BANKNIFTY-III.NFO,12/06/2024,09:15:22,50300,50298.6,60,50310.9,30,195,71220
BANKNIFTY-III.NFO,12/06/2024,09:15:24,50310.9,50299.9,60,50310.9,15,15,71220
BANKNIFTY-III.NFO,12/06/2024,09:15:25,50310.9,50305.75,60,50357.7,15,15,71220
BANKNIFTY-III.NFO,12/06/2024,09:15:27,50310.9,50315,60,50357.65,15,0,71220
BANKNIFTY-III.NFO,12/06/2024,09:15:28,50310.9,50317.55,60,50357.65,15,0,71220
BANKNIFTY-III.NFO,12/06/2024,09:15:30,50310.9,50318.25,60,50357.75,75,0,71220
BANKNIFTY-III.NFO,12/06/2024,09:15:31,50310.9,50315.35,60,50357.55,15,0,71220
BANKNIFTY-III.NFO,12/06/2024,09:15:33,50310.9,50310.6,60,50350,15,0,71220
BANKNIFTY-III.NFO,12/06/2024,09:15:34,50310.9,50304.7,60,50348.55,75,0,71220
BANKNIFTY-III.NFO,12/06/2024,09:15:36,50310.9,50307.7,60,50348.5,75,0,71220
BANKNIFTY-III.NFO,12/06/2024,09:15:37,50310.9,50307.15,60,50348.5,75,0,71220
BANKNIFTY-III.NFO,12/06/2024,09:15:39,50310.9,50311.1,60,50348.45,15,0,71220
BANKNIFTY-III.NFO,12/06/2024,09:15:40,50311.1,50309.45,60,50348.4,15,15,71220
BANKNIFTY-III.NFO,12/06/2024,09:15:40,50311.1,50309.45,60,50348.4,15,0,71220
BANKNIFTY-III.NFO,12/06/2024,09:15:42,50312,50313.3,60,50348.5,75,30,71220
BANKNIFTY-III.NFO,12/06/2024,09:15:42,50348.45,50313.3,60,50348.5,75,0,71220
BANKNIFTY-III.NFO,12/06/2024,09:15:43,50312,50315.15,60,50348.5,75,0,71220
BANKNIFTY-III.NFO,12/06/2024,09:15:45,50312,50323.55,60,50350,15,0,71220
BANKNIFTY-III.NFO,12/06/2024,09:15:46,50312,50329.7,60,50350,15,0,71220
BANKNIFTY-III.NFO,12/06/2024,09:15:48,50312,50331.8,60,50350,15,0,71220
BANKNIFTY-III.NFO,12/06/2024,09:15:50,50312,50335.7,60,50350,15,0,71220
BANKNIFTY-III.NFO,12/06/2024,09:15:51,50312,50335.95,60,50350,15,0,71220
BANKNIFTY-III.NFO,12/06/2024,09:15:53,50312,50337.1,15,50350,15,0,71220
BANKNIFTY-III.NFO,12/06/2024,09:15:54,50337.35,50337.9,60,50350,15,15,71220
BANKNIFTY-III.NFO,12/06/2024,09:15:56,50337.35,50337.95,75,50350,15,0,71220
BANKNIFTY-III.NFO,12/06/2024,09:15:57,50337.35,50338.85,60,50350,15,0,71220
BANKNIFTY-III.NFO,12/06/2024,09:15:59,50337.35,50338.55,60,50350,15,0,71220
BANKNIFTY-III.NFO,12/06/2024,09:16:00,50337.35,50338.55,60,50349.95,15,0,71220
BANKNIFTY-III.NFO,12/06/2024,09:16:02,50349.9,50330.25,60,50350,30,15,71220
BANKNIFTY-III.NFO,12/06/2024,09:16:02,50349.9,50330.25,60,50350,30,0,71220
BANKNIFTY-III.NFO,12/06/2024,09:16:03,50350,50331.35,60,50360,90,15,71220
BANKNIFTY-III.NFO,12/06/2024,09:16:03,50350,50331.35,60,50360,90,0,71220
BANKNIFTY-III.NFO,12/06/2024,09:16:05,50350,50332.85,60,50360,90,0,71220
BANKNIFTY-III.NFO,12/06/2024,09:16:07,50350,50330.4,60,50360,90,0,71220
BANKNIFTY-III.NFO,12/06/2024,09:16:08,50350,50330.05,60,50360,90,0,71220
BANKNIFTY-III.NFO,12/06/2024,09:16:10,50350,50330.05,60,50358.5,15,0,71220
BANKNIFTY-III.NFO,12/06/2024,09:16:11,50350,50330.05,60,50350.85,75,0,71220
BANKNIFTY-III.NFO,12/06/2024,09:16:13,50350,50330.05,60,50351.05,15,0,71220
BANKNIFTY-III.NFO,12/06/2024,09:16:14,50350,50330.05,75,50351.05,15,0,71220
BANKNIFTY-III.NFO,12/06/2024,09:16:16,50350,50330.15,60,50360,105,0,71220
BANKNIFTY-III.NFO,12/06/2024,09:16:17,50360,50350,45,50360,90,15,71220
BANKNIFTY-III.NFO,12/06/2024,09:16:17,50360,50350,45,50360,90,0,71220
BANKNIFTY-III.NFO,12/06/2024,09:16:19,50360,50350.15,60,50360,90,0,71220
BANKNIFTY-III.NFO,12/06/2024,09:16:21,50360,50350.15,60,50360,225,0,71220
BANKNIFTY-III.NFO,12/06/2024,09:16:22,50360,50350.15,75,50360,225,0,71220
BANKNIFTY-III.NFO,12/06/2024,09:16:24,50360,50350.45,60,50360,225,0,71220
BANKNIFTY-III.NFO,12/06/2024,09:16:26,50360,50350.15,60,50360,225,0,71220
BANKNIFTY-III.NFO,12/06/2024,09:16:27,50360,50350.35,75,50360,225,0,71220
BANKNIFTY-III.NFO,12/06/2024,09:16:29,50360,50350.55,60,50360,225,0,71220
BANKNIFTY-III.NFO,12/06/2024,09:16:30,50360,50350.75,75,50360,225,0,71220
BANKNIFTY-III.NFO,12/06/2024,09:16:32,50360,50350.15,60,50360,225,0,71220
BANKNIFTY-III.NFO,12/06/2024,09:16:33,50360,50350.15,75,50360,180,45,71220
BANKNIFTY-III.NFO,12/06/2024,09:16:35,50360,50350.45,75,50360,180,0,71220
BANKNIFTY-III.NFO,12/06/2024,09:16:36,50360,50350.65,75,50360,180,0,71220
BANKNIFTY-III.NFO,12/06/2024,09:16:38,50360,50350.8,60,50360,180,0,71220
BANKNIFTY-III.NFO,12/06/2024,09:16:39,50360,50350.9,60,50360,180,0,71220
BANKNIFTY-III.NFO,12/06/2024,09:16:43,50360,50350.05,15,50360,180,0,71220
BANKNIFTY-III.NFO,12/06/2024,09:16:44,50360,50350,75,50360,180,0,71220
BANKNIFTY-III.NFO,12/06/2024,09:16:47,50360,50350,75,50360,195,0,71220
BANKNIFTY-III.NFO,12/06/2024,09:16:49,50360,50350,30,50360,150,45,71220
BANKNIFTY-III.NFO,12/06/2024,09:16:51,50360,50350,30,50360,150,0,71220
BANKNIFTY-III.NFO,12/06/2024,09:16:52,50350,50327.95,60,50358.35,90,30,71220
BANKNIFTY-III.NFO,12/06/2024,09:16:54,50350,50323.9,60,50348.55,15,0,71220
BANKNIFTY-III.NFO,12/06/2024,09:16:59,50324,50324,60,50348.5,15,15,71220
BANKNIFTY-III.NFO,12/06/2024,09:17:00,50324,50323.9,60,50348.5,15,0,71220
BANKNIFTY-III.NFO,12/06/2024,09:17:02,50324,50321.85,60,50348.5,15,0,71220
BANKNIFTY-III.NFO,12/06/2024,09:17:04,50324,50322.25,60,50348.5,15,0,71220
BANKNIFTY-III.NFO,12/06/2024,09:17:05,50324,50321.85,60,50348.5,15,0,71220
BANKNIFTY-III.NFO,12/06/2024,09:17:07,50324,50321.85,60,50343.85,30,0,71220
BANKNIFTY-III.NFO,12/06/2024,09:17:09,50324,50321.95,60,50339.8,15,0,71220
BANKNIFTY-III.NFO,12/06/2024,09:17:10,50324,50321.85,60,50339.8,15,0,71220
BANKNIFTY-III.NFO,12/06/2024,09:17:12,50324,50317.5,60,50339.8,15,0,71220
BANKNIFTY-III.NFO,12/06/2024,09:17:13,50324,50318.75,60,50343.2,15,0,71220
BANKNIFTY-III.NFO,12/06/2024,09:17:15,50324,50339.8,30,50345.95,30,0,71220
BANKNIFTY-III.NFO,12/06/2024,09:17:16,50324,50339.8,30,50345.65,30,0,71220
BANKNIFTY-III.NFO,12/06/2024,09:17:20,50339.8,50321.05,75,50345.65,30,30,71220
BANKNIFTY-III.NFO,12/06/2024,09:17:21,50339.8,50321.45,60,50339.6,30,0,71220
BANKNIFTY-III.NFO,12/06/2024,09:17:23,50339.8,50321.75,60,50345.6,15,0,71220
BANKNIFTY-III.NFO,12/06/2024,09:17:25,50339.8,50322.65,60,50344.25,30,0,71220
BANKNIFTY-III.NFO,12/06/2024,09:17:26,50339.8,50323.05,60,50341.15,15,0,71220
BANKNIFTY-III.NFO,12/06/2024,09:17:28,50339.8,50323.75,75,50348.4,30,0,71220
BANKNIFTY-III.NFO,12/06/2024,09:17:29,50339.8,50324.35,60,50347.05,30,0,71220
BANKNIFTY-III.NFO,12/06/2024,09:17:31,50347.7,50325.15,60,50350,30,15,71220
BANKNIFTY-III.NFO,12/06/2024,09:17:33,50347.7,50325.95,60,50350,15,0,71220
BANKNIFTY-III.NFO,12/06/2024,09:17:34,50347.7,50326.85,60,50350.9,15,0,71220
BANKNIFTY-III.NFO,12/06/2024,09:17:36,50347.7,50328.2,60,50354.5,15,0,71220
BANKNIFTY-III.NFO,12/06/2024,09:17:38,50347.7,50329.7,60,50354.5,15,0,71220
BANKNIFTY-III.NFO,12/06/2024,09:17:39,50347.7,50330.4,75,50350.2,15,0,71220
BANKNIFTY-III.NFO,12/06/2024,09:17:41,50351.25,50331.4,60,50351.6,165,30,71220
BANKNIFTY-III.NFO,12/06/2024,09:17:42,50351.25,50332.1,60,50351.2,165,0,71220
BANKNIFTY-III.NFO,12/06/2024,09:17:44,50351.25,50332.25,60,50347.9,165,0,71220
BANKNIFTY-III.NFO,12/06/2024,09:17:46,50351.25,50329.05,60,50349.25,15,0,71220
BANKNIFTY-III.NFO,12/06/2024,09:17:47,50351.25,50329.65,60,50349.25,15,0,71220
BANKNIFTY-III.NFO,12/06/2024,09:17:49,50351.25,50330.55,60,50351.05,150,0,71220
BANKNIFTY-III.NFO,12/06/2024,09:17:50,50330.65,50322.6,60,50349.2,15,15,71220
BANKNIFTY-III.NFO,12/06/2024,09:17:52,50330.65,50323.9,60,50347.6,15,0,71220
BANKNIFTY-III.NFO,12/06/2024,09:17:54,50330.65,50324.7,60,50340.4,30,0,71220
BANKNIFTY-III.NFO,12/06/2024,09:17:55,50330.65,50323.5,60,50343.6,15,0,71220
BANKNIFTY-III.NFO,12/06/2024,09:17:57,50330.65,50323.8,60,50346.3,30,0,71220
BANKNIFTY-III.NFO,12/06/2024,09:17:59,50330.65,50325.5,60,50345.05,15,0,71220
BANKNIFTY-III.NFO,12/06/2024,09:18:00,50330.65,50320.15,60,50345.05,15,0,71220
BANKNIFTY-III.NFO,12/06/2024,09:18:02,50330.65,50321.35,60,50343.8,30,0,71220
BANKNIFTY-III.NFO,12/06/2024,09:18:04,50330.65,50322.25,60,50341.7,180,0,71220
BANKNIFTY-III.NFO,12/06/2024,09:18:05,50330.65,50322.65,60,50338.7,30,0,71220
BANKNIFTY-III.NFO,12/06/2024,09:18:07,50330.65,50316.55,75,50335,30,0,71220
BANKNIFTY-III.NFO,12/06/2024,09:18:08,50330.65,50314.5,60,50332.6,15,0,71220
BANKNIFTY-III.NFO,12/06/2024,09:18:10,50330.65,50315.1,60,50330.8,30,0,71220
BANKNIFTY-III.NFO,12/06/2024,09:18:12,50330.65,50306.9,60,50329.1,30,0,71220
BANKNIFTY-III.NFO,12/06/2024,09:18:13,50330.65,50307.8,60,50329.1,30,0,71220
BANKNIFTY-III.NFO,12/06/2024,09:18:14,50330.65,50309.1,60,50332.6,15,0,71220
BANKNIFTY-III.NFO,12/06/2024,09:18:16,50330.65,50310.1,60,50335.85,15,0,71220
BANKNIFTY-III.NFO,12/06/2024,09:18:18,50330.65,50311.4,60,50335.85,15,0,71220
BANKNIFTY-III.NFO,12/06/2024,09:18:19,50330.65,50312.9,60,50338.65,15,0,71220
BANKNIFTY-III.NFO,12/06/2024,09:18:21,50330.65,50330.65,15,50338.9,30,0,71220
BANKNIFTY-III.NFO,12/06/2024,09:18:23,50330.65,50330.65,15,50336.95,30,0,71220
BANKNIFTY-III.NFO,12/06/2024,09:18:24,50330.65,50330.65,15,50334.2,15,0,71220
BANKNIFTY-III.NFO,12/06/2024,09:18:26,50330.65,50330.65,15,50337.7,15,0,71220
BANKNIFTY-III.NFO,12/06/2024,09:18:28,50330.65,50330.65,15,50344.95,30,0,71220
BANKNIFTY-III.NFO,12/06/2024,09:18:29,50330.65,50330.65,15,50338.5,15,0,71220
BANKNIFTY-III.NFO,12/06/2024,09:18:31,50330.65,50330.65,15,50339.55,30,0,71220
BANKNIFTY-III.NFO,12/06/2024,09:18:33,50330.65,50330.65,15,50345.25,15,0,71220
BANKNIFTY-III.NFO,12/06/2024,09:18:34,50330.65,50326.8,60,50345.25,30,15,71445
BANKNIFTY-III.NFO,12/06/2024,09:18:36,50330.65,50328.3,60,50350.6,30,0,71445
BANKNIFTY-III.NFO,12/06/2024,09:18:38,50330.65,50329,60,50350.6,30,0,71445
BANKNIFTY-III.NFO,12/06/2024,09:18:39,50330.65,50330,60,50350.6,30,0,71445
BANKNIFTY-III.NFO,12/06/2024,09:18:41,50330.65,50330.4,75,50350.6,30,0,71445
BANKNIFTY-III.NFO,12/06/2024,09:18:42,50330.65,50330.4,60,50349.9,15,0,71445
BANKNIFTY-III.NFO,12/06/2024,09:18:44,50330.65,50331.4,75,50350.45,15,0,71445
BANKNIFTY-III.NFO,12/06/2024,09:18:46,50330.65,50330.65,60,50350.2,15,0,71445
BANKNIFTY-III.NFO,12/06/2024,09:18:47,50330.65,50330.05,60,50348.85,30,0,71445
BANKNIFTY-III.NFO,12/06/2024,09:18:49,50330.65,50329.75,60,50347.35,15,0,71445
BANKNIFTY-III.NFO,12/06/2024,09:18:51,50327.1,50323,75,50346.2,180,15,71445
BANKNIFTY-III.NFO,12/06/2024,09:18:52,50327.1,50318.55,60,50341.45,30,0,71445
BANKNIFTY-III.NFO,12/06/2024,09:18:54,50327.1,50319.85,75,50341.7,30,0,71445
BANKNIFTY-III.NFO,12/06/2024,09:18:56,50327.1,50321.25,60,50344.45,45,0,71445
BANKNIFTY-III.NFO,12/06/2024,09:18:57,50327.1,50322.85,60,50343.9,45,0,71445
BANKNIFTY-III.NFO,12/06/2024,09:18:59,50327.1,50323.95,75,50343.55,45,0,71445
BANKNIFTY-III.NFO,12/06/2024,09:19:01,50327.1,50324.85,75,50343.55,45,0,71445
BANKNIFTY-III.NFO,12/06/2024,09:19:02,50327.1,50325.45,75,50342.35,45,0,71445
BANKNIFTY-III.NFO,12/06/2024,09:19:04,50327.1,50320.3,60,50342.35,45,0,71445
BANKNIFTY-III.NFO,12/06/2024,09:19:06,50327.1,50320.95,60,50338.7,30,0,71445
BANKNIFTY-III.NFO,12/06/2024,09:19:07,50327.1,50322.25,75,50339.55,45,0,71445
BANKNIFTY-III.NFO,12/06/2024,09:19:09,50327.1,50323.35,60,50338.2,30,0,71445
BANKNIFTY-III.NFO,12/06/2024,09:19:11,50327.1,50313.55,75,50333.85,30,0,71445
BANKNIFTY-III.NFO,12/06/2024,09:19:12,50327.1,50303.85,75,50328,30,0,71445
BANKNIFTY-III.NFO,12/06/2024,09:19:14,50327.1,50305.95,60,50334.2,30,0,71445
BANKNIFTY-III.NFO,12/06/2024,09:19:17,50327.1,50309.65,60,50331,30,0,71445
BANKNIFTY-III.NFO,12/06/2024,09:19:19,50327.1,50310.65,60,50330.75,30,0,71445
BANKNIFTY-III.NFO,12/06/2024,09:19:21,50327.1,50307.1,60,50330.85,30,0,71445
BANKNIFTY-III.NFO,12/06/2024,09:19:22,50327.1,50308.1,60,50329.3,45,0,71445
BANKNIFTY-III.NFO,12/06/2024,09:19:24,50327.1,50309.4,60,50326.75,30,0,71445
BANKNIFTY-III.NFO,12/06/2024,09:19:26,50327.1,50309.95,15,50323.75,30,0,71445
BANKNIFTY-III.NFO,12/06/2024,09:19:27,50327.1,50308.35,60,50326.05,30,0,71445
BANKNIFTY-III.NFO,12/06/2024,09:19:29,50327.1,50309.25,60,50326.55,30,0,71445
BANKNIFTY-III.NFO,12/06/2024,09:19:31,50327.1,50310.05,60,50325.05,45,0,71445
BANKNIFTY-III.NFO,12/06/2024,09:19:32,50327.1,50310,15,50324.75,30,0,71445
BANKNIFTY-III.NFO,12/06/2024,09:19:34,50327.1,50302,75,50320.1,30,0,71445
BANKNIFTY-III.NFO,12/06/2024,09:19:36,50327.1,50304,60,50321.45,30,0,71445
BANKNIFTY-III.NFO,12/06/2024,09:19:37,50321.45,50305.3,60,50325,15,15,71445
BANKNIFTY-III.NFO,12/06/2024,09:19:39,50321.45,50306.1,60,50327.4,15,0,71445
BANKNIFTY-III.NFO,12/06/2024,09:19:40,50321.45,50306.7,60,50328.65,15,0,71445
BANKNIFTY-III.NFO,12/06/2024,09:19:42,50321.45,50308.2,60,50334.2,15,0,71445
BANKNIFTY-III.NFO,12/06/2024,09:19:44,50321.45,50309.6,60,50334.2,15,0,71445
BANKNIFTY-III.NFO,12/06/2024,09:19:45,50321.45,50311.2,60,50334.2,15,0,71445
BANKNIFTY-III.NFO,12/06/2024,09:19:47,50321.45,50312.4,60,50335.85,15,0,71445
BANKNIFTY-III.NFO,12/06/2024,09:19:48,50321.45,50313.7,60,50339.95,15,0,71445
BANKNIFTY-III.NFO,12/06/2024,09:19:50,50321,50315.6,60,50342.2,15,150,71445
BANKNIFTY-III.NFO,12/06/2024,09:19:52,50315.6,50316.9,60,50342.2,30,15,71445
BANKNIFTY-III.NFO,12/06/2024,09:19:53,50315.6,50317.9,60,50342.2,30,0,71445
BANKNIFTY-III.NFO,12/06/2024,09:19:55,50315.6,50319.4,75,50344.4,30,0,71445
BANKNIFTY-III.NFO,12/06/2024,09:19:56,50315.6,50320.45,60,50344.4,30,0,71445
BANKNIFTY-III.NFO,12/06/2024,09:19:58,50315.6,50321.75,60,50344.4,30,0,71445
BANKNIFTY-III.NFO,12/06/2024,09:20:00,50315.6,50322.65,60,50343.55,30,0,71445
BANKNIFTY-III.NFO,12/06/2024,09:20:01,50315.6,50320.4,60,50341.8,30,0,71445
BANKNIFTY-III.NFO,12/06/2024,09:20:03,50315.6,50319.1,60,50341.1,30,0,71445
BANKNIFTY-III.NFO,12/06/2024,09:20:05,50315.6,50320.1,60,50340.75,45,0,71445
BANKNIFTY-III.NFO,12/06/2024,09:20:06,50315.6,50312.85,60,50339,45,0,71445
BANKNIFTY-III.NFO,12/06/2024,09:20:08,50315.6,50310.15,60,50335.25,30,0,71445
BANKNIFTY-III.NFO,12/06/2024,09:20:09,50315.6,50307.5,15,50327.1,30,0,71445
BANKNIFTY-III.NFO,12/06/2024,09:20:11,50315.6,50308.2,30,50327.9,45,0,71445
BANKNIFTY-III.NFO,12/06/2024,09:20:13,50315.6,50308.2,15,50326.4,45,0,71445
BANKNIFTY-III.NFO,12/06/2024,09:20:16,50315.6,50309.3,60,50331.2,30,0,71445
BANKNIFTY-III.NFO,12/06/2024,09:20:18,50333.35,50310.3,60,50330.75,30,15,71445
BANKNIFTY-III.NFO,12/06/2024,09:20:20,50333.35,50311.05,75,50331.15,15,0,71445
BANKNIFTY-III.NFO,12/06/2024,09:20:21,50333.35,50311.35,60,50333.2,15,0,71445
BANKNIFTY-III.NFO,12/06/2024,09:20:23,50333.35,50310.95,15,50330.1,15,0,71445
BANKNIFTY-III.NFO,12/06/2024,09:20:25,50333.35,50300,15,50326.45,15,0,71445
BANKNIFTY-III.NFO,12/06/2024,09:20:26,50333.35,50300,30,50317.25,30,0,71445
BANKNIFTY-III.NFO,12/06/2024,09:20:28,50333.35,50300,30,50318.25,30,0,71445
BANKNIFTY-III.NFO,12/06/2024,09:20:30,50317.5,50300,15,50316.6,165,15,71445
BANKNIFTY-III.NFO,12/06/2024,09:20:31,50300,50291.05,60,50315,30,15,71445
BANKNIFTY-III.NFO,12/06/2024,09:20:33,50300,50292.25,60,50315,30,0,71445
BANKNIFTY-III.NFO,12/06/2024,09:20:35,50300,50292.85,60,50315,15,0,71445
BANKNIFTY-III.NFO,12/06/2024,09:20:36,50300,50293.95,60,50315,15,0,71445
BANKNIFTY-III.NFO,12/06/2024,09:20:38,50300,50295.25,60,50315,30,0,71445
BANKNIFTY-III.NFO,12/06/2024,09:20:39,50300,50292.05,75,50315,30,0,71445
BANKNIFTY-III.NFO,12/06/2024,09:20:41,50300,50293.05,60,50315,30,0,71445
BANKNIFTY-III.NFO,12/06/2024,09:20:43,50300,50293.95,60,50315,15,0,71445
BANKNIFTY-III.NFO,12/06/2024,09:20:44,50300,50294.85,60,50315,15,0,71445
BANKNIFTY-III.NFO,12/06/2024,09:20:46,50300,50296.15,75,50315,15,0,71445
BANKNIFTY-III.NFO,12/06/2024,09:20:48,50300,50297.85,60,50315,15,0,71445
BANKNIFTY-III.NFO,12/06/2024,09:20:49,50300,50299.05,60,50315,15,0,71445
BANKNIFTY-III.NFO,12/06/2024,09:20:51,50299.15,50299.95,60,50300,30,15,71445
BANKNIFTY-III.NFO,12/06/2024,09:20:53,50299.15,50299.95,60,50300,30,0,71445
BANKNIFTY-III.NFO,12/06/2024,09:20:54,50299.15,50295.75,60,50300,30,0,71445
BANKNIFTY-III.NFO,12/06/2024,09:20:56,50299.15,50295.1,60,50300,30,0,71445
BANKNIFTY-III.NFO,12/06/2024,09:20:57,50299.15,50288.6,75,50300,30,0,71445
BANKNIFTY-III.NFO,12/06/2024,09:20:59,50299.15,50289.6,60,50300,30,0,71445
BANKNIFTY-III.NFO,12/06/2024,09:21:01,50299.15,50290.1,60,50300,30,0,71445
BANKNIFTY-III.NFO,12/06/2024,09:21:02,50299.15,50291.2,60,50300,30,0,71445
BANKNIFTY-III.NFO,12/06/2024,09:21:04,50299.15,50286,60,50299.95,30,0,71445
BANKNIFTY-III.NFO,12/06/2024,09:21:06,50299.15,50287.2,60,50300,30,0,71445
BANKNIFTY-III.NFO,12/06/2024,09:21:07,50299.15,50288.5,60,50300,30,0,71445
BANKNIFTY-III.NFO,12/06/2024,09:21:09,50299.15,50286.3,75,50300,30,0,71445
BANKNIFTY-III.NFO,12/06/2024,09:21:10,50299.15,50286.9,75,50300,30,0,71445
BANKNIFTY-III.NFO,12/06/2024,09:21:12,50299.15,50287.2,60,50299.95,15,0,71445
BANKNIFTY-III.NFO,12/06/2024,09:21:15,50299.15,50287.05,60,50299.95,15,0,71445
BANKNIFTY-III.NFO,12/06/2024,09:21:16,50299.15,50285.5,60,50299.95,30,0,71445
BANKNIFTY-III.NFO,12/06/2024,09:21:18,50299.15,50286.25,15,50299.95,30,0,71445
BANKNIFTY-III.NFO,12/06/2024,09:21:20,50299.15,50282.3,60,50299.95,30,0,71445
BANKNIFTY-III.NFO,12/06/2024,09:21:21,50299.15,50281.35,60,50299.95,30,0,71445
BANKNIFTY-III.NFO,12/06/2024,09:21:23,50299.15,50282.65,60,50299.95,30,0,71445
BANKNIFTY-III.NFO,12/06/2024,09:21:25,50299.15,50283.35,60,50298,30,0,71445
BANKNIFTY-III.NFO,12/06/2024,09:21:26,50299.15,50283.95,60,50298,30,0,71445
BANKNIFTY-III.NFO,12/06/2024,09:21:28,50299.15,50285.25,60,50298,30,0,71445
BANKNIFTY-III.NFO,12/06/2024,09:21:30,50298,50286.65,60,50298,15,15,71550
BANKNIFTY-III.NFO,12/06/2024,09:21:31,50298,50294.15,60,50300,150,15,71550
BANKNIFTY-III.NFO,12/06/2024,09:21:33,50300,50288.8,60,50300,135,15,71550
BANKNIFTY-III.NFO,12/06/2024,09:21:35,50300,50289.8,75,50299,30,0,71550
BANKNIFTY-III.NFO,12/06/2024,09:21:36,50300,50290.9,60,50299,30,0,71550
BANKNIFTY-III.NFO,12/06/2024,09:21:38,50299,50292.4,60,50299,15,15,71550
BANKNIFTY-III.NFO,12/06/2024,09:21:40,50299,50293.8,75,50299,15,0,71550
BANKNIFTY-III.NFO,12/06/2024,09:21:41,50300,50299.95,75,50300,15,135,71550
BANKNIFTY-III.NFO,12/06/2024,09:21:43,50300,50298.2,60,50310,15,15,71550
BANKNIFTY-III.NFO,12/06/2024,09:21:45,50300,50299.1,60,50310,15,0,71550
BANKNIFTY-III.NFO,12/06/2024,09:21:46,50300,50299.6,60,50310,15,0,71550
BANKNIFTY-III.NFO,12/06/2024,09:21:48,50300,50300.95,60,50310,15,0,71550
BANKNIFTY-III.NFO,12/06/2024,09:21:50,50300,50302.25,60,50310,15,0,71550
BANKNIFTY-III.NFO,12/06/2024,09:21:51,50300,50303.55,60,50310,15,0,71550
BANKNIFTY-III.NFO,12/06/2024,09:21:53,50300,50303.8,15,50310,15,0,71550
BANKNIFTY-III.NFO,12/06/2024,09:21:55,50300,50303.5,15,50310,15,0,71550
BANKNIFTY-III.NFO,12/06/2024,09:21:56,50303.5,50297.75,60,50310,15,15,71550
BANKNIFTY-III.NFO,12/06/2024,09:21:58,50303.5,50298.45,75,50310,15,0,71550
BANKNIFTY-III.NFO,12/06/2024,09:22:00,50303.5,50300.45,60,50310,15,0,71550
BANKNIFTY-III.NFO,12/06/2024,09:22:01,50310,50304.35,60,50332.7,15,15,71550
BANKNIFTY-III.NFO,12/06/2024,09:22:03,50310,50306.15,60,50338.3,15,0,71550
BANKNIFTY-III.NFO,12/06/2024,09:22:05,50310,50308.6,60,50339.2,15,0,71550
BANKNIFTY-III.NFO,12/06/2024,09:22:06,50310,50309.9,60,50339.2,15,0,71550
BANKNIFTY-III.NFO,12/06/2024,09:22:08,50310,50311.8,60,50341.9,15,0,71550
BANKNIFTY-III.NFO,12/06/2024,09:22:10,50310,50318.1,60,50349.95,15,0,71550
BANKNIFTY-III.NFO,12/06/2024,09:22:11,50310,50319.1,60,50349.95,15,0,71550
BANKNIFTY-III.NFO,12/06/2024,09:22:13,50310,50320.1,60,50349.95,15,0,71550
BANKNIFTY-III.NFO,12/06/2024,09:22:14,50310,50320.3,60,50349.95,15,0,71550
BANKNIFTY-III.NFO,12/06/2024,09:22:16,50310,50321.7,60,50349.95,15,0,71550
BANKNIFTY-III.NFO,12/06/2024,09:22:18,50310,50322.3,60,50349.95,15,0,71550
BANKNIFTY-III.NFO,12/06/2024,09:22:19,50310,50323.6,60,50349.95,15,0,71550
BANKNIFTY-III.NFO,12/06/2024,09:22:21,50310,50324.9,60,50349.95,15,0,71550
BANKNIFTY-III.NFO,12/06/2024,09:22:23,50310,50325.6,60,50349.95,30,0,71550
BANKNIFTY-III.NFO,12/06/2024,09:22:24,50310,50326.5,60,50344.55,30,0,71550
BANKNIFTY-III.NFO,12/06/2024,09:22:26,50310,50323.15,60,50340.05,30,0,71550
BANKNIFTY-III.NFO,12/06/2024,09:22:28,50310,50324.15,75,50342.15,30,0,71550
BANKNIFTY-III.NFO,12/06/2024,09:22:30,50310,50325.15,75,50343.45,30,0,71550
BANKNIFTY-III.NFO,12/06/2024,09:22:31,50310,50325.95,60,50339.4,15,0,71550
BANKNIFTY-III.NFO,12/06/2024,09:22:33,50310,50322.6,60,50337.3,30,0,71550
BANKNIFTY-III.NFO,12/06/2024,09:22:35,50310,50322.65,15,50332.4,15,0,71550
BANKNIFTY-III.NFO,12/06/2024,09:22:36,50310,50311.35,60,50328.9,30,0,71550
BANKNIFTY-III.NFO,12/06/2024,09:22:38,50310,50312.85,60,50331.5,30,0,71550
BANKNIFTY-III.NFO,12/06/2024,09:22:40,50310,50314.75,60,50331.7,30,0,71550
BANKNIFTY-III.NFO,12/06/2024,09:22:41,50310,50315.75,60,50330.8,30,0,71550
BANKNIFTY-III.NFO,12/06/2024,09:22:43,50310,50313.35,60,50327.9,30,0,71550
BANKNIFTY-III.NFO,12/06/2024,09:22:44,50310,50311.05,60,50324.15,30,0,71550
BANKNIFTY-III.NFO,12/06/2024,09:22:46,50310,50311.05,60,50322.1,30,0,71550
BANKNIFTY-III.NFO,12/06/2024,09:22:48,50310,50311,15,50316.6,105,0,71550
BANKNIFTY-III.NFO,12/06/2024,09:22:49,50309.95,50300.55,60,50312.6,30,30,71550
BANKNIFTY-III.NFO,12/06/2024,09:22:51,50309.95,50301.05,60,50314.1,30,0,71550
BANKNIFTY-III.NFO,12/06/2024,09:22:53,50309.95,50301.75,60,50316.55,15,0,71550
BANKNIFTY-III.NFO,12/06/2024,09:22:54,50309.95,50302.95,75,50318,75,0,71550
BANKNIFTY-III.NFO,12/06/2024,09:22:56,50309.95,50300.05,60,50312.55,15,0,71550
BANKNIFTY-III.NFO,12/06/2024,09:22:58,50309.95,50300.15,60,50311.65,75,0,71550
BANKNIFTY-III.NFO,12/06/2024,09:22:59,50309.95,50300.45,60,50310.35,75,0,71550
BANKNIFTY-III.NFO,12/06/2024,09:23:01,50309.95,50300,30,50305.4,15,0,71550
BANKNIFTY-III.NFO,12/06/2024,09:23:03,50300,50292.65,15,50299.95,15,30,71550
BANKNIFTY-III.NFO,12/06/2024,09:23:04,50300,50292.95,60,50300,15,0,71550
BANKNIFTY-III.NFO,12/06/2024,09:23:06,50300,50294.65,60,50307.95,45,15,71550
BANKNIFTY-III.NFO,12/06/2024,09:23:08,50300,50296.1,60,50307.9,45,0,71550
BANKNIFTY-III.NFO,12/06/2024,09:23:09,50300,50296.9,75,50309.1,45,0,71550
BANKNIFTY-III.NFO,12/06/2024,09:23:11,50300,50294.7,75,50307.3,15,0,71550
BANKNIFTY-III.NFO,12/06/2024,09:23:12,50300,50293.1,60,50305.95,15,0,71550
BANKNIFTY-III.NFO,12/06/2024,09:23:14,50294.65,50298.05,60,50314.9,45,30,71550
BANKNIFTY-III.NFO,12/06/2024,09:23:16,50294.65,50298.95,60,50314.75,45,0,71550
BANKNIFTY-III.NFO,12/06/2024,09:23:17,50294.65,50300.15,60,50317.25,45,0,71550
BANKNIFTY-III.NFO,12/06/2024,09:23:19,50294.65,50303.55,60,50321.25,45,0,71550
BANKNIFTY-III.NFO,12/06/2024,09:23:21,50294.65,50304.55,60,50318.6,45,0,71550
BANKNIFTY-III.NFO,12/06/2024,09:23:22,50294.65,50305.65,60,50319.7,45,0,71550
BANKNIFTY-III.NFO,12/06/2024,09:23:24,50294.65,50307.05,60,50329.2,60,0,71550
BANKNIFTY-III.NFO,12/06/2024,09:23:26,50294.65,50308.85,60,50329.2,60,0,71550
BANKNIFTY-III.NFO,12/06/2024,09:23:27,50294.65,50310.7,60,50331.4,45,0,71550
BANKNIFTY-III.NFO,12/06/2024,09:23:29,50294.65,50310.8,75,50328.75,60,0,71550
BANKNIFTY-III.NFO,12/06/2024,09:23:31,50328.15,50311.4,75,50326.85,60,60,71550
BANKNIFTY-III.NFO,12/06/2024,09:23:32,50328.15,50310,60,50323.75,45,0,71550
BANKNIFTY-III.NFO,12/06/2024,09:23:34,50328.15,50308.35,15,50321.1,60,0,71550
BANKNIFTY-III.NFO,12/06/2024,09:23:36,50328.15,50307.3,15,50317.55,45,0,71550
BANKNIFTY-III.NFO,12/06/2024,09:23:37,50328.15,50307.75,60,50320.2,45,0,71550
BANKNIFTY-III.NFO,12/06/2024,09:23:39,50328.15,50308.25,60,50320.1,45,0,71550
BANKNIFTY-III.NFO,12/06/2024,09:23:40,50328.15,50308.7,15,50317.5,45,0,71550
BANKNIFTY-III.NFO,12/06/2024,09:23:42,50328.15,50303.35,15,50311.35,45,0,71550
BANKNIFTY-III.NFO,12/06/2024,09:23:44,50328.15,50299.2,60,50311.25,45,0,71550
BANKNIFTY-III.NFO,12/06/2024,09:23:45,50328.15,50300.2,60,50312.25,45,0,71550
BANKNIFTY-III.NFO,12/06/2024,09:23:47,50328.15,50301.3,60,50312.25,45,0,71550
BANKNIFTY-III.NFO,12/06/2024,09:23:49,50328.15,50301.95,15,50309.6,45,0,71550
BANKNIFTY-III.NFO,12/06/2024,09:23:50,50328.15,50302.05,15,50306.5,45,0,71550
BANKNIFTY-III.NFO,12/06/2024,09:23:52,50328.15,50293.7,75,50305.5,45,0,71550
BANKNIFTY-III.NFO,12/06/2024,09:23:54,50328.15,50294.85,60,50306.8,45,0,71550
BANKNIFTY-III.NFO,12/06/2024,09:23:55,50328.15,50302.1,60,50315,45,0,71550
BANKNIFTY-III.NFO,12/06/2024,09:23:57,50328.15,50306.95,75,50316.8,45,0,71550
BANKNIFTY-III.NFO,12/06/2024,09:23:59,50328.15,50308.25,60,50319.25,45,0,71550
BANKNIFTY-III.NFO,12/06/2024,09:24:00,50328.15,50309.25,60,50321.25,45,0,71550
BANKNIFTY-III.NFO,12/06/2024,09:24:02,50328.15,50310.55,60,50325.35,45,0,71550
BANKNIFTY-III.NFO,12/06/2024,09:24:04,50328.15,50313.05,60,50327.95,45,0,71550
BANKNIFTY-III.NFO,12/06/2024,09:24:05,50328.15,50316.5,60,50330,15,0,71550
BANKNIFTY-III.NFO,12/06/2024,09:24:07,50328.15,50317.6,60,50330,15,0,71550
BANKNIFTY-III.NFO,12/06/2024,09:24:09,50328.15,50318.6,75,50330,15,0,71550
BANKNIFTY-III.NFO,12/06/2024,09:24:10,50328.15,50328.15,15,50330,15,0,71550
BANKNIFTY-III.NFO,12/06/2024,09:24:12,50328.15,50316.05,60,50326.4,45,15,71550
BANKNIFTY-III.NFO,12/06/2024,09:24:14,50328.15,50316.75,60,50325.15,45,0,71550
BANKNIFTY-III.NFO,12/06/2024,09:24:15,50328.15,50312.55,60,50320.5,45,0,71550
BANKNIFTY-III.NFO,12/06/2024,09:24:17,50328.15,50305.1,60,50317.4,45,0,71550
BANKNIFTY-III.NFO,12/06/2024,09:24:19,50328.15,50301.5,60,50312.95,45,0,71550
BANKNIFTY-III.NFO,12/06/2024,09:24:20,50328.15,50302.1,60,50310.35,45,0,71550
BANKNIFTY-III.NFO,12/06/2024,09:24:22,50328.15,50302.6,60,50311.55,45,0,71550
BANKNIFTY-III.NFO,12/06/2024,09:24:24,50328.15,50302.75,15,50307,45,0,71550
BANKNIFTY-III.NFO,12/06/2024,09:24:25,50328.15,50295.9,60,50310.1,60,0,71550
BANKNIFTY-III.NFO,12/06/2024,09:24:27,50328.15,50296.9,60,50308.75,45,0,71550
BANKNIFTY-III.NFO,12/06/2024,09:24:28,50328.15,50298.4,60,50306.7,45,0,71550
BANKNIFTY-III.NFO,12/06/2024,09:24:30,50302.75,50294.15,60,50305.2,15,30,71745
BANKNIFTY-III.NFO,12/06/2024,09:24:32,50302.75,50295.95,60,50308.65,150,0,71745
BANKNIFTY-III.NFO,12/06/2024,09:24:33,50302.75,50300.05,60,50312.75,150,0,71745
BANKNIFTY-III.NFO,12/06/2024,09:24:35,50302.75,50303.25,60,50316.5,15,0,71745
BANKNIFTY-III.NFO,12/06/2024,09:24:37,50302.75,50304.55,60,50316.15,15,0,71745
BANKNIFTY-III.NFO,12/06/2024,09:24:39,50302.75,50306.05,60,50318.65,15,0,71745
BANKNIFTY-III.NFO,12/06/2024,09:24:40,50302.75,50308.75,60,50323.45,15,0,71745
BANKNIFTY-III.NFO,12/06/2024,09:24:42,50302.75,50310.65,75,50325.95,15,0,71745
BANKNIFTY-III.NFO,12/06/2024,09:24:44,50302.75,50311.65,75,50328.4,15,0,71745
BANKNIFTY-III.NFO,12/06/2024,09:24:45,50302.75,50312.75,75,50326.75,15,0,71745
BANKNIFTY-III.NFO,12/06/2024,09:24:47,50302.75,50313.55,60,50325.4,15,0,71745
BANKNIFTY-III.NFO,12/06/2024,09:24:49,50311.8,50312.3,60,50327.9,15,15,71745
BANKNIFTY-III.NFO,12/06/2024,09:24:50,50311.8,50313.3,75,50329.1,15,0,71745
BANKNIFTY-III.NFO,12/06/2024,09:24:52,50311.8,50314.7,75,50328.4,15,0,71745
BANKNIFTY-III.NFO,12/06/2024,09:24:53,50311.8,50316,15,50327.75,15,0,71745
BANKNIFTY-III.NFO,12/06/2024,09:24:55,50311.8,50312.35,60,50322.9,15,0,71745
BANKNIFTY-III.NFO,12/06/2024,09:24:57,50311.8,50313.55,60,50328.4,15,0,71745
BANKNIFTY-III.NFO,12/06/2024,09:24:58,50311.8,50314.65,75,50329.95,15,0,71745
BANKNIFTY-III.NFO,12/06/2024,09:25:00,50311.8,50313.3,60,50324.6,15,0,71745
BANKNIFTY-III.NFO,12/06/2024,09:25:02,50311.8,50313.9,75,50329.45,15,0,71745
BANKNIFTY-III.NFO,12/06/2024,09:25:03,50311.8,50314.9,60,50328.9,15,0,71745
BANKNIFTY-III.NFO,12/06/2024,09:25:05,50311.8,50314.15,60,50329.95,15,0,71745
BANKNIFTY-III.NFO,12/06/2024,09:25:07,50311.8,50316.35,75,50330,15,0,71745
BANKNIFTY-III.NFO,12/06/2024,09:25:08,50311.8,50318.2,60,50329.95,15,0,71745
BANKNIFTY-III.NFO,12/06/2024,09:25:10,50311.8,50314.5,60,50329.95,30,0,71745
BANKNIFTY-III.NFO,12/06/2024,09:25:12,50311.8,50316.1,60,50329.95,15,0,71745
BANKNIFTY-III.NFO,12/06/2024,09:25:13,50311.8,50317.2,60,50329.95,15,0,71745
BANKNIFTY-III.NFO,12/06/2024,09:25:15,50311.8,50318.1,60,50329.95,30,0,71745
BANKNIFTY-III.NFO,12/06/2024,09:25:17,50311.8,50319.45,60,50330,15,0,71745
BANKNIFTY-III.NFO,12/06/2024,09:25:18,50311.8,50320.4,75,50330,15,0,71745
BANKNIFTY-III.NFO,12/06/2024,09:25:20,50330,50330,15,50347.5,15,15,71745
BANKNIFTY-III.NFO,12/06/2024,09:25:22,50330,50322,75,50343.5,30,0,71745
BANKNIFTY-III.NFO,12/06/2024,09:25:23,50330,50329.3,60,50349.95,30,0,71745
BANKNIFTY-III.NFO,12/06/2024,09:25:25,50330,50332,60,50350,165,0,71745
BANKNIFTY-III.NFO,12/06/2024,09:25:27,50330,50335.55,60,50349.95,15,0,71745
BANKNIFTY-III.NFO,12/06/2024,09:25:28,50330,50332,60,50349.95,30,0,71745
BANKNIFTY-III.NFO,12/06/2024,09:25:30,50330,50333,60,50349.95,30,0,71745
BANKNIFTY-III.NFO,12/06/2024,09:25:32,50330,50336.55,60,50349.95,15,0,71745
BANKNIFTY-III.NFO,12/06/2024,09:25:33,50330,50338.1,75,50349.95,15,0,71745
BANKNIFTY-III.NFO,12/06/2024,09:25:35,50330,50338.55,60,50349.95,15,0,71745
BANKNIFTY-III.NFO,12/06/2024,09:25:36,50330,50338.5,15,50349.95,30,0,71745
BANKNIFTY-III.NFO,12/06/2024,09:25:38,50338.5,50336.15,60,50348.35,15,15,71745
BANKNIFTY-III.NFO,12/06/2024,09:25:40,50338.5,50336.65,75,50349.95,15,0,71745
BANKNIFTY-III.NFO,12/06/2024,09:25:41,50338.5,50336.8,90,50347.95,15,0,71745
BANKNIFTY-III.NFO,12/06/2024,09:25:43,50338.5,50337,15,50346.25,30,0,71745
BANKNIFTY-III.NFO,12/06/2024,09:25:45,50338.5,50325.85,15,50336.4,15,0,71745
BANKNIFTY-III.NFO,12/06/2024,09:25:46,50338.5,50326.4,60,50338.3,30,0,71745
BANKNIFTY-III.NFO,12/06/2024,09:25:48,50338.3,50327.05,60,50338.35,135,15,71745
BANKNIFTY-III.NFO,12/06/2024,09:25:50,50338.3,50330,15,50338.25,135,0,71745
BANKNIFTY-III.NFO,12/06/2024,09:25:51,50338.3,50330,15,50330.2,135,0,71745
BANKNIFTY-III.NFO,12/06/2024,09:25:53,50338.3,50330,15,50333.45,135,0,71745
BANKNIFTY-III.NFO,12/06/2024,09:25:55,50338.3,50330,15,50332.6,135,0,71745
BANKNIFTY-III.NFO,12/06/2024,09:25:56,50338.3,50330,15,50332.55,135,0,71745
BANKNIFTY-III.NFO,12/06/2024,09:25:58,50338.3,50330.15,60,50344.3,15,0,71745
BANKNIFTY-III.NFO,12/06/2024,09:26:00,50338.3,50330,15,50346.6,165,0,71745
BANKNIFTY-III.NFO,12/06/2024,09:26:01,50338.3,50330.05,105,50346.6,15,0,71745
BANKNIFTY-III.NFO,12/06/2024,09:26:03,50338.3,50330.75,60,50342,135,0,71745
BANKNIFTY-III.NFO,12/06/2024,09:26:05,50338.3,50331.05,90,50338.1,135,0,71745
BANKNIFTY-III.NFO,12/06/2024,09:26:06,50338.3,50330.05,30,50338.05,135,0,71745
BANKNIFTY-III.NFO,12/06/2024,09:26:08,50338.3,50330,15,50333.9,135,0,71745
BANKNIFTY-III.NFO,12/06/2024,09:26:10,50338.3,50330,15,50331.5,135,0,71745
BANKNIFTY-III.NFO,12/06/2024,09:26:11,50338.3,50330,15,50332.7,135,0,71745
BANKNIFTY-III.NFO,12/06/2024,09:26:13,50338.3,50330,15,50330.1,135,0,71745
BANKNIFTY-III.NFO,12/06/2024,09:26:15,50338.3,50330.05,15,50335.15,135,0,71745
BANKNIFTY-III.NFO,12/06/2024,09:26:17,50338.3,50330.3,60,50350,180,0,71745
BANKNIFTY-III.NFO,12/06/2024,09:26:18,50338.3,50333.9,60,50348.7,135,0,71745
BANKNIFTY-III.NFO,12/06/2024,09:26:20,50351.25,50346.9,60,50358.15,15,195,71745
BANKNIFTY-III.NFO,12/06/2024,09:26:22,50360,50349.5,60,50360,15,30,71745
BANKNIFTY-III.NFO,12/06/2024,09:26:23,50360,50350.15,60,50360,15,0,71745
BANKNIFTY-III.NFO,12/06/2024,09:26:25,50360,50359.95,15,50369.45,135,15,71745
BANKNIFTY-III.NFO,12/06/2024,09:26:27,50360,50353.45,60,50371.55,135,0,71745
BANKNIFTY-III.NFO,12/06/2024,09:26:28,50360,50353.7,30,50371.3,30,0,71745
BANKNIFTY-III.NFO,12/06/2024,09:26:30,50360,50360,30,50367.25,135,0,71745
BANKNIFTY-III.NFO,12/06/2024,09:26:32,50360,50360,15,50366.75,135,0,71745
BANKNIFTY-III.NFO,12/06/2024,09:26:35,50360,50360,15,50360.35,135,0,71745
BANKNIFTY-III.NFO,12/06/2024,09:26:37,50360,50349,45,50359.5,120,15,71745
BANKNIFTY-III.NFO,12/06/2024,09:26:38,50360,50349,45,50359.2,120,0,71745
BANKNIFTY-III.NFO,12/06/2024,09:26:40,50360,50349,45,50357.2,135,0,71745
BANKNIFTY-III.NFO,12/06/2024,09:26:42,50360,50338.85,30,50350.75,135,0,71745
BANKNIFTY-III.NFO,12/06/2024,09:26:43,50360,50339.3,60,50350.75,120,0,71745
BANKNIFTY-III.NFO,12/06/2024,09:26:45,50360,50339.25,30,50347.95,135,0,71745
BANKNIFTY-III.NFO,12/06/2024,09:26:47,50360,50333.45,75,50345.55,120,0,71745
BANKNIFTY-III.NFO,12/06/2024,09:26:48,50347.4,50334.55,60,50347.95,105,15,71745
BANKNIFTY-III.NFO,12/06/2024,09:26:50,50347.4,50334.95,60,50346.95,105,0,71745
BANKNIFTY-III.NFO,12/06/2024,09:26:52,50347.4,50332.05,60,50345.15,105,0,71745
BANKNIFTY-III.NFO,12/06/2024,09:26:53,50345,50342.5,15,50342.6,90,15,71745
BANKNIFTY-III.NFO,12/06/2024,09:26:55,50345,50335.1,60,50344.4,90,0,71745
BANKNIFTY-III.NFO,12/06/2024,09:26:57,50345,50335.6,60,50345.1,90,0,71745
BANKNIFTY-III.NFO,12/06/2024,09:26:58,50345,50335.85,15,50344.15,90,0,71745
BANKNIFTY-III.NFO,12/06/2024,09:27:00,50345,50336.4,60,50346.85,90,0,71745
BANKNIFTY-III.NFO,12/06/2024,09:27:02,50345,50338.7,60,50354.85,105,0,71745
BANKNIFTY-III.NFO,12/06/2024,09:27:03,50345,50335.45,60,50351.9,105,0,71745
BANKNIFTY-III.NFO,12/06/2024,09:27:05,50345,50336.75,60,50353.2,105,0,71745
BANKNIFTY-III.NFO,12/06/2024,09:27:07,50345,50337.95,75,50353,105,0,71745
BANKNIFTY-III.NFO,12/06/2024,09:27:08,50345,50339.45,60,50357.55,105,0,71745
BANKNIFTY-III.NFO,12/06/2024,09:27:10,50345,50341.6,60,50356.75,105,0,71745
BANKNIFTY-III.NFO,12/06/2024,09:27:12,50345,50342.1,60,50348.95,15,0,71745
BANKNIFTY-III.NFO,12/06/2024,09:27:13,50348.95,50342.65,60,50358.85,90,15,71745
BANKNIFTY-III.NFO,12/06/2024,09:27:15,50348.95,50335.2,60,50348.8,105,0,71745
BANKNIFTY-III.NFO,12/06/2024,09:27:17,50348.95,50334.15,60,50349.7,90,0,71745
BANKNIFTY-III.NFO,12/06/2024,09:27:18,50348.95,50335.45,75,50348.75,90,0,71745
BANKNIFTY-III.NFO,12/06/2024,09:27:20,50348.95,50334.45,60,50348.1,105,0,71745
BANKNIFTY-III.NFO,12/06/2024,09:27:22,50348.95,50333.8,75,50346.7,90,0,71745
BANKNIFTY-III.NFO,12/06/2024,09:27:23,50348.95,50334.7,60,50347.6,90,0,71745
BANKNIFTY-III.NFO,12/06/2024,09:27:25,50348.95,50336.05,75,50348.65,90,0,71745
BANKNIFTY-III.NFO,12/06/2024,09:27:27,50348.95,50338.65,60,50347.4,90,0,71745
BANKNIFTY-III.NFO,12/06/2024,09:27:28,50348.95,50334.45,75,50348.35,90,0,71745
BANKNIFTY-III.NFO,12/06/2024,09:27:30,50348.95,50335.25,60,50346.9,90,0,71745
BANKNIFTY-III.NFO,12/06/2024,09:27:32,50348.95,50336.05,75,50347.2,90,0,71745
BANKNIFTY-III.NFO,12/06/2024,09:27:33,50348.95,50336.6,60,50347.2,90,0,71745
BANKNIFTY-III.NFO,12/06/2024,09:27:35,50348.95,50337.6,15,50343.75,90,0,71745
BANKNIFTY-III.NFO,12/06/2024,09:27:37,50348.95,50337.65,15,50342.8,90,0,71745
BANKNIFTY-III.NFO,12/06/2024,09:27:38,50348.95,50331.05,15,50342.8,90,0,71745
BANKNIFTY-III.NFO,12/06/2024,09:27:40,50348.95,50331.2,75,50335,90,0,71745
BANKNIFTY-III.NFO,12/06/2024,09:27:42,50348.95,50327.15,15,50335,90,0,71745
BANKNIFTY-III.NFO,12/06/2024,09:27:43,50348.95,50325.45,60,50333.85,90,0,71745
BANKNIFTY-III.NFO,12/06/2024,09:27:45,50348.95,50328.05,75,50338.35,90,0,71745
BANKNIFTY-III.NFO,12/06/2024,09:27:47,50348.95,50328.55,60,50335.85,90,0,71745
BANKNIFTY-III.NFO,12/06/2024,09:27:48,50348.95,50327.45,60,50336.8,90,0,71745
BANKNIFTY-III.NFO,12/06/2024,09:27:50,50348.95,50323.75,60,50334.3,90,0,71745
BANKNIFTY-III.NFO,12/06/2024,09:27:52,50348.95,50319.8,60,50333.15,105,0,71745
BANKNIFTY-III.NFO,12/06/2024,09:27:53,50348.95,50320.65,60,50326.25,90,0,71745
BANKNIFTY-III.NFO,12/06/2024,09:27:55,50325.1,50320.95,150,50326.1,75,15,71850
BANKNIFTY-III.NFO,12/06/2024,09:27:56,50325.1,50321.4,60,50325.05,75,0,71850
BANKNIFTY-III.NFO,12/06/2024,09:27:58,50325.05,50318.9,15,50332.15,30,75,71850
BANKNIFTY-III.NFO,12/06/2024,09:28:00,50325.05,50318.95,15,50330.85,15,0,71850
BANKNIFTY-III.NFO,12/06/2024,09:28:01,50325.05,50318.95,15,50329.25,30,0,71850
BANKNIFTY-III.NFO,12/06/2024,09:28:03,50325.05,50311.85,60,50325.75,15,0,71850
BANKNIFTY-III.NFO,12/06/2024,09:28:05,50325.05,50311.85,60,50324.15,165,0,71850
BANKNIFTY-III.NFO,12/06/2024,09:28:06,50325.05,50312.55,60,50326.7,150,0,71850
BANKNIFTY-III.NFO,12/06/2024,09:28:08,50329.45,50314.35,60,50332.15,15,45,71850
BANKNIFTY-III.NFO,12/06/2024,09:28:10,50329.45,50316.85,60,50336.3,15,0,71850
BANKNIFTY-III.NFO,12/06/2024,09:28:11,50329.45,50325.6,75,50342.15,15,0,71850
BANKNIFTY-III.NFO,12/06/2024,09:28:13,50329.45,50323.6,75,50340.85,15,0,71850
BANKNIFTY-III.NFO,12/06/2024,09:28:14,50329.45,50323.4,60,50340.85,15,0,71850
BANKNIFTY-III.NFO,12/06/2024,09:28:16,50329.45,50324.35,60,50343.1,15,0,71850
BANKNIFTY-III.NFO,12/06/2024,09:28:18,50329.45,50328.9,60,50346.3,30,0,71850
BANKNIFTY-III.NFO,12/06/2024,09:28:19,50329.45,50332.2,75,50348.35,30,0,71850
BANKNIFTY-III.NFO,12/06/2024,09:28:21,50329.45,50331.5,60,50349.55,165,0,71850
BANKNIFTY-III.NFO,12/06/2024,09:28:22,50329.45,50331.8,60,50350,30,0,71850
BANKNIFTY-III.NFO,12/06/2024,09:28:24,50329.45,50330.95,75,50348.35,15,0,71850
BANKNIFTY-III.NFO,12/06/2024,09:28:26,50329.45,50327.6,60,50345.7,30,0,71850
BANKNIFTY-III.NFO,12/06/2024,09:28:27,50329.45,50324.95,60,50338.65,15,0,71850
BANKNIFTY-III.NFO,12/06/2024,09:28:29,50329,50325.4,15,50338.4,150,15,71850
BANKNIFTY-III.NFO,12/06/2024,09:28:30,50329,50322.05,60,50337.3,15,0,71850
BANKNIFTY-III.NFO,12/06/2024,09:28:32,50329,50318.4,60,50330.5,15,0,71850
BANKNIFTY-III.NFO,12/06/2024,09:28:34,50329,50318.5,60,50331.65,15,0,71850
BANKNIFTY-III.NFO,12/06/2024,09:28:35,50329,50318.7,60,50332.9,15,0,71850
BANKNIFTY-III.NFO,12/06/2024,09:28:37,50329,50319.3,75,50335.65,165,0,71850
BANKNIFTY-III.NFO,12/06/2024,09:28:39,50329,50319.8,60,50329,15,0,71850
BANKNIFTY-III.NFO,12/06/2024,09:28:40,50329,50319.9,60,50329,15,0,71850
BANKNIFTY-III.NFO,12/06/2024,09:28:42,50329,50318.8,75,50329,15,0,71850
BANKNIFTY-III.NFO,12/06/2024,09:28:43,50329,50318.95,60,50333.95,15,15,71850
BANKNIFTY-III.NFO,12/06/2024,09:28:45,50329,50319.05,60,50334.4,150,0,71850
BANKNIFTY-III.NFO,12/06/2024,09:28:47,50329,50314.4,60,50330.4,15,0,71850
BANKNIFTY-III.NFO,12/06/2024,09:28:48,50329,50315.2,75,50333.9,15,0,71850
BANKNIFTY-III.NFO,12/06/2024,09:28:50,50329,50329,15,50332.8,15,0,71850
BANKNIFTY-III.NFO,12/06/2024,09:28:52,50329,50329,15,50332.25,150,0,71850
BANKNIFTY-III.NFO,12/06/2024,09:28:53,50329,50311.15,60,50326.2,15,15,71850
BANKNIFTY-III.NFO,12/06/2024,09:28:55,50329,50308.7,60,50324.4,15,0,71850
BANKNIFTY-III.NFO,12/06/2024,09:28:57,50329,50310.75,60,50328.95,135,0,71850
BANKNIFTY-III.NFO,12/06/2024,09:28:58,50329,50311.7,60,50329.15,15,0,71850
BANKNIFTY-III.NFO,12/06/2024,09:29:00,50329,50312.2,60,50327.5,150,0,71850
BANKNIFTY-III.NFO,12/06/2024,09:29:01,50329,50312.3,60,50326.95,15,0,71850
BANKNIFTY-III.NFO,12/06/2024,09:29:03,50329,50308.7,60,50324.7,135,0,71850
BANKNIFTY-III.NFO,12/06/2024,09:29:05,50329,50308.8,60,50322.95,15,0,71850
BANKNIFTY-III.NFO,12/06/2024,09:29:06,50329,50308.85,15,50320.25,15,0,71850
BANKNIFTY-III.NFO,12/06/2024,09:29:08,50329,50301.45,60,50316.25,15,0,71850
BANKNIFTY-III.NFO,12/06/2024,09:29:09,50329,50299.9,60,50317.05,15,0,71850
BANKNIFTY-III.NFO,12/06/2024,09:29:11,50329,50301.75,60,50319.6,135,0,71850
BANKNIFTY-III.NFO,12/06/2024,09:29:13,50329,50303.4,60,50319,30,0,71850
BANKNIFTY-III.NFO,12/06/2024,09:29:14,50329,50305.75,60,50323.55,15,0,71850
BANKNIFTY-III.NFO,12/06/2024,09:29:16,50329,50309.1,60,50329.45,15,0,71850
BANKNIFTY-III.NFO,12/06/2024,09:29:18,50329,50319.1,60,50337.45,30,0,71850
BANKNIFTY-III.NFO,12/06/2024,09:29:19,50329,50318.45,60,50335.4,15,0,71850
BANKNIFTY-III.NFO,12/06/2024,09:29:21,50329,50322.7,60,50340,15,0,71850
BANKNIFTY-III.NFO,12/06/2024,09:29:23,50329,50324.2,75,50340,30,0,71850
BANKNIFTY-III.NFO,12/06/2024,09:29:24,50329,50322.9,60,50339.05,15,0,71850
BANKNIFTY-III.NFO,12/06/2024,09:29:26,50329,50323.25,60,50340,30,0,71850
BANKNIFTY-III.NFO,12/06/2024,09:29:28,50329,50321.7,75,50338.95,135,0,71850
BANKNIFTY-III.NFO,12/06/2024,09:29:29,50329,50322.7,60,50340,30,0,71850
BANKNIFTY-III.NFO,12/06/2024,09:29:31,50329,50324,60,50340,15,0,71850
BANKNIFTY-III.NFO,12/06/2024,09:29:32,50329,50329.1,60,50340,15,0,71850
BANKNIFTY-III.NFO,12/06/2024,09:29:34,50329,50332,60,50340,15,0,71850
BANKNIFTY-III.NFO,12/06/2024,09:29:36,50340,50332.9,60,50350,15,15,71850
BANKNIFTY-III.NFO,12/06/2024,09:29:37,50340,50336.35,60,50350,15,0,71850
BANKNIFTY-III.NFO,12/06/2024,09:29:39,50340,50337.6,60,50350,15,0,71850
BANKNIFTY-III.NFO,12/06/2024,09:29:41,50340,50341.15,60,50350,15,0,71850
BANKNIFTY-III.NFO,12/06/2024,09:29:42,50340,50340.65,60,50350,15,0,71850
BANKNIFTY-III.NFO,12/06/2024,09:29:44,50340,50341.15,60,50350,15,0,71850
BANKNIFTY-III.NFO,12/06/2024,09:29:46,50340,50340.6,15,50350,15,0,71850
BANKNIFTY-III.NFO,12/06/2024,09:29:47,50340,50341.3,75,50350,15,0,71850
BANKNIFTY-III.NFO,12/06/2024,09:29:49,50340,50341.1,15,50350,15,0,71850
BANKNIFTY-III.NFO,12/06/2024,09:29:51,50340,50337.55,105,50350,15,0,71850
BANKNIFTY-III.NFO,12/06/2024,09:29:52,50340,50337.55,90,50350,15,0,71850
BANKNIFTY-III.NFO,12/06/2024,09:29:54,50340,50333.15,15,50350,30,0,71850
BANKNIFTY-III.NFO,12/06/2024,09:29:55,50340,50333.15,15,50348.1,135,0,71850
BANKNIFTY-III.NFO,12/06/2024,09:29:57,50340,50330.7,75,50348.1,15,0,71850
BANKNIFTY-III.NFO,12/06/2024,09:29:59,50330.8,50331,75,50348.05,15,15,71850
BANKNIFTY-III.NFO,12/06/2024,09:30:00,50330.8,50329.05,75,50347.9,15,0,71850
BANKNIFTY-III.NFO,12/06/2024,09:30:02,50330.8,50330.25,60,50349.95,30,0,71850
BANKNIFTY-III.NFO,12/06/2024,09:30:04,50330.8,50329.65,75,50349.95,30,0,71850
BANKNIFTY-III.NFO,12/06/2024,09:30:05,50330.8,50331.75,60,50349.95,15,0,71850
BANKNIFTY-III.NFO,12/06/2024,09:30:07,50330.8,50333.05,60,50349.95,15,0,71850
BANKNIFTY-III.NFO,12/06/2024,09:30:09,50330.8,50338.7,60,50350,15,0,71850
BANKNIFTY-III.NFO,12/06/2024,09:30:10,50330.8,50339,75,50350,15,0,71850
BANKNIFTY-III.NFO,12/06/2024,09:30:12,50330.8,50340.1,75,50350,15,0,71850
BANKNIFTY-III.NFO,12/06/2024,09:30:15,50330.8,50337.7,60,50350,15,0,71850
BANKNIFTY-III.NFO,12/06/2024,09:30:17,50330.8,50334.05,60,50349.3,30,0,71850
BANKNIFTY-III.NFO,12/06/2024,09:30:18,50330.8,50334.95,60,50346.75,15,0,71850
BANKNIFTY-III.NFO,12/06/2024,09:30:20,50330.8,50336.45,60,50350,15,0,71850
BANKNIFTY-III.NFO,12/06/2024,09:30:22,50349.2,50337.65,60,50350,15,15,71850
BANKNIFTY-III.NFO,12/06/2024,09:30:23,50349.2,50337.75,60,50349.95,15,0,71850
BANKNIFTY-III.NFO,12/06/2024,09:30:25,50349.2,50333.6,60,50349.95,30,0,71850
BANKNIFTY-III.NFO,12/06/2024,09:30:27,50349.2,50333.8,60,50345.15,120,0,71850
BANKNIFTY-III.NFO,12/06/2024,09:30:28,50349.2,50331.85,60,50341.45,120,0,71850
BANKNIFTY-III.NFO,12/06/2024,09:30:30,50349.2,50332.35,60,50342.3,120,0,71850
BANKNIFTY-III.NFO,12/06/2024,09:30:32,50349.2,50330,30,50340.25,30,0,71850
BANKNIFTY-III.NFO,12/06/2024,09:30:33,50349.2,50330,30,50337,15,0,71850
BANKNIFTY-III.NFO,12/06/2024,09:30:35,50349.2,50330,30,50337.6,30,0,71850
BANKNIFTY-III.NFO,12/06/2024,09:30:37,50349.2,50330.05,60,50340.4,15,0,71850
BANKNIFTY-III.NFO,12/06/2024,09:30:38,50349.2,50330.05,75,50341.4,30,0,71850
BANKNIFTY-III.NFO,12/06/2024,09:30:40,50349.2,50330.05,60,50341.4,30,0,71850
BANKNIFTY-III.NFO,12/06/2024,09:30:41,50349.2,50330.05,60,50342.35,15,0,71850
BANKNIFTY-III.NFO,12/06/2024,09:30:43,50349.2,50330.1,60,50343.5,15,0,71850
BANKNIFTY-III.NFO,12/06/2024,09:30:45,50349.2,50330,30,50342.8,180,0,71850
BANKNIFTY-III.NFO,12/06/2024,09:30:46,50342.8,50330,15,50341.85,165,30,71760
BANKNIFTY-III.NFO,12/06/2024,09:30:48,50342.8,50335,15,50340.5,165,0,71760
BANKNIFTY-III.NFO,12/06/2024,09:30:50,50335,50329,15,50339.3,165,15,71760
BANKNIFTY-III.NFO,12/06/2024,09:30:51,50335,50329,15,50339.3,15,0,71760
BANKNIFTY-III.NFO,12/06/2024,09:30:53,50335,50329,15,50342.05,165,0,71760
BANKNIFTY-III.NFO,12/06/2024,09:30:55,50335,50329,15,50338.95,150,0,71760
BANKNIFTY-III.NFO,12/06/2024,09:30:56,50335,50329,15,50338.95,165,0,71760
BANKNIFTY-III.NFO,12/06/2024,09:30:58,50335,50329,15,50336.9,165,0,71760
BANKNIFTY-III.NFO,12/06/2024,09:30:59,50335,50329,15,50337.75,150,0,71760
BANKNIFTY-III.NFO,12/06/2024,09:31:01,50335,50329,15,50337.45,15,0,71760
BANKNIFTY-III.NFO,12/06/2024,09:31:03,50335,50329,15,50335.3,165,0,71760
BANKNIFTY-III.NFO,12/06/2024,09:31:04,50335,50329,15,50335.3,15,0,71760
BANKNIFTY-III.NFO,12/06/2024,09:31:06,50329,50311.4,60,50330.3,165,15,71760
BANKNIFTY-III.NFO,12/06/2024,09:31:08,50329,50312.1,60,50330.3,15,0,71760
BANKNIFTY-III.NFO,12/06/2024,09:31:09,50329,50330,45,50335.9,150,0,71760
BANKNIFTY-III.NFO,12/06/2024,09:31:11,50329,50330,45,50335.9,15,0,71760
BANKNIFTY-III.NFO,12/06/2024,09:31:13,50329,50330,45,50344.5,15,0,71760
BANKNIFTY-III.NFO,12/06/2024,09:31:14,50329,50330,45,50342.1,15,0,71760
BANKNIFTY-III.NFO,12/06/2024,09:31:16,50329,50330,45,50341.35,165,0,71760
BANKNIFTY-III.NFO,12/06/2024,09:31:18,50329,50330,45,50339.45,15,0,71760
BANKNIFTY-III.NFO,12/06/2024,09:31:21,50339.45,50330,45,50340.2,165,15,71760
BANKNIFTY-III.NFO,12/06/2024,09:31:23,50330,50330,30,50336.2,165,15,71760
BANKNIFTY-III.NFO,12/06/2024,09:31:24,50330,50330,30,50331.95,165,0,71760
BANKNIFTY-III.NFO,12/06/2024,09:31:26,50330,50330,30,50331.85,150,0,71760
BANKNIFTY-III.NFO,12/06/2024,09:31:28,50330,50330,15,50331.85,165,15,71760
BANKNIFTY-III.NFO,12/06/2024,09:31:29,50330,50310.2,75,50327.85,15,15,71760
BANKNIFTY-III.NFO,12/06/2024,09:31:31,50330,50310.2,60,50321.85,150,0,71760
BANKNIFTY-III.NFO,12/06/2024,09:31:33,50330,50311.3,60,50322.75,150,0,71760
BANKNIFTY-III.NFO,12/06/2024,09:31:34,50330,50309.65,60,50322.6,150,0,71760
BANKNIFTY-III.NFO,12/06/2024,09:31:36,50330,50299.55,75,50322.6,165,0,71760
BANKNIFTY-III.NFO,12/06/2024,09:31:38,50330,50299.65,60,50308.55,120,0,71760
BANKNIFTY-III.NFO,12/06/2024,09:31:39,50330,50299.75,60,50309.15,120,0,71760
BANKNIFTY-III.NFO,12/06/2024,09:31:41,50330,50300.05,60,50307.15,120,0,71760
BANKNIFTY-III.NFO,12/06/2024,09:31:43,50330,50303.4,60,50312.05,120,0,71760
BANKNIFTY-III.NFO,12/06/2024,09:31:44,50311.1,50301.75,60,50311.1,105,15,71760
BANKNIFTY-III.NFO,12/06/2024,09:31:46,50311.1,50301.85,60,50310.05,105,0,71760
BANKNIFTY-III.NFO,12/06/2024,09:31:48,50311.1,50300.25,60,50310,105,0,71760
BANKNIFTY-III.NFO,12/06/2024,09:31:49,50311.1,50302.85,60,50315.95,105,0,71760
BANKNIFTY-III.NFO,12/06/2024,09:31:51,50311.1,50303.15,75,50315.95,105,0,71760
BANKNIFTY-III.NFO,12/06/2024,09:31:53,50311.1,50302.5,60,50313.1,105,0,71760
BANKNIFTY-III.NFO,12/06/2024,09:31:54,50311.1,50302.6,60,50312.95,105,0,71760
BANKNIFTY-III.NFO,12/06/2024,09:31:56,50311.1,50302.7,60,50313.3,105,0,71760
BANKNIFTY-III.NFO,12/06/2024,09:31:58,50311.1,50300.35,60,50312.2,105,0,71760
BANKNIFTY-III.NFO,12/06/2024,09:31:59,50311.1,50300.95,60,50312.15,105,0,71760
BANKNIFTY-III.NFO,12/06/2024,09:32:01,50311.1,50300.15,60,50311.65,105,0,71760
BANKNIFTY-III.NFO,12/06/2024,09:32:02,50311.1,50300.05,60,50312.4,105,0,71760
BANKNIFTY-III.NFO,12/06/2024,09:32:04,50311.1,50300.05,60,50311.2,105,0,71760
BANKNIFTY-III.NFO,12/06/2024,09:32:06,50311.1,50300.05,60,50309.05,150,0,71760
BANKNIFTY-III.NFO,12/06/2024,09:32:07,50311.1,50300,15,50303.6,120,0,71760
BANKNIFTY-III.NFO,12/06/2024,09:32:09,50300,50287.35,60,50298.5,90,15,71760
BANKNIFTY-III.NFO,12/06/2024,09:32:11,50300,50290.8,60,50299.1,150,0,71760
BANKNIFTY-III.NFO,12/06/2024,09:32:12,50300,50289.65,60,50299.55,150,0,71760
BANKNIFTY-III.NFO,12/06/2024,09:32:14,50300,50300,15,50305.2,90,0,71760
BANKNIFTY-III.NFO,12/06/2024,09:32:16,50300,50300,15,50308.1,90,0,71760
BANKNIFTY-III.NFO,12/06/2024,09:32:17,50300,50300.05,60,50307.9,90,0,71760
BANKNIFTY-III.NFO,12/06/2024,09:32:19,50300,50300.35,60,50324.4,15,0,71760
BANKNIFTY-III.NFO,12/06/2024,09:32:21,50300,50300,30,50311,90,0,71760
BANKNIFTY-III.NFO,12/06/2024,09:32:22,50300,50300.05,75,50313,150,0,71760
BANKNIFTY-III.NFO,12/06/2024,09:32:24,50300,50303.45,60,50326.75,15,0,71760
BANKNIFTY-III.NFO,12/06/2024,09:32:26,50300,50308.5,60,50323.05,150,0,71760
BANKNIFTY-III.NFO,12/06/2024,09:32:29,50300,50310.6,60,50330,30,0,71760
BANKNIFTY-III.NFO,12/06/2024,09:32:31,50300,50318.9,60,50330,15,0,71760
BANKNIFTY-III.NFO,12/06/2024,09:32:32,50300,50315.45,60,50330,15,0,71760
BANKNIFTY-III.NFO,12/06/2024,09:32:34,50300,50315,75,50330,15,0,71760
BANKNIFTY-III.NFO,12/06/2024,09:32:36,50300,50317.45,60,50330,15,0,71760
BANKNIFTY-III.NFO,12/06/2024,09:32:37,50300,50321.35,60,50330,15,0,71760
BANKNIFTY-III.NFO,12/06/2024,09:32:39,50300,50319.75,60,50330,15,0,71760
BANKNIFTY-III.NFO,12/06/2024,09:32:41,50300,50320.65,60,50330,15,0,71760
BANKNIFTY-III.NFO,12/06/2024,09:32:42,50300,50321.35,60,50330,15,0,71760
BANKNIFTY-III.NFO,12/06/2024,09:32:44,50300,50322.15,60,50330,15,0,71760
BANKNIFTY-III.NFO,12/06/2024,09:32:46,50300,50322.5,15,50330,15,0,71760
BANKNIFTY-III.NFO,12/06/2024,09:32:47,50300,50313.45,60,50328.2,165,0,71760
BANKNIFTY-III.NFO,12/06/2024,09:32:49,50300,50313.85,60,50330.65,150,0,71760
BANKNIFTY-III.NFO,12/06/2024,09:32:50,50300,50316.05,60,50329.55,150,0,71760
BANKNIFTY-III.NFO,12/06/2024,09:32:52,50300,50317,15,50327.9,150,0,71760
BANKNIFTY-III.NFO,12/06/2024,09:32:54,50300,50311.25,60,50326.55,150,0,71760
BANKNIFTY-III.NFO,12/06/2024,09:32:55,50300,50308.7,75,50323.2,150,0,71760
BANKNIFTY-III.NFO,12/06/2024,09:32:57,50300,50309.85,75,50322.95,150,0,71760
BANKNIFTY-III.NFO,12/06/2024,09:32:59,50300,50303.55,75,50322.65,165,0,71760
BANKNIFTY-III.NFO,12/06/2024,09:33:00,50300,50301,60,50314.65,150,0,71760
BANKNIFTY-III.NFO,12/06/2024,09:33:02,50300,50301.4,75,50313.25,150,0,71760
BANKNIFTY-III.NFO,12/06/2024,09:33:04,50300,50300.45,60,50314.3,165,0,71760
BANKNIFTY-III.NFO,12/06/2024,09:33:05,50300,50300.95,75,50321.05,15,0,71760
BANKNIFTY-III.NFO,12/06/2024,09:33:07,50300,50300.35,60,50312.65,150,0,71760
BANKNIFTY-III.NFO,12/06/2024,09:33:09,50300,50300,105,50307.5,150,0,71760
BANKNIFTY-III.NFO,12/06/2024,09:33:10,50300,50300,105,50307.7,150,0,71760
BANKNIFTY-III.NFO,12/06/2024,09:33:12,50300,50300.35,60,50311.45,150,0,71760
BANKNIFTY-III.NFO,12/06/2024,09:33:15,50318.65,50300.65,60,50320.3,15,30,71760
BANKNIFTY-III.NFO,12/06/2024,09:33:17,50318.65,50301.05,75,50312.35,150,0,71760
BANKNIFTY-III.NFO,12/06/2024,09:33:18,50301.55,50305.4,60,50326.2,15,15,71760
BANKNIFTY-III.NFO,12/06/2024,09:33:20,50301.55,50307.75,60,50320,150,0,71760
BANKNIFTY-III.NFO,12/06/2024,09:33:22,50301.55,50309.85,60,50332.35,15,0,71760
BANKNIFTY-III.NFO,12/06/2024,09:33:23,50301.55,50313.75,60,50333.55,15,0,71760
BANKNIFTY-III.NFO,12/06/2024,09:33:25,50301.55,50314.5,60,50325.9,15,0,71760
BANKNIFTY-III.NFO,12/06/2024,09:33:27,50301.55,50315.4,60,50330.55,15,0,71760
BANKNIFTY-III.NFO,12/06/2024,09:33:28,50301.55,50316.85,60,50331.15,15,0,71760
BANKNIFTY-III.NFO,12/06/2024,09:33:30,50301.55,50317.75,75,50333.2,15,0,71760
BANKNIFTY-III.NFO,12/06/2024,09:33:32,50301.55,50318.1,15,50326.5,15,0,71760
BANKNIFTY-III.NFO,12/06/2024,09:33:33,50301.55,50310.75,75,50329.15,15,0,71760
BANKNIFTY-III.NFO,12/06/2024,09:33:35,50301.55,50311.25,75,50324.15,15,0,71760
BANKNIFTY-III.NFO,12/06/2024,09:33:36,50301.55,50311.75,60,50323.75,15,0,71760
BANKNIFTY-III.NFO,12/06/2024,09:33:38,50301.55,50310.05,75,50323.7,15,0,71760
BANKNIFTY-III.NFO,12/06/2024,09:33:40,50301.55,50310.85,60,50333.15,15,0,71760
BANKNIFTY-III.NFO,12/06/2024,09:33:41,50301.55,50311.45,60,50325.2,15,0,71760
BANKNIFTY-III.NFO,12/06/2024,09:33:43,50301.55,50311.95,60,50326.3,15,0,71760
BANKNIFTY-III.NFO,12/06/2024,09:33:45,50301.55,50312.45,75,50325.85,15,0,71760
BANKNIFTY-III.NFO,12/06/2024,09:33:46,50312.75,50310.05,75,50328.45,30,15,71865
BANKNIFTY-III.NFO,12/06/2024,09:33:48,50312.75,50310.55,60,50324.45,30,0,71865
BANKNIFTY-III.NFO,12/06/2024,09:33:49,50312.75,50311.15,60,50327.95,30,0,71865
BANKNIFTY-III.NFO,12/06/2024,09:33:51,50312.75,50311.75,60,50327.3,30,0,71865
BANKNIFTY-III.NFO,12/06/2024,09:33:53,50312.75,50313.2,60,50328.7,30,0,71865
BANKNIFTY-III.NFO,12/06/2024,09:33:54,50312.75,50313.9,75,50331,45,0,71865
BANKNIFTY-III.NFO,12/06/2024,09:33:56,50312.75,50314.4,60,50331.45,45,0,71865
BANKNIFTY-III.NFO,12/06/2024,09:33:57,50312.75,50315,60,50332.3,45,0,71865
BANKNIFTY-III.NFO,12/06/2024,09:33:59,50312.75,50315.9,60,50333.75,45,0,71865
BANKNIFTY-III.NFO,12/06/2024,09:34:01,50312.75,50316.4,60,50333.9,30,0,71865
BANKNIFTY-III.NFO,12/06/2024,09:34:02,50312.75,50316.9,60,50332.4,45,0,71865
BANKNIFTY-III.NFO,12/06/2024,09:34:04,50312.75,50313.25,75,50330.95,45,0,71865
BANKNIFTY-III.NFO,12/06/2024,09:34:06,50312.75,50316.65,60,50335.2,30,0,71865
BANKNIFTY-III.NFO,12/06/2024,09:34:07,50312.75,50317.45,60,50335,30,0,71865
BANKNIFTY-III.NFO,12/06/2024,09:34:09,50312.75,50318.15,60,50335.65,30,0,71865
BANKNIFTY-III.NFO,12/06/2024,09:34:10,50312.75,50318.65,60,50336.4,45,0,71865
BANKNIFTY-III.NFO,12/06/2024,09:34:12,50312.75,50319.25,60,50337.3,30,0,71865
BANKNIFTY-III.NFO,12/06/2024,09:34:14,50312.75,50320.15,60,50338.5,30,0,71865
BANKNIFTY-III.NFO,12/06/2024,09:34:15,50312.75,50320.85,60,50339.1,30,0,71865
BANKNIFTY-III.NFO,12/06/2024,09:34:17,50312.75,50321.05,60,50336.8,45,0,71865
BANKNIFTY-III.NFO,12/06/2024,09:34:18,50312.75,50320.55,75,50336.8,45,0,71865
BANKNIFTY-III.NFO,12/06/2024,09:34:20,50312.75,50320.95,60,50337.5,30,0,71865
BANKNIFTY-III.NFO,12/06/2024,09:34:22,50312.75,50321.45,60,50338.45,30,0,71865
BANKNIFTY-III.NFO,12/06/2024,09:34:23,50312.75,50321.75,75,50337.6,30,0,71865
BANKNIFTY-III.NFO,12/06/2024,09:34:25,50312.75,50322.05,75,50337.55,45,0,71865
BANKNIFTY-III.NFO,12/06/2024,09:34:26,50312.75,50317.65,75,50337.45,45,0,71865
BANKNIFTY-III.NFO,12/06/2024,09:34:28,50312.75,50316.4,60,50337.45,45,0,71865
BANKNIFTY-III.NFO,12/06/2024,09:34:30,50312.75,50316.45,15,50327.9,30,0,71865
BANKNIFTY-III.NFO,12/06/2024,09:34:31,50312.75,50316.6,75,50330.3,30,0,71865
BANKNIFTY-III.NFO,12/06/2024,09:34:33,50312.75,50313,15,50326.5,45,0,71865
BANKNIFTY-III.NFO,12/06/2024,09:34:34,50312.75,50313,15,50319.85,30,0,71865
BANKNIFTY-III.NFO,12/06/2024,09:34:36,50312.75,50313,15,50320.95,30,0,71865
BANKNIFTY-III.NFO,12/06/2024,09:34:38,50312.75,50313,15,50318.55,45,0,71865
BANKNIFTY-III.NFO,12/06/2024,09:34:39,50312.75,50313,15,50319.25,30,0,71865
BANKNIFTY-III.NFO,12/06/2024,09:34:41,50312.75,50313,15,50320.15,30,0,71865
BANKNIFTY-III.NFO,12/06/2024,09:34:43,50312.75,50313,15,50318.25,45,0,71865
BANKNIFTY-III.NFO,12/06/2024,09:34:44,50312.75,50313.75,15,50316.6,45,0,71865
BANKNIFTY-III.NFO,12/06/2024,09:34:46,50312.75,50305,15,50311.7,30,60,71865
BANKNIFTY-III.NFO,12/06/2024,09:34:47,50312.75,50305,15,50313.5,30,0,71865
BANKNIFTY-III.NFO,12/06/2024,09:34:49,50312.75,50305.05,60,50317.25,45,0,71865
BANKNIFTY-III.NFO,12/06/2024,09:34:51,50312.75,50305.05,75,50320,30,0,71865
BANKNIFTY-III.NFO,12/06/2024,09:34:52,50312.75,50305.05,75,50321.3,45,0,71865
BANKNIFTY-III.NFO,12/06/2024,09:34:54,50312.75,50305.05,60,50320.2,30,0,71865
BANKNIFTY-III.NFO,12/06/2024,09:34:57,50312.75,50305.05,60,50319.9,30,0,71865
BANKNIFTY-III.NFO,12/06/2024,09:34:59,50312.75,50305,15,50316.4,30,0,71865
BANKNIFTY-III.NFO,12/06/2024,09:35:00,50312.75,50305,15,50312.15,30,0,71865
BANKNIFTY-III.NFO,12/06/2024,09:35:02,50312.75,50305.05,60,50315.75,45,0,71865
BANKNIFTY-III.NFO,12/06/2024,09:35:03,50312.75,50305.05,60,50315.4,45,0,71865
BANKNIFTY-III.NFO,12/06/2024,09:35:05,50312.75,50305,15,50311.45,30,0,71865
BANKNIFTY-III.NFO,12/06/2024,09:35:07,50312.75,50305,15,50311.1,30,0,71865
BANKNIFTY-III.NFO,12/06/2024,09:35:08,50312.75,50305,15,50310.05,30,0,71865
BANKNIFTY-III.NFO,12/06/2024,09:35:10,50312.75,50305,15,50311.9,30,0,71865
BANKNIFTY-III.NFO,12/06/2024,09:35:11,50312.75,50305.05,60,50314.1,30,0,71865
BANKNIFTY-III.NFO,12/06/2024,09:35:13,50312.75,50305,15,50316.05,30,0,71865
BANKNIFTY-III.NFO,12/06/2024,09:35:15,50312.75,50305,15,50314.25,30,0,71865
BANKNIFTY-III.NFO,12/06/2024,09:35:16,50312.75,50305.05,60,50314.7,30,0,71865
BANKNIFTY-III.NFO,12/06/2024,09:35:18,50312.75,50305.05,60,50317.95,45,0,71865
BANKNIFTY-III.NFO,12/06/2024,09:35:20,50312.75,50305.05,75,50320.05,45,0,71865
BANKNIFTY-III.NFO,12/06/2024,09:35:21,50312.75,50305.05,75,50319.8,45,0,71865
BANKNIFTY-III.NFO,12/06/2024,09:35:23,50312.75,50305.35,60,50318.55,45,0,71865
BANKNIFTY-III.NFO,12/06/2024,09:35:25,50312.75,50305.05,75,50319.75,30,0,71865
BANKNIFTY-III.NFO,12/06/2024,09:35:26,50312.75,50305.05,75,50320.65,30,0,71865
BANKNIFTY-III.NFO,12/06/2024,09:35:28,50305.05,50305,15,50318.75,60,15,71865
BANKNIFTY-III.NFO,12/06/2024,09:35:30,50305.05,50305,15,50312.8,45,0,71865
BANKNIFTY-III.NFO,12/06/2024,09:35:31,50305.05,50305,15,50313.25,45,0,71865
BANKNIFTY-III.NFO,12/06/2024,09:35:33,50305.05,50305,15,50308.85,45,0,71865
BANKNIFTY-III.NFO,12/06/2024,09:35:35,50303.55,50302,15,50304.2,60,30,71865
BANKNIFTY-III.NFO,12/06/2024,09:35:36,50303.55,50302.05,60,50311.5,45,0,71865
BANKNIFTY-III.NFO,12/06/2024,09:35:38,50303.55,50302.05,75,50315.45,60,0,71865
BANKNIFTY-III.NFO,12/06/2024,09:35:40,50303.55,50302.1,60,50318.35,60,0,71865
BANKNIFTY-III.NFO,12/06/2024,09:35:41,50303.55,50302.45,60,50318.2,45,0,71865
BANKNIFTY-III.NFO,12/06/2024,09:35:43,50303.55,50302.85,60,50323.9,60,0,71865
BANKNIFTY-III.NFO,12/06/2024,09:35:44,50303.55,50303.25,60,50323.2,60,0,71865
BANKNIFTY-III.NFO,12/06/2024,09:35:46,50303.55,50303.95,60,50324.8,45,0,71865
BANKNIFTY-III.NFO,12/06/2024,09:35:48,50303.55,50305.55,60,50325.5,60,0,71865
BANKNIFTY-III.NFO,12/06/2024,09:35:49,50303.55,50306.05,60,50323.95,60,0,71865
BANKNIFTY-III.NFO,12/06/2024,09:35:51,50303.55,50306.3,60,50328.3,45,0,71865
BANKNIFTY-III.NFO,12/06/2024,09:35:53,50303.55,50310.05,75,50325.6,60,0,71865
BANKNIFTY-III.NFO,12/06/2024,09:35:54,50303.55,50310,45,50324.65,60,0,71865
BANKNIFTY-III.NFO,12/06/2024,09:35:56,50303.55,50310,45,50321.1,45,0,71865
BANKNIFTY-III.NFO,12/06/2024,09:35:58,50303.55,50310,45,50314.6,45,0,71865
BANKNIFTY-III.NFO,12/06/2024,09:36:01,50303.55,50310,45,50310.15,45,0,71865
BANKNIFTY-III.NFO,12/06/2024,09:36:03,50310,50302,15,50311.25,45,45,71865
BANKNIFTY-III.NFO,12/06/2024,09:36:04,50310,50302,15,50312.05,45,0,71865
BANKNIFTY-III.NFO,12/06/2024,09:36:06,50310,50302.05,60,50313.85,45,0,71865
BANKNIFTY-III.NFO,12/06/2024,09:36:08,50310,50302.05,75,50315.4,45,0,71865
BANKNIFTY-III.NFO,12/06/2024,09:36:09,50310,50302.05,75,50316.05,45,0,71865
BANKNIFTY-III.NFO,12/06/2024,09:36:11,50310,50302.05,75,50317.25,45,0,71865
BANKNIFTY-III.NFO,12/06/2024,09:36:12,50310,50302.45,60,50322.45,60,0,71865
BANKNIFTY-III.NFO,12/06/2024,09:36:14,50310,50303.05,60,50322.45,45,0,71865
BANKNIFTY-III.NFO,12/06/2024,09:36:15,50310,50303.75,60,50323.55,45,0,71865
BANKNIFTY-III.NFO,12/06/2024,09:36:17,50310,50304.55,60,50324.5,45,0,71865
BANKNIFTY-III.NFO,12/06/2024,09:36:19,50310,50307.35,60,50329.95,60,0,71865
BANKNIFTY-III.NFO,12/06/2024,09:36:20,50327.5,50308.15,60,50328.6,45,15,71865
BANKNIFTY-III.NFO,12/06/2024,09:36:22,50327.6,50308.75,60,50330,15,45,71865
BANKNIFTY-III.NFO,12/06/2024,09:36:24,50327.6,50310.15,60,50330,15,0,71865
BANKNIFTY-III.NFO,12/06/2024,09:36:25,50327.6,50312.3,60,50330,15,0,71865
BANKNIFTY-III.NFO,12/06/2024,09:36:27,50327.6,50313.1,60,50330,15,0,71865
BANKNIFTY-III.NFO,12/06/2024,09:36:29,50327.6,50313.7,75,50330,15,0,71865
BANKNIFTY-III.NFO,12/06/2024,09:36:30,50327.6,50314.5,60,50330,15,0,71865
BANKNIFTY-III.NFO,12/06/2024,09:36:32,50327.6,50314.6,75,50330,15,0,71865
BANKNIFTY-III.NFO,12/06/2024,09:36:34,50327.6,50313.85,60,50330,15,0,71865
BANKNIFTY-III.NFO,12/06/2024,09:36:35,50327.6,50310.5,60,50327.1,30,0,71865
BANKNIFTY-III.NFO,12/06/2024,09:36:37,50327.6,50303,60,50317.75,15,0,71865
BANKNIFTY-III.NFO,12/06/2024,09:36:39,50327.6,50302.05,60,50314.3,90,0,71865
BANKNIFTY-III.NFO,12/06/2024,09:36:40,50327.6,50302.05,60,50314.25,90,0,71865
BANKNIFTY-III.NFO,12/06/2024,09:36:42,50327.6,50302,15,50311.45,15,0,71865
BANKNIFTY-III.NFO,12/06/2024,09:36:44,50327.6,50302,15,50311.65,30,0,71865
BANKNIFTY-III.NFO,12/06/2024,09:36:45,50327.6,50302.05,60,50311.65,15,0,71865
BANKNIFTY-III.NFO,12/06/2024,09:36:47,50327.6,50302.05,75,50319.1,15,0,71865
BANKNIFTY-III.NFO,12/06/2024,09:36:49,50327.6,50302.05,60,50310.55,15,0,71865
BANKNIFTY-III.NFO,12/06/2024,09:36:50,50327.6,50302,15,50308.7,15,0,71865
BANKNIFTY-III.NFO,12/06/2024,09:36:52,50327.6,50302,15,50309.4,15,0,71865
BANKNIFTY-III.NFO,12/06/2024,09:36:54,50327.6,50302,15,50310.25,15,0,71865
BANKNIFTY-III.NFO,12/06/2024,09:36:55,50327.6,50302.05,60,50313.2,15,0,71865
BANKNIFTY-III.NFO,12/06/2024,09:36:57,50327.6,50302.05,60,50315,15,0,71865
BANKNIFTY-III.NFO,12/06/2024,09:36:59,50327.6,50302.05,75,50316.6,15,0,71865
BANKNIFTY-III.NFO,12/06/2024,09:37:00,50327.6,50302.55,75,50316.6,15,0,71865
BANKNIFTY-III.NFO,12/06/2024,09:37:02,50327.6,50303.25,60,50324.6,15,0,71865
BANKNIFTY-III.NFO,12/06/2024,09:37:04,50327.6,50303.85,60,50320.75,15,0,71865
BANKNIFTY-III.NFO,12/06/2024,09:37:05,50327.6,50304.55,60,50322.6,15,0,71865
BANKNIFTY-III.NFO,12/06/2024,09:37:07,50327.6,50306.05,60,50327.6,45,0,71865
BANKNIFTY-III.NFO,12/06/2024,09:37:09,50327.6,50311.35,60,50327.6,30,0,71865
BANKNIFTY-III.NFO,12/06/2024,09:37:10,50327.6,50312.25,60,50327.6,30,0,71865
BANKNIFTY-III.NFO,12/06/2024,09:37:12,50327.6,50312.75,60,50327,45,0,71865
BANKNIFTY-III.NFO,12/06/2024,09:37:14,50327.6,50313.55,60,50327,45,0,71865
BANKNIFTY-III.NFO,12/06/2024,09:37:15,50327.6,50313.6,60,50327,45,0,71865
BANKNIFTY-III.NFO,12/06/2024,09:37:17,50327.6,50313.5,60,50327,45,0,71865
BANKNIFTY-III.NFO,12/06/2024,09:37:19,50327.6,50310.5,60,50327,45,0,71865
BANKNIFTY-III.NFO,12/06/2024,09:37:20,50327.6,50311.1,60,50327,45,0,71865
BANKNIFTY-III.NFO,12/06/2024,09:37:22,50327.6,50311.7,60,50327,45,0,71865
BANKNIFTY-III.NFO,12/06/2024,09:37:24,50327.6,50312.5,60,50327,45,0,71865
BANKNIFTY-III.NFO,12/06/2024,09:37:25,50327.6,50312.9,60,50327,45,0,71865
BANKNIFTY-III.NFO,12/06/2024,09:37:27,50327.6,50309.4,60,50327,60,0,71865
BANKNIFTY-III.NFO,12/06/2024,09:37:29,50327.6,50306.35,60,50322.9,30,0,71865
BANKNIFTY-III.NFO,12/06/2024,09:37:30,50327.6,50306.65,60,50325.3,30,0,71865
BANKNIFTY-III.NFO,12/06/2024,09:37:32,50327.6,50307.55,60,50327,45,0,71865
BANKNIFTY-III.NFO,12/06/2024,09:37:34,50327.6,50308.45,60,50327,45,0,71865
BANKNIFTY-III.NFO,12/06/2024,09:37:35,50327.6,50309.45,60,50327,45,0,71865
BANKNIFTY-III.NFO,12/06/2024,09:37:37,50327.6,50310.05,60,50327,45,0,71865
BANKNIFTY-III.NFO,12/06/2024,09:37:38,50327.6,50310.75,60,50327,45,0,71865
BANKNIFTY-III.NFO,12/06/2024,09:37:40,50327.6,50327.55,60,50348,150,75,71895
BANKNIFTY-III.NFO,12/06/2024,09:37:42,50327.6,50328.4,75,50348,165,0,71895
BANKNIFTY-III.NFO,12/06/2024,09:37:43,50327.6,50327.65,60,50348,165,0,71895
BANKNIFTY-III.NFO,12/06/2024,09:37:45,50327.6,50329.7,60,50348,165,0,71895
BANKNIFTY-III.NFO,12/06/2024,09:37:47,50327.6,50330.85,60,50348,150,0,71895
BANKNIFTY-III.NFO,12/06/2024,09:37:48,50327.6,50333.1,60,50348,150,0,71895
BANKNIFTY-III.NFO,12/06/2024,09:37:50,50327.6,50336.2,60,50348,150,0,71895
BANKNIFTY-III.NFO,12/06/2024,09:37:52,50350,50349.9,15,50350,90,240,71895
BANKNIFTY-III.NFO,12/06/2024,09:37:54,50350,50337.25,15,50350,90,0,71895
BANKNIFTY-III.NFO,12/06/2024,09:37:55,50350,50337.3,30,50350,105,0,71895
BANKNIFTY-III.NFO,12/06/2024,09:37:57,50350,50337.3,30,50350,90,0,71895
BANKNIFTY-III.NFO,12/06/2024,09:38:00,50350,50337.6,15,50350,90,0,71895
BANKNIFTY-III.NFO,12/06/2024,09:38:02,50350,50336.05,30,50350,90,0,71895
BANKNIFTY-III.NFO,12/06/2024,09:38:03,50350,50331.9,30,50350,105,0,71895
BANKNIFTY-III.NFO,12/06/2024,09:38:05,50350,50332.45,60,50350,105,0,71895
BANKNIFTY-III.NFO,12/06/2024,09:38:07,50350,50332.95,60,50350,105,0,71895
BANKNIFTY-III.NFO,12/06/2024,09:38:08,50350,50334.75,75,50350,90,0,71895
BANKNIFTY-III.NFO,12/06/2024,09:38:10,50350,50336.1,30,50350,90,0,71895
BANKNIFTY-III.NFO,12/06/2024,09:38:12,50350,50336.3,15,50350,105,0,71895
BANKNIFTY-III.NFO,12/06/2024,09:38:13,50350,50330.15,15,50349.15,105,0,71895
BANKNIFTY-III.NFO,12/06/2024,09:38:15,50350,50330.15,15,50349.1,90,0,71895
BANKNIFTY-III.NFO,12/06/2024,09:38:17,50350,50330.4,30,50349.15,15,0,71895
BANKNIFTY-III.NFO,12/06/2024,09:38:18,50350,50331.4,60,50350,105,0,71895
BANKNIFTY-III.NFO,12/06/2024,09:38:20,50350,50333,75,50350,105,0,71895
BANKNIFTY-III.NFO,12/06/2024,09:38:22,50350,50334.1,75,50350,90,0,71895
BANKNIFTY-III.NFO,12/06/2024,09:38:23,50350,50336.6,60,50350,90,0,71895
BANKNIFTY-III.NFO,12/06/2024,09:38:25,50350,50337.8,60,50350,90,0,71895
BANKNIFTY-III.NFO,12/06/2024,09:38:27,50350,50338.3,60,50350,90,0,71895
BANKNIFTY-III.NFO,12/06/2024,09:38:28,50350,50338.35,30,50350,90,0,71895
BANKNIFTY-III.NFO,12/06/2024,09:38:30,50350,50338.75,75,50350,90,0,71895
BANKNIFTY-III.NFO,12/06/2024,09:38:31,50350,50339.15,75,50350,90,0,71895
BANKNIFTY-III.NFO,12/06/2024,09:38:33,50350,50339.95,60,50350,90,0,71895
BANKNIFTY-III.NFO,12/06/2024,09:38:35,50350,50340.15,15,50350,90,0,71895
BANKNIFTY-III.NFO,12/06/2024,09:38:36,50350,50339,15,50350,90,0,71895
BANKNIFTY-III.NFO,12/06/2024,09:38:38,50350,50330.65,60,50350,105,0,71895
BANKNIFTY-III.NFO,12/06/2024,09:38:40,50350,50331.05,75,50350,105,0,71895
BANKNIFTY-III.NFO,12/06/2024,09:38:41,50350,50331.05,60,50350,105,0,71895
BANKNIFTY-III.NFO,12/06/2024,09:38:43,50350,50332.65,60,50350,90,0,71895
BANKNIFTY-III.NFO,12/06/2024,09:38:45,50350,50350.05,60,50377,15,90,71895
BANKNIFTY-III.NFO,12/06/2024,09:38:46,50350,50350.45,60,50372.9,15,0,71895
BANKNIFTY-III.NFO,12/06/2024,09:38:48,50373.45,50351.05,60,50373.9,15,15,71895
BANKNIFTY-III.NFO,12/06/2024,09:38:48,50373.45,50351.05,60,50373.9,15,0,71895
BANKNIFTY-III.NFO,12/06/2024,09:38:50,50373.45,50351.65,60,50372.45,15,0,71895
BANKNIFTY-III.NFO,12/06/2024,09:38:51,50373.45,50352.85,60,50378.35,15,0,71895
BANKNIFTY-III.NFO,12/06/2024,09:38:53,50373.45,50353.45,60,50374.3,30,0,71895
BANKNIFTY-III.NFO,12/06/2024,09:38:55,50373.45,50353.75,60,50375.65,15,0,71895
BANKNIFTY-III.NFO,12/06/2024,09:38:56,50373.45,50353.35,60,50373.3,15,0,71895
BANKNIFTY-III.NFO,12/06/2024,09:38:58,50373.45,50354.15,60,50378.8,15,0,71895
BANKNIFTY-III.NFO,12/06/2024,09:39:00,50373.45,50357.45,60,50397.2,75,0,71895
BANKNIFTY-III.NFO,12/06/2024,09:39:01,50373.45,50354.7,60,50383.95,90,0,71895
BANKNIFTY-III.NFO,12/06/2024,09:39:03,50373.45,50356.2,60,50388.1,90,0,71895
BANKNIFTY-III.NFO,12/06/2024,09:39:05,50373.45,50357.6,60,50394.55,75,0,71895
BANKNIFTY-III.NFO,12/06/2024,09:39:06,50373.45,50358.9,60,50387.65,90,0,71895
BANKNIFTY-III.NFO,12/06/2024,09:39:08,50373.45,50357,60,50386.45,15,0,71895
BANKNIFTY-III.NFO,12/06/2024,09:39:10,50388.75,50354.6,60,50379.5,15,15,71895
BANKNIFTY-III.NFO,12/06/2024,09:39:10,50388.75,50354.6,60,50379.5,15,0,71895
BANKNIFTY-III.NFO,12/06/2024,09:39:11,50388.75,50355.2,60,50379.95,15,0,71895
BANKNIFTY-III.NFO,12/06/2024,09:39:13,50388.75,50357.7,60,50380.85,15,0,71895
BANKNIFTY-III.NFO,12/06/2024,09:39:15,50388.75,50354.85,60,50376.05,15,0,71895
BANKNIFTY-III.NFO,12/06/2024,09:39:16,50388.75,50350.8,60,50374.95,15,0,71895
BANKNIFTY-III.NFO,12/06/2024,09:39:18,50388.75,50350.55,60,50374.95,15,0,71895
BANKNIFTY-III.NFO,12/06/2024,09:39:20,50388.75,50354.75,60,50384.9,15,0,71895
BANKNIFTY-III.NFO,12/06/2024,09:39:21,50388.75,50358.2,60,50392.55,15,0,71895
BANKNIFTY-III.NFO,12/06/2024,09:39:23,50388.75,50359.7,60,50388.45,15,0,71895
BANKNIFTY-III.NFO,12/06/2024,09:39:25,50388.75,50361.1,60,50387.7,15,0,71895
BANKNIFTY-III.NFO,12/06/2024,09:39:26,50388.75,50361.6,60,50388.5,15,0,71895
BANKNIFTY-III.NFO,12/06/2024,09:39:28,50388.75,50362.2,60,50393.4,75,0,71895
BANKNIFTY-III.NFO,12/06/2024,09:39:30,50388.75,50354.2,60,50389.25,15,0,71895
BANKNIFTY-III.NFO,12/06/2024,09:39:31,50388.75,50354.9,75,50377.1,15,0,71895
BANKNIFTY-III.NFO,12/06/2024,09:39:33,50388.75,50355.4,60,50374.35,15,0,71895
BANKNIFTY-III.NFO,12/06/2024,09:39:35,50388.75,50356,60,50377.1,15,0,71895
BANKNIFTY-III.NFO,12/06/2024,09:39:36,50388.75,50356.4,60,50377.1,15,0,71895
BANKNIFTY-III.NFO,12/06/2024,09:39:38,50388.75,50356.8,60,50380.7,15,0,71895
BANKNIFTY-III.NFO,12/06/2024,09:39:40,50388.75,50356.85,60,50383.4,15,0,71895
BANKNIFTY-III.NFO,12/06/2024,09:39:41,50388.75,50357.45,60,50383.4,15,0,71895
BANKNIFTY-III.NFO,12/06/2024,09:39:43,50388.75,50361.65,60,50387.45,15,0,71895
BANKNIFTY-III.NFO,12/06/2024,09:39:45,50388.75,50362.5,60,50387.45,15,0,71895
BANKNIFTY-III.NFO,12/06/2024,09:39:46,50388.75,50362.5,60,50387.25,15,0,71895
BANKNIFTY-III.NFO,12/06/2024,09:39:48,50388.75,50360.35,60,50385.25,30,0,71895
BANKNIFTY-III.NFO,12/06/2024,09:39:49,50388.75,50360.85,60,50385.25,15,0,71895
BANKNIFTY-III.NFO,12/06/2024,09:39:51,50360.95,50360.65,60,50375,15,15,72090
BANKNIFTY-III.NFO,12/06/2024,09:39:53,50360.95,50361.35,60,50375,15,0,72090
BANKNIFTY-III.NFO,12/06/2024,09:39:54,50360.95,50362.15,60,50375,15,0,72090
BANKNIFTY-III.NFO,12/06/2024,09:39:56,50360.95,50362.85,60,50375,15,0,72090
BANKNIFTY-III.NFO,12/06/2024,09:39:57,50360.95,50360,60,50374.95,15,0,72090
BANKNIFTY-III.NFO,12/06/2024,09:39:59,50360.95,50360.5,60,50375,15,0,72090
BANKNIFTY-III.NFO,12/06/2024,09:40:01,50360.95,50361.7,60,50375,15,0,72090
BANKNIFTY-III.NFO,12/06/2024,09:40:02,50360.95,50357.5,75,50374.95,30,0,72090
BANKNIFTY-III.NFO,12/06/2024,09:40:04,50360.95,50358.4,60,50375,15,0,72090
BANKNIFTY-III.NFO,12/06/2024,09:40:06,50360.95,50359.6,60,50374.95,15,0,72090
BANKNIFTY-III.NFO,12/06/2024,09:40:07,50360.95,50360.3,60,50374.95,15,0,72090
BANKNIFTY-III.NFO,12/06/2024,09:40:09,50360.95,50361.2,60,50374.95,15,0,72090
BANKNIFTY-III.NFO,12/06/2024,09:40:11,50360.95,50361.8,60,50375,15,0,72090
BANKNIFTY-III.NFO,12/06/2024,09:40:12,50360.95,50362.4,60,50375,15,0,72090
BANKNIFTY-III.NFO,12/06/2024,09:40:14,50360.95,50362.9,75,50375,15,0,72090
BANKNIFTY-III.NFO,12/06/2024,09:40:15,50360.95,50362.25,75,50375,15,0,72090
BANKNIFTY-III.NFO,12/06/2024,09:40:17,50360.95,50364.25,60,50375,15,0,72090
BANKNIFTY-III.NFO,12/06/2024,09:40:19,50362.35,50362.65,60,50375,15,15,72090
BANKNIFTY-III.NFO,12/06/2024,09:40:20,50362.35,50363.15,60,50375,15,0,72090
BANKNIFTY-III.NFO,12/06/2024,09:40:22,50362.35,50364,60,50375,15,0,72090
BANKNIFTY-III.NFO,12/06/2024,09:40:24,50362.35,50365,60,50375,15,0,72090
BANKNIFTY-III.NFO,12/06/2024,09:40:25,50362.35,50365.75,60,50375,15,0,72090
BANKNIFTY-III.NFO,12/06/2024,09:40:27,50362.35,50362.05,60,50375,15,0,72090
BANKNIFTY-III.NFO,12/06/2024,09:40:28,50362.35,50362.65,60,50375,15,0,72090
BANKNIFTY-III.NFO,12/06/2024,09:40:30,50380,50379.95,60,50380,105,75,72090
BANKNIFTY-III.NFO,12/06/2024,09:40:32,50380,50379.95,60,50394.95,30,105,72090
BANKNIFTY-III.NFO,12/06/2024,09:40:33,50380,50379.95,60,50394.95,30,0,72090
BANKNIFTY-III.NFO,12/06/2024,09:40:35,50380,50374.95,60,50394.95,45,0,72090
BANKNIFTY-III.NFO,12/06/2024,09:40:37,50380,50366.65,60,50394.95,45,0,72090
BANKNIFTY-III.NFO,12/06/2024,09:40:38,50380,50368.45,60,50392.85,30,0,72090
BANKNIFTY-III.NFO,12/06/2024,09:40:40,50380,50368.85,60,50394.95,30,0,72090
BANKNIFTY-III.NFO,12/06/2024,09:40:42,50380,50369.15,60,50394.95,30,0,72090
BANKNIFTY-III.NFO,12/06/2024,09:40:43,50380,50370.85,75,50394.95,45,0,72090
BANKNIFTY-III.NFO,12/06/2024,09:40:45,50380,50372.85,60,50394.95,45,0,72090
BANKNIFTY-III.NFO,12/06/2024,09:40:46,50394.95,50373.95,60,50394.95,30,15,72090
BANKNIFTY-III.NFO,12/06/2024,09:40:46,50394.95,50373.95,60,50394.95,30,0,72090
BANKNIFTY-III.NFO,12/06/2024,09:40:48,50394.95,50374.05,60,50394.95,30,0,72090
BANKNIFTY-III.NFO,12/06/2024,09:40:49,50394.95,50376.05,60,50394.95,15,0,72090
BANKNIFTY-III.NFO,12/06/2024,09:40:51,50394.95,50378.45,60,50394.95,15,0,72090
BANKNIFTY-III.NFO,12/06/2024,09:40:53,50394.95,50379.35,60,50394.95,15,0,72090
BANKNIFTY-III.NFO,12/06/2024,09:40:54,50394.95,50380.15,60,50395,30,0,72090
BANKNIFTY-III.NFO,12/06/2024,09:40:56,50394.95,50383.55,60,50395,30,0,72090
BANKNIFTY-III.NFO,12/06/2024,09:40:58,50394.95,50384.05,60,50395,30,0,72090
BANKNIFTY-III.NFO,12/06/2024,09:40:59,50394.95,50384.15,60,50395,30,0,72090
BANKNIFTY-III.NFO,12/06/2024,09:41:01,50395,50384.9,60,50395,15,15,72090
BANKNIFTY-III.NFO,12/06/2024,09:41:01,50395,50384.9,60,50395,15,0,72090
BANKNIFTY-III.NFO,12/06/2024,09:41:03,50395,50385.85,75,50395,15,0,72090
BANKNIFTY-III.NFO,12/06/2024,09:41:04,50395,50381.35,60,50394.95,15,0,72090
BANKNIFTY-III.NFO,12/06/2024,09:41:06,50395,50379.1,75,50394.95,15,0,72090
BANKNIFTY-III.NFO,12/06/2024,09:41:08,50395,50380.05,75,50394.95,15,0,72090
BANKNIFTY-III.NFO,12/06/2024,09:41:17,50395,50381.35,60,50394.95,15,0,72090
BANKNIFTY-III.NFO,12/06/2024,09:41:19,50395,50380.15,60,50394.95,15,0,72090
BANKNIFTY-III.NFO,12/06/2024,09:41:20,50395,50380.35,75,50394.95,15,0,72090
BANKNIFTY-III.NFO,12/06/2024,09:41:22,50395,50380.65,75,50394.95,15,0,72090
BANKNIFTY-III.NFO,12/06/2024,09:41:24,50395,50380.05,60,50394.95,30,0,72090
BANKNIFTY-III.NFO,12/06/2024,09:41:27,50395,50380.65,60,50394.95,15,0,72090
BANKNIFTY-III.NFO,12/06/2024,09:41:29,50395,50380.05,60,50394.95,30,0,72090
BANKNIFTY-III.NFO,12/06/2024,09:41:30,50395,50380.15,75,50394.95,15,0,72090
BANKNIFTY-III.NFO,12/06/2024,09:41:32,50395,50380.25,75,50394.95,15,0,72090
BANKNIFTY-III.NFO,12/06/2024,09:41:33,50395,50380.35,60,50394.95,15,0,72090
BANKNIFTY-III.NFO,12/06/2024,09:41:35,50395,50380.05,75,50394.95,15,0,72090
BANKNIFTY-III.NFO,12/06/2024,09:41:37,50395,50380.35,75,50394.95,15,0,72090
BANKNIFTY-III.NFO,12/06/2024,09:41:38,50395,50380.05,60,50394.95,30,0,72090
BANKNIFTY-III.NFO,12/06/2024,09:41:40,50395,50380.35,60,50394.95,30,0,72090
BANKNIFTY-III.NFO,12/06/2024,09:41:42,50395,50380.65,75,50394.95,15,0,72090
BANKNIFTY-III.NFO,12/06/2024,09:41:43,50395,50381,60,50394.95,15,0,72090
BANKNIFTY-III.NFO,12/06/2024,09:41:45,50395,50378.4,60,50394.95,30,0,72090
BANKNIFTY-III.NFO,12/06/2024,09:41:47,50395,50374.95,60,50390.8,30,0,72090
BANKNIFTY-III.NFO,12/06/2024,09:41:48,50395,50375.05,60,50380.05,30,0,72090
BANKNIFTY-III.NFO,12/06/2024,09:41:50,50395,50375.15,60,50380.05,30,0,72090
BANKNIFTY-III.NFO,12/06/2024,09:41:52,50387.25,50375.35,60,50391.15,30,45,72090
BANKNIFTY-III.NFO,12/06/2024,09:41:53,50387.25,50375.45,60,50390.2,30,0,72090
BANKNIFTY-III.NFO,12/06/2024,09:41:55,50387.25,50375.75,75,50391.3,30,0,72090
BANKNIFTY-III.NFO,12/06/2024,09:41:57,50387.25,50377.15,60,50394.95,15,0,72090
BANKNIFTY-III.NFO,12/06/2024,09:41:58,50387.25,50382.45,60,50395,15,0,72090
BANKNIFTY-III.NFO,12/06/2024,09:42:00,50387.25,50385.4,75,50395,15,0,72090
BANKNIFTY-III.NFO,12/06/2024,09:42:02,50387.25,50387.65,60,50395,15,0,72090
BANKNIFTY-III.NFO,12/06/2024,09:42:03,50387.25,50389.4,75,50395,15,0,72090
BANKNIFTY-III.NFO,12/06/2024,09:42:05,50387.25,50389.45,15,50395,15,0,72090
BANKNIFTY-III.NFO,12/06/2024,09:42:06,50387.25,50386.45,60,50395,15,0,72090
BANKNIFTY-III.NFO,12/06/2024,09:42:08,50387.25,50381.05,60,50394.95,30,0,72090
BANKNIFTY-III.NFO,12/06/2024,09:42:10,50387.25,50376.55,60,50392.25,15,0,72090
BANKNIFTY-III.NFO,12/06/2024,09:42:11,50387.25,50372.35,60,50389.35,30,0,72090
BANKNIFTY-III.NFO,12/06/2024,09:42:13,50387.25,50372.85,60,50389.35,30,0,72090
BANKNIFTY-III.NFO,12/06/2024,09:42:15,50387.25,50373.25,60,50383.45,15,0,72090
BANKNIFTY-III.NFO,12/06/2024,09:42:16,50387.25,50373.75,60,50382.4,15,0,72090
BANKNIFTY-III.NFO,12/06/2024,09:42:18,50387.25,50369.25,60,50380.15,30,0,72090
BANKNIFTY-III.NFO,12/06/2024,09:42:20,50387.25,50369.35,60,50380.1,15,0,72090
BANKNIFTY-III.NFO,12/06/2024,09:42:21,50387.25,50365.55,60,50375.1,15,0,72090
BANKNIFTY-III.NFO,12/06/2024,09:42:23,50375.1,50366.35,75,50381.9,15,15,72090
BANKNIFTY-III.NFO,12/06/2024,09:42:25,50375.1,50368.15,60,50384.95,30,0,72090
BANKNIFTY-III.NFO,12/06/2024,09:42:26,50375.1,50371.6,75,50385,600,0,72090
BANKNIFTY-III.NFO,12/06/2024,09:42:28,50375.1,50374.1,75,50385,600,0,72090
BANKNIFTY-III.NFO,12/06/2024,09:42:30,50385,50374.6,75,50385,585,30,72270
BANKNIFTY-III.NFO,12/06/2024,09:42:31,50385,50374.7,75,50385,585,0,72270
BANKNIFTY-III.NFO,12/06/2024,09:42:33,50385,50375,75,50385,585,0,72270
BANKNIFTY-III.NFO,12/06/2024,09:42:35,50385,50375.4,75,50385,585,0,72270
BANKNIFTY-III.NFO,12/06/2024,09:42:36,50385,50371.65,75,50384.95,30,0,72270
BANKNIFTY-III.NFO,12/06/2024,09:42:38,50385,50371.85,75,50384.95,30,0,72270
BANKNIFTY-III.NFO,12/06/2024,09:42:39,50385,50370.6,60,50384.95,30,0,72270
BANKNIFTY-III.NFO,12/06/2024,09:42:41,50385,50371.9,60,50384.95,30,0,72270
BANKNIFTY-III.NFO,12/06/2024,09:42:43,50385,50374.5,60,50385,510,75,72270
BANKNIFTY-III.NFO,12/06/2024,09:42:44,50395.7,50382.75,60,50395.7,15,555,72270
BANKNIFTY-III.NFO,12/06/2024,09:42:44,50395.7,50382.75,60,50395.7,15,0,72270
BANKNIFTY-III.NFO,12/06/2024,09:42:46,50395.7,50383.2,60,50395.75,15,15,72270
BANKNIFTY-III.NFO,12/06/2024,09:42:48,50395.7,50384.55,60,50395.75,15,0,72270
BANKNIFTY-III.NFO,12/06/2024,09:42:49,50395.7,50388.15,60,50395.75,15,0,72270
BANKNIFTY-III.NFO,12/06/2024,09:42:51,50395.75,50391.45,60,50398.4,15,15,72270
BANKNIFTY-III.NFO,12/06/2024,09:42:51,50395.75,50391.45,60,50398.4,15,0,72270
BANKNIFTY-III.NFO,12/06/2024,09:42:53,50395.75,50391.9,30,50398.4,15,0,72270
BANKNIFTY-III.NFO,12/06/2024,09:42:54,50395.75,50392,30,50398.4,15,0,72270
BANKNIFTY-III.NFO,12/06/2024,09:42:56,50395.75,50392.1,75,50398.4,15,0,72270
BANKNIFTY-III.NFO,12/06/2024,09:42:58,50395.75,50392.85,60,50398.4,15,0,72270
BANKNIFTY-III.NFO,12/06/2024,09:42:59,50400.05,50393.65,60,50423.45,15,180,72270
BANKNIFTY-III.NFO,12/06/2024,09:42:59,50420,50393.65,60,50423.45,15,0,72270
BANKNIFTY-III.NFO,12/06/2024,09:43:01,50400.05,50392.9,15,50423.45,15,0,72270
BANKNIFTY-III.NFO,12/06/2024,09:43:03,50400.05,50392.9,15,50422.3,75,0,72270
BANKNIFTY-III.NFO,12/06/2024,09:43:04,50400.05,50392.9,15,50419.7,15,0,72270
BANKNIFTY-III.NFO,12/06/2024,09:43:06,50400.05,50392.9,15,50419.65,75,0,72270
BANKNIFTY-III.NFO,12/06/2024,09:43:09,50400.05,50389.3,15,50416.15,15,0,72270
BANKNIFTY-III.NFO,12/06/2024,09:43:13,50400.05,50400,15,50416.15,15,0,72270
BANKNIFTY-III.NFO,12/06/2024,09:43:14,50400.05,50400,45,50423.45,30,0,72270
BANKNIFTY-III.NFO,12/06/2024,09:43:19,50400.05,50400.7,120,50423.45,30,0,72270
BANKNIFTY-III.NFO,12/06/2024,09:43:21,50400.05,50400.45,15,50423.45,30,0,72270
BANKNIFTY-III.NFO,12/06/2024,09:43:24,50400.05,50400.05,30,50421.95,15,0,72270
BANKNIFTY-III.NFO,12/06/2024,09:43:26,50400.05,50400.1,60,50423.45,30,0,72270
BANKNIFTY-III.NFO,12/06/2024,09:43:27,50400.05,50400.1,60,50423.4,75,0,72270
BANKNIFTY-III.NFO,12/06/2024,09:43:29,50400.05,50400.05,30,50423.4,75,0,72270
BANKNIFTY-III.NFO,12/06/2024,09:43:30,50400.05,50400.1,60,50423.4,75,0,72270
BANKNIFTY-III.NFO,12/06/2024,09:43:32,50400.05,50400.05,30,50423.4,75,0,72270
BANKNIFTY-III.NFO,12/06/2024,09:43:34,50400.05,50400.1,60,50423.4,75,0,72270
BANKNIFTY-III.NFO,12/06/2024,09:43:37,50400.05,50400.1,75,50423.4,75,0,72270
BANKNIFTY-III.NFO,12/06/2024,09:43:39,50400.05,50400.1,75,50423.45,30,0,72270
BANKNIFTY-III.NFO,12/06/2024,09:43:40,50400.05,50410,15,50423.45,30,0,72270
BANKNIFTY-III.NFO,12/06/2024,09:43:42,50400.05,50410,15,50423.4,75,0,72270
BANKNIFTY-III.NFO,12/06/2024,09:43:44,50410,50400,30,50418.15,90,15,72270
BANKNIFTY-III.NFO,12/06/2024,09:43:45,50410,50400,30,50417.5,15,0,72270
BANKNIFTY-III.NFO,12/06/2024,09:43:47,50410,50400,30,50416.3,15,0,72270
BANKNIFTY-III.NFO,12/06/2024,09:43:49,50410,50400.05,60,50416.3,15,0,72270
BANKNIFTY-III.NFO,12/06/2024,09:43:52,50410,50400.05,75,50420,15,0,72270
BANKNIFTY-III.NFO,12/06/2024,09:43:54,50410,50400.15,60,50420,15,0,72270
BANKNIFTY-III.NFO,12/06/2024,09:43:55,50410,50400.1,60,50420,30,0,72270
BANKNIFTY-III.NFO,12/06/2024,09:43:59,50410,50400.05,75,50420,30,0,72270
BANKNIFTY-III.NFO,12/06/2024,09:44:02,50410,50400.05,60,50420,30,0,72270
BANKNIFTY-III.NFO,12/06/2024,09:44:04,50410,50400.05,75,50420,30,0,72270
BANKNIFTY-III.NFO,12/06/2024,09:44:19,50410,50400.05,75,50420,15,0,72270
BANKNIFTY-III.NFO,12/06/2024,09:44:20,50410,50400.05,75,50420,30,0,72270
BANKNIFTY-III.NFO,12/06/2024,09:44:30,50410,50400.05,60,50420,30,0,72270
BANKNIFTY-III.NFO,12/06/2024,09:44:32,50410,50400.05,60,50410,15,0,72270
BANKNIFTY-III.NFO,12/06/2024,09:44:42,50410,50404.15,60,50410,15,0,72270
BANKNIFTY-III.NFO,12/06/2024,09:44:44,50410,50404.5,60,50420,15,15,72270
BANKNIFTY-III.NFO,12/06/2024,09:44:45,50410,50404.5,60,50420,15,0,72270
BANKNIFTY-III.NFO,12/06/2024,09:44:47,50410,50401,60,50420,30,0,72270
BANKNIFTY-III.NFO,12/06/2024,09:44:49,50410,50403.35,60,50420,15,0,72270
BANKNIFTY-III.NFO,12/06/2024,09:44:50,50410,50400.05,75,50420,90,0,72270
BANKNIFTY-III.NFO,12/06/2024,09:44:52,50410,50402.1,60,50420,75,0,72270
BANKNIFTY-III.NFO,12/06/2024,09:44:53,50410,50403.1,60,50417.9,75,0,72270
BANKNIFTY-III.NFO,12/06/2024,09:44:55,50410,50405,60,50412.8,75,0,72270
BANKNIFTY-III.NFO,12/06/2024,09:44:57,50410,50400.05,60,50411.8,75,0,72270
BANKNIFTY-III.NFO,12/06/2024,09:44:58,50410,50400.05,60,50410.7,75,0,72270
BANKNIFTY-III.NFO,12/06/2024,09:45:00,50410,50400.05,60,50413.55,75,0,72270
BANKNIFTY-III.NFO,12/06/2024,09:45:02,50410,50401.6,75,50413.9,75,0,72270
BANKNIFTY-III.NFO,12/06/2024,09:45:03,50410,50401.3,60,50413.65,75,0,72270
BANKNIFTY-III.NFO,12/06/2024,09:45:05,50410.1,50401.5,60,50412.7,60,15,72270
BANKNIFTY-III.NFO,12/06/2024,09:45:07,50410.1,50401.6,60,50410.85,60,0,72270
BANKNIFTY-III.NFO,12/06/2024,09:45:08,50410.1,50401.8,60,50408.15,60,0,72270
BANKNIFTY-III.NFO,12/06/2024,09:45:10,50410.1,50402,60,50407.7,60,0,72270
BANKNIFTY-III.NFO,12/06/2024,09:45:12,50410.1,50400.45,60,50411,60,0,72270
BANKNIFTY-III.NFO,12/06/2024,09:45:13,50410.1,50400.75,60,50407.45,60,0,72270
BANKNIFTY-III.NFO,12/06/2024,09:45:16,50417.75,50400,30,50415,30,75,72270
BANKNIFTY-III.NFO,12/06/2024,09:45:18,50417.75,50400.2,60,50415,15,0,72270
BANKNIFTY-III.NFO,12/06/2024,09:45:19,50417.75,50402.55,75,50415,15,0,72270
BANKNIFTY-III.NFO,12/06/2024,09:45:21,50417.75,50405.3,75,50415,15,0,72270
BANKNIFTY-III.NFO,12/06/2024,09:45:22,50417.75,50407.6,60,50410,15,0,72270
BANKNIFTY-III.NFO,12/06/2024,09:45:24,50410,50406.8,75,50415,15,15,72270
BANKNIFTY-III.NFO,12/06/2024,09:45:26,50410,50400.35,60,50415,15,0,72270
BANKNIFTY-III.NFO,12/06/2024,09:45:27,50410,50402.35,60,50415,15,0,72270
BANKNIFTY-III.NFO,12/06/2024,09:45:29,50410,50402.9,60,50407.6,15,0,72270
BANKNIFTY-III.NFO,12/06/2024,09:45:31,50410,50403.7,60,50407.6,15,0,72270
BANKNIFTY-III.NFO,12/06/2024,09:45:32,50407.6,50400.05,60,50415,30,15,72870
BANKNIFTY-III.NFO,12/06/2024,09:45:34,50407.6,50400.05,75,50415,15,0,72870
BANKNIFTY-III.NFO,12/06/2024,09:45:40,50407.6,50400,30,50415,30,0,72870
BANKNIFTY-III.NFO,12/06/2024,09:45:44,50407.6,50407.6,15,50415,15,0,72870
BANKNIFTY-III.NFO,12/06/2024,09:45:47,50407.6,50401.45,60,50415,15,15,72870
BANKNIFTY-III.NFO,12/06/2024,09:45:48,50407.6,50402.35,60,50415,15,0,72870
BANKNIFTY-III.NFO,12/06/2024,09:45:50,50420,50407.1,60,50420,60,30,72870
BANKNIFTY-III.NFO,12/06/2024,09:45:52,50420,50410.35,60,50420,60,0,72870
BANKNIFTY-III.NFO,12/06/2024,09:45:53,50420,50410.65,60,50420,60,0,72870
BANKNIFTY-III.NFO,12/06/2024,09:45:55,50420,50414.75,60,50420,60,0,72870
BANKNIFTY-III.NFO,12/06/2024,09:45:57,50420,50407.9,60,50420,60,0,72870
BANKNIFTY-III.NFO,12/06/2024,09:45:58,50420,50411.6,60,50420,60,0,72870
BANKNIFTY-III.NFO,12/06/2024,09:46:00,50445.2,50439,30,50450,105,90,72870
BANKNIFTY-III.NFO,12/06/2024,09:46:00,50445.2,50439,30,50450,105,0,72870
BANKNIFTY-III.NFO,12/06/2024,09:46:02,50439,50423.5,15,50450,105,15,72870
BANKNIFTY-III.NFO,12/06/2024,09:46:03,50439,50423.55,60,50450,105,0,72870
BANKNIFTY-III.NFO,12/06/2024,09:46:06,50425,50423.5,15,50450,105,15,72870
BANKNIFTY-III.NFO,12/06/2024,09:46:08,50425,50423.55,60,50450,105,0,72870
BANKNIFTY-III.NFO,12/06/2024,09:46:10,50425,50425.05,60,50450,120,0,72870
BANKNIFTY-III.NFO,12/06/2024,09:46:11,50425,50425,45,50450,120,0,72870
BANKNIFTY-III.NFO,12/06/2024,09:46:13,50425,50425.05,60,50450,120,0,72870
BANKNIFTY-III.NFO,12/06/2024,09:46:15,50425,50425,15,50450,135,0,72870
BANKNIFTY-III.NFO,12/06/2024,09:46:18,50425,50425.15,60,50450,120,0,72870
BANKNIFTY-III.NFO,12/06/2024,09:46:20,50425,50430.8,60,50450,120,0,72870
BANKNIFTY-III.NFO,12/06/2024,09:46:21,50425,50430.8,60,50450,135,0,72870
BANKNIFTY-III.NFO,12/06/2024,09:46:23,50425,50430.8,60,50450,120,0,72870
BANKNIFTY-III.NFO,12/06/2024,09:46:25,50425,50433.4,60,50450,120,0,72870
BANKNIFTY-III.NFO,12/06/2024,09:46:28,50425,50433.8,75,50450,120,0,72870
BANKNIFTY-III.NFO,12/06/2024,09:46:30,50425,50433.85,60,50450,120,0,72870
BANKNIFTY-III.NFO,12/06/2024,09:46:31,50433.85,50433.85,60,50445,15,15,72870
BANKNIFTY-III.NFO,12/06/2024,09:46:33,50433.85,50429.65,60,50444.95,30,0,72870
BANKNIFTY-III.NFO,12/06/2024,09:46:35,50429.65,50431.05,45,50445,15,60,72870
BANKNIFTY-III.NFO,12/06/2024,09:46:36,50429.65,50431.05,45,50444.95,60,0,72870
BANKNIFTY-III.NFO,12/06/2024,09:46:38,50429.65,50431.45,45,50444.95,60,0,72870
BANKNIFTY-III.NFO,12/06/2024,09:46:40,50431.55,50435.05,15,50445,15,30,72870
BANKNIFTY-III.NFO,12/06/2024,09:46:41,50431.55,50435.05,15,50445,15,0,72870
BANKNIFTY-III.NFO,12/06/2024,09:46:43,50431.55,50435.05,15,50449.95,75,0,72870
BANKNIFTY-III.NFO,12/06/2024,09:46:45,50431.55,50435.05,15,50445.2,60,0,72870
BANKNIFTY-III.NFO,12/06/2024,09:46:47,50431.55,50435.05,15,50445.25,15,0,72870
BANKNIFTY-III.NFO,12/06/2024,09:46:50,50431.55,50435,30,50445.2,60,0,72870
BANKNIFTY-III.NFO,12/06/2024,09:46:52,50431.55,50431.6,30,50449.9,60,0,72870
BANKNIFTY-III.NFO,12/06/2024,09:46:53,50431.55,50431.65,15,50449.95,75,0,72870
BANKNIFTY-III.NFO,12/06/2024,09:46:55,50431.55,50431.65,15,50444.6,15,0,72870
BANKNIFTY-III.NFO,12/06/2024,09:46:57,50431.55,50431.75,15,50444.6,15,0,72870
BANKNIFTY-III.NFO,12/06/2024,09:46:58,50431.55,50440.5,15,50450,270,0,72870
BANKNIFTY-III.NFO,12/06/2024,09:47:00,50431.55,50442.45,15,50450,270,0,72870
BANKNIFTY-III.NFO,12/06/2024,09:47:02,50431.55,50444.65,15,50450,270,0,72870
BANKNIFTY-III.NFO,12/06/2024,09:47:03,50450,50447.7,30,50450,255,15,72870
BANKNIFTY-III.NFO,12/06/2024,09:47:03,50450,50447.7,30,50450,255,0,72870
BANKNIFTY-III.NFO,12/06/2024,09:47:05,50450,50445.7,15,50450,240,15,72870
BANKNIFTY-III.NFO,12/06/2024,09:47:07,50450,50446,30,50450,225,15,72870
BANKNIFTY-III.NFO,12/06/2024,09:47:08,50450,50446.1,15,50450,210,60,72870
BANKNIFTY-III.NFO,12/06/2024,09:47:10,50450,50437,15,50449.95,60,60,72870
BANKNIFTY-III.NFO,12/06/2024,09:47:12,50437,50437.45,15,50450,150,15,72870
BANKNIFTY-III.NFO,12/06/2024,09:47:13,50437,50441.9,30,50450,150,0,72870
BANKNIFTY-III.NFO,12/06/2024,09:47:15,50449.95,50433.55,30,50449.9,60,15,72870
BANKNIFTY-III.NFO,12/06/2024,09:47:17,50449.95,50433.55,30,50449.9,60,0,72870
BANKNIFTY-III.NFO,12/06/2024,09:47:18,50437,50434.05,15,50449.9,60,15,72870
BANKNIFTY-III.NFO,12/06/2024,09:47:20,50433.75,50434.8,30,50449.95,60,15,72870
BANKNIFTY-III.NFO,12/06/2024,09:47:22,50433.75,50441.65,15,50458.5,75,0,72870
BANKNIFTY-III.NFO,12/06/2024,09:47:23,50433.75,50438,30,50456.55,60,0,72870
BANKNIFTY-III.NFO,12/06/2024,09:47:25,50433.75,50438,30,50455,60,0,72870
BANKNIFTY-III.NFO,12/06/2024,09:47:27,50433.75,50438.75,15,50450,15,0,72870
BANKNIFTY-III.NFO,12/06/2024,09:47:28,50433.75,50438.9,30,50450,15,0,72870
BANKNIFTY-III.NFO,12/06/2024,09:47:30,50433.75,50442.45,30,50450,15,0,72870
BANKNIFTY-III.NFO,12/06/2024,09:47:31,50433.75,50443.25,15,50450,15,0,72870
BANKNIFTY-III.NFO,12/06/2024,09:47:33,50450,50451.15,15,50458.55,15,15,72870
BANKNIFTY-III.NFO,12/06/2024,09:47:35,50450,50448.25,30,50458.65,15,0,72870
BANKNIFTY-III.NFO,12/06/2024,09:47:36,50450,50449.95,15,50458.65,15,0,72870
BANKNIFTY-III.NFO,12/06/2024,09:47:38,50450,50447.05,15,50458.7,75,0,72870
BANKNIFTY-III.NFO,12/06/2024,09:47:40,50450,50451.6,15,50458.75,15,0,72870
BANKNIFTY-III.NFO,12/06/2024,09:47:41,50450,50447.75,15,50458.7,60,0,72870
BANKNIFTY-III.NFO,12/06/2024,09:47:45,50450,50447.75,15,50458.7,75,0,72870
BANKNIFTY-III.NFO,12/06/2024,09:47:46,50450,50447.75,15,50458.7,75,15,72870
BANKNIFTY-III.NFO,12/06/2024,09:47:48,50450,50450,15,50458.7,75,0,72870
BANKNIFTY-III.NFO,12/06/2024,09:47:50,50450,50450,15,50457.7,60,0,72870
BANKNIFTY-III.NFO,12/06/2024,09:47:51,50450,50450,15,50455,75,0,72870
BANKNIFTY-III.NFO,12/06/2024,09:47:53,50441,50434.65,15,50455,75,30,72870
BANKNIFTY-III.NFO,12/06/2024,09:47:55,50441,50437.35,15,50452.8,60,0,72870
BANKNIFTY-III.NFO,12/06/2024,09:47:56,50441,50431.55,180,50448.45,60,0,72870
BANKNIFTY-III.NFO,12/06/2024,09:47:58,50441,50436.05,15,50451.65,60,0,72870
BANKNIFTY-III.NFO,12/06/2024,09:48:00,50441,50438.95,15,50452.8,60,0,72870
BANKNIFTY-III.NFO,12/06/2024,09:48:01,50441,50440.45,15,50454.95,60,0,72870
BANKNIFTY-III.NFO,12/06/2024,09:48:03,50441,50438.7,15,50452.55,60,0,72870
BANKNIFTY-III.NFO,12/06/2024,09:48:05,50441,50440.05,90,50455.05,75,0,72870
BANKNIFTY-III.NFO,12/06/2024,09:48:06,50441,50440.05,90,50453.75,75,0,72870
BANKNIFTY-III.NFO,12/06/2024,09:48:08,50441,50440,30,50447.25,75,0,72870
BANKNIFTY-III.NFO,12/06/2024,09:48:10,50440,50433.7,15,50446.9,60,30,72870
BANKNIFTY-III.NFO,12/06/2024,09:48:11,50440,50441.2,15,50453.55,75,0,72870
BANKNIFTY-III.NFO,12/06/2024,09:48:13,50440,50438.9,15,50451.15,75,0,72870
BANKNIFTY-III.NFO,12/06/2024,09:48:14,50440,50439.15,15,50451.15,60,0,72870
BANKNIFTY-III.NFO,12/06/2024,09:48:16,50440,50440.4,15,50452.45,60,0,72870
BANKNIFTY-III.NFO,12/06/2024,09:48:18,50440,50440,30,50451.2,75,0,72870
BANKNIFTY-III.NFO,12/06/2024,09:48:19,50440,50440,30,50449.95,75,0,72870
BANKNIFTY-III.NFO,12/06/2024,09:48:21,50440,50440,30,50449.35,60,0,72870
BANKNIFTY-III.NFO,12/06/2024,09:48:22,50440,50440,30,50451.5,60,0,72870
BANKNIFTY-III.NFO,12/06/2024,09:48:24,50440,50440,30,50450.2,15,0,72870
BANKNIFTY-III.NFO,12/06/2024,09:48:25,50440,50440,30,50450,150,0,72870
BANKNIFTY-III.NFO,12/06/2024,09:48:27,50440,50449.35,90,50450,135,0,72870
BANKNIFTY-III.NFO,12/06/2024,09:48:29,50449.35,50440.4,30,50450,135,90,73005
BANKNIFTY-III.NFO,12/06/2024,09:48:30,50450,50441.85,30,50450,90,45,73005
BANKNIFTY-III.NFO,12/06/2024,09:48:32,50450,50444.85,15,50458.7,15,90,73005
BANKNIFTY-III.NFO,12/06/2024,09:48:34,50458.75,50448.25,15,50461.55,15,30,73005
BANKNIFTY-III.NFO,12/06/2024,09:48:34,50458.75,50448.25,15,50461.55,15,0,73005
BANKNIFTY-III.NFO,12/06/2024,09:48:35,50458.75,50450.5,15,50461.55,15,0,73005
BANKNIFTY-III.NFO,12/06/2024,09:48:37,50458.75,50452.2,15,50461.55,15,0,73005
BANKNIFTY-III.NFO,12/06/2024,09:48:42,50458.75,50450,30,50461.55,15,0,73005
BANKNIFTY-III.NFO,12/06/2024,09:48:43,50458.75,50450,15,50461.55,15,0,73005
BANKNIFTY-III.NFO,12/06/2024,09:48:47,50458.75,50450,15,50461.5,75,0,73005
BANKNIFTY-III.NFO,12/06/2024,09:48:48,50458.75,50450,15,50461.55,30,0,73005
BANKNIFTY-III.NFO,12/06/2024,09:48:50,50458.75,50450,15,50461.5,75,0,73005
BANKNIFTY-III.NFO,12/06/2024,09:48:52,50461.5,50450.05,60,50461.55,30,90,73005
BANKNIFTY-III.NFO,12/06/2024,09:48:52,50461.5,50450.05,60,50461.55,30,0,73005
BANKNIFTY-III.NFO,12/06/2024,09:48:53,50461.5,50450.05,60,50461.45,45,0,73005
BANKNIFTY-III.NFO,12/06/2024,09:48:55,50461.5,50450.05,60,50453.1,15,0,73005
BANKNIFTY-III.NFO,12/06/2024,09:48:57,50461.55,50450.85,60,50465.95,45,15,73005
BANKNIFTY-III.NFO,12/06/2024,09:48:57,50461.55,50450.85,60,50465.95,45,0,73005
BANKNIFTY-III.NFO,12/06/2024,09:48:58,50461.55,50451.15,60,50464.75,45,0,73005
BANKNIFTY-III.NFO,12/06/2024,09:49:00,50461.55,50451.55,60,50466,15,0,73005
BANKNIFTY-III.NFO,12/06/2024,09:49:02,50454.35,50452.5,60,50466,15,30,73005
BANKNIFTY-III.NFO,12/06/2024,09:49:03,50454.4,50450.7,75,50465.95,60,15,73005
BANKNIFTY-III.NFO,12/06/2024,09:49:05,50454.4,50450.9,60,50465.95,60,0,73005
BANKNIFTY-III.NFO,12/06/2024,09:49:07,50454.4,50452.05,75,50466,15,0,73005
BANKNIFTY-III.NFO,12/06/2024,09:49:08,50454.4,50453.65,60,50466,30,0,73005
BANKNIFTY-III.NFO,12/06/2024,09:49:10,50453.85,50453.95,45,50465.95,75,30,73005
BANKNIFTY-III.NFO,12/06/2024,09:49:11,50453.85,50452.5,45,50466,15,0,73005
BANKNIFTY-III.NFO,12/06/2024,09:49:13,50453.85,50455.05,45,50466,15,0,73005
BANKNIFTY-III.NFO,12/06/2024,09:49:14,50453.85,50455.05,45,50465.95,60,0,73005
BANKNIFTY-III.NFO,12/06/2024,09:49:18,50455.75,50456.85,30,50466,15,15,73005
BANKNIFTY-III.NFO,12/06/2024,09:49:19,50455.75,50457.7,45,50466,15,0,73005
BANKNIFTY-III.NFO,12/06/2024,09:49:21,50455.75,50457.3,30,50466,15,0,73005
BANKNIFTY-III.NFO,12/06/2024,09:49:23,50455.75,50455.25,30,50457.3,45,0,73005
BANKNIFTY-III.NFO,12/06/2024,09:49:24,50457.3,50456.65,135,50465.95,60,45,73005
BANKNIFTY-III.NFO,12/06/2024,09:49:26,50457.3,50455,15,50465.95,75,0,73005
BANKNIFTY-III.NFO,12/06/2024,09:49:28,50457.3,50455,15,50464.8,75,0,73005
BANKNIFTY-III.NFO,12/06/2024,09:49:29,50457.3,50455,15,50463.65,60,0,73005
BANKNIFTY-III.NFO,12/06/2024,09:49:34,50457.3,50457.3,30,50463.65,60,0,73005
BANKNIFTY-III.NFO,12/06/2024,09:49:43,50457.3,50457.3,15,50458.3,60,15,73005
BANKNIFTY-III.NFO,12/06/2024,09:49:44,50457.3,50457.3,15,50461.6,60,0,73005
BANKNIFTY-III.NFO,12/06/2024,09:49:46,50457.3,50457.3,15,50458.6,75,0,73005
BANKNIFTY-III.NFO,12/06/2024,09:49:48,50457.3,50457.3,15,50461.6,60,0,73005
BANKNIFTY-III.NFO,12/06/2024,09:49:49,50457.3,50457.3,15,50459.85,75,0,73005
BANKNIFTY-III.NFO,12/06/2024,09:49:51,50457.3,50455,15,50458.8,75,15,73005
BANKNIFTY-III.NFO,12/06/2024,09:49:52,50457.3,50455,15,50462.9,60,0,73005
BANKNIFTY-III.NFO,12/06/2024,09:49:54,50457.3,50446.65,30,50462.9,60,0,73005
BANKNIFTY-III.NFO,12/06/2024,09:49:56,50457.3,50447,45,50462.95,75,0,73005
BANKNIFTY-III.NFO,12/06/2024,09:49:57,50457.3,50451.05,30,50463,15,0,73005
BANKNIFTY-III.NFO,12/06/2024,09:49:59,50457.3,50452.05,45,50463,15,0,73005
BANKNIFTY-III.NFO,12/06/2024,09:50:01,50457.3,50453.45,30,50463,15,0,73005
BANKNIFTY-III.NFO,12/06/2024,09:50:02,50457.3,50454.35,45,50463,15,0,73005
BANKNIFTY-III.NFO,12/06/2024,09:50:04,50457.3,50445.5,30,50462.95,75,0,73005
BANKNIFTY-III.NFO,12/06/2024,09:50:06,50457.3,50445.9,30,50461.15,75,0,73005
BANKNIFTY-III.NFO,12/06/2024,09:50:07,50457.3,50446.3,30,50460.05,60,0,73005
BANKNIFTY-III.NFO,12/06/2024,09:50:09,50457.3,50441.3,30,50459.1,75,0,73005
BANKNIFTY-III.NFO,12/06/2024,09:50:11,50457.3,50444.9,45,50460.5,60,0,73005
BANKNIFTY-III.NFO,12/06/2024,09:50:12,50457.3,50446.5,30,50462.95,75,0,73005
BANKNIFTY-III.NFO,12/06/2024,09:50:14,50457.3,50448.05,45,50462.95,60,0,73005
BANKNIFTY-III.NFO,12/06/2024,09:50:15,50457.3,50449.35,45,50457.3,30,0,73005
BANKNIFTY-III.NFO,12/06/2024,09:50:17,50457.3,50451.3,30,50457.3,30,0,73005
BANKNIFTY-III.NFO,12/06/2024,09:50:19,50457.3,50454.7,45,50463,15,30,73005
BANKNIFTY-III.NFO,12/06/2024,09:50:20,50457.3,50455.4,45,50463,15,0,73005
BANKNIFTY-III.NFO,12/06/2024,09:50:22,50457.3,50457.1,30,50463,15,0,73005
BANKNIFTY-III.NFO,12/06/2024,09:50:24,50463,50460.35,45,50466,15,15,73005
BANKNIFTY-III.NFO,12/06/2024,09:50:24,50463,50460.35,45,50466,15,0,73005
BANKNIFTY-III.NFO,12/06/2024,09:50:25,50463,50460.85,30,50466,15,0,73005
BANKNIFTY-III.NFO,12/06/2024,09:50:27,50463,50461.05,30,50466,15,0,73005
BANKNIFTY-III.NFO,12/06/2024,09:50:29,50480,50467.15,30,50479.95,60,180,73005
BANKNIFTY-III.NFO,12/06/2024,09:50:29,50480,50467.15,30,50479.95,60,0,73005
BANKNIFTY-III.NFO,12/06/2024,09:50:30,50480,50467.9,30,50480,90,0,73005
BANKNIFTY-III.NFO,12/06/2024,09:50:32,50480,50469.65,45,50480,90,0,73005
BANKNIFTY-III.NFO,12/06/2024,09:50:34,50480,50467.25,30,50480,75,15,73005
BANKNIFTY-III.NFO,12/06/2024,09:50:35,50480,50466.9,45,50479.95,60,0,73005
BANKNIFTY-III.NFO,12/06/2024,09:50:37,50480,50470,30,50480,75,0,73005
BANKNIFTY-III.NFO,12/06/2024,09:50:39,50480,50472.75,30,50480,60,15,73005
BANKNIFTY-III.NFO,12/06/2024,09:50:40,50478.65,50471.7,45,50480,75,45,73005
BANKNIFTY-III.NFO,12/06/2024,09:50:42,50480.65,50475,30,50485,45,90,73005
BANKNIFTY-III.NFO,12/06/2024,09:50:42,50480.65,50475,30,50485,45,0,73005
BANKNIFTY-III.NFO,12/06/2024,09:50:44,50480.65,50475.95,30,50485,45,0,73005
BANKNIFTY-III.NFO,12/06/2024,09:50:45,50480.65,50480,15,50485,45,0,73005
BANKNIFTY-III.NFO,12/06/2024,09:50:47,50480.65,50480.35,30,50485,45,0,73005
BANKNIFTY-III.NFO,12/06/2024,09:50:49,50480.65,50481.4,15,50485,45,0,73005
BANKNIFTY-III.NFO,12/06/2024,09:50:50,50480.65,50480.2,30,50485,45,0,73005
BANKNIFTY-III.NFO,12/06/2024,09:50:52,50480.65,50482.3,30,50485,45,0,73005
BANKNIFTY-III.NFO,12/06/2024,09:50:53,50480.65,50481.05,30,50485,45,0,73005
BANKNIFTY-III.NFO,12/06/2024,09:50:55,50485,50482.45,30,50485,15,30,73005
BANKNIFTY-III.NFO,12/06/2024,09:50:55,50485,50482.45,30,50485,15,0,73005
BANKNIFTY-III.NFO,12/06/2024,09:50:57,50490,50484.45,30,50493,15,45,73005
BANKNIFTY-III.NFO,12/06/2024,09:50:57,50490,50484.45,30,50493,15,0,73005
BANKNIFTY-III.NFO,12/06/2024,09:50:58,50490,50484.6,30,50493,15,0,73005
BANKNIFTY-III.NFO,12/06/2024,09:51:00,50490,50484.5,30,50493,15,0,73005
BANKNIFTY-III.NFO,12/06/2024,09:51:02,50493,50486.2,30,50495,15,15,73005
BANKNIFTY-III.NFO,12/06/2024,09:51:02,50493,50486.2,30,50495,15,0,73005
BANKNIFTY-III.NFO,12/06/2024,09:51:03,50495,50486.3,30,50497.1,60,15,73005
BANKNIFTY-III.NFO,12/06/2024,09:51:03,50495,50486.3,30,50497.1,60,0,73005
BANKNIFTY-III.NFO,12/06/2024,09:51:05,50495,50487.7,75,50497.1,60,0,73005
BANKNIFTY-III.NFO,12/06/2024,09:51:07,50484.6,50485.15,30,50497.1,60,15,73005
BANKNIFTY-III.NFO,12/06/2024,09:51:08,50486.95,50487.65,15,50497.15,15,15,73005
BANKNIFTY-III.NFO,12/06/2024,09:51:10,50486.95,50487.95,15,50497.1,60,0,73005
BANKNIFTY-III.NFO,12/06/2024,09:51:12,50486.95,50490,15,50497.1,75,0,73005
BANKNIFTY-III.NFO,12/06/2024,09:51:13,50486.95,50490,15,50497.1,60,0,73005
BANKNIFTY-III.NFO,12/06/2024,09:51:16,50486.95,50490,15,50497.1,75,0,73005
BANKNIFTY-III.NFO,12/06/2024,09:51:17,50486.95,50490,15,50495.4,75,0,73005
BANKNIFTY-III.NFO,12/06/2024,09:51:19,50495.4,50490,15,50497.1,60,60,73005
BANKNIFTY-III.NFO,12/06/2024,09:51:19,50495.4,50490,15,50497.1,60,0,73005
BANKNIFTY-III.NFO,12/06/2024,09:51:21,50495.4,50490,15,50497.15,15,0,73005
BANKNIFTY-III.NFO,12/06/2024,09:51:22,50495.4,50490.25,15,50497.15,15,0,73005
BANKNIFTY-III.NFO,12/06/2024,09:51:24,50495.4,50491.55,15,50497.15,15,0,73005
BANKNIFTY-III.NFO,12/06/2024,09:51:26,50495.4,50490,15,50494.95,45,0,73005
BANKNIFTY-III.NFO,12/06/2024,09:51:32,50495.4,50490,15,50494.95,60,0,73005
BANKNIFTY-III.NFO,12/06/2024,09:51:37,50490,50479.95,60,50493,60,15,73515
BANKNIFTY-III.NFO,12/06/2024,09:51:39,50490,50476.4,60,50488.35,45,0,73515
BANKNIFTY-III.NFO,12/06/2024,09:51:41,50490,50473.6,60,50487.25,45,0,73515
BANKNIFTY-III.NFO,12/06/2024,09:51:42,50490,50474.1,75,50491.2,45,0,73515
BANKNIFTY-III.NFO,12/06/2024,09:51:44,50490,50471.5,75,50491.2,45,0,73515
BANKNIFTY-III.NFO,12/06/2024,09:51:46,50490,50469.6,75,50491.2,45,0,73515
BANKNIFTY-III.NFO,12/06/2024,09:51:47,50490,50471.3,75,50491.2,45,0,73515
BANKNIFTY-III.NFO,12/06/2024,09:51:49,50490,50472.9,60,50491.2,45,0,73515
BANKNIFTY-III.NFO,12/06/2024,09:51:51,50490,50473.25,60,50491.2,45,0,73515
BANKNIFTY-III.NFO,12/06/2024,09:51:52,50490,50477.25,60,50493.8,45,0,73515
BANKNIFTY-III.NFO,12/06/2024,09:51:54,50490,50479.75,60,50494.95,60,0,73515
BANKNIFTY-III.NFO,12/06/2024,09:51:56,50490,50480.55,60,50494.95,45,0,73515
BANKNIFTY-III.NFO,12/06/2024,09:51:57,50490,50482,60,50490,15,0,73515
BANKNIFTY-III.NFO,12/06/2024,09:51:59,50490,50483.3,60,50490,15,0,73515
BANKNIFTY-III.NFO,12/06/2024,09:52:01,50490,50486.1,75,50490,15,0,73515
BANKNIFTY-III.NFO,12/06/2024,09:52:02,50490,50486.3,60,50495,15,15,73515
BANKNIFTY-III.NFO,12/06/2024,09:52:04,50490,50486.2,60,50495,15,0,73515
BANKNIFTY-III.NFO,12/06/2024,09:52:06,50490,50486.4,60,50495,15,0,73515
BANKNIFTY-III.NFO,12/06/2024,09:52:07,50490,50487.5,60,50495,15,0,73515
BANKNIFTY-III.NFO,12/06/2024,09:52:09,50490,50484.15,60,50495,15,0,73515
BANKNIFTY-III.NFO,12/06/2024,09:52:11,50490,50485.85,75,50495,15,0,73515
BANKNIFTY-III.NFO,12/06/2024,09:52:12,50490,50485.1,60,50495,15,0,73515
BANKNIFTY-III.NFO,12/06/2024,09:52:15,50490,50484.3,60,50490,30,0,73515
