Ticker,Date,Time,LTP,BuyPrice,BuyQty,SellPrice,SellQty,LTQ,OpenInterest
NIFTY-I.NFO,12/06/2024,09:15:00,23321.65,23319.9,250,23321.15,150,2775,12274125
NIFTY-I.NFO,12/06/2024,09:15:00,23321.65,23319.9,250,23321.15,150,0,12274125
NIFTY-I.NFO,12/06/2024,09:15:00,23321.65,23319.9,250,23321.15,150,0,12274125
NIFTY-I.NFO,12/06/2024,09:15:00,23303.3,23319.9,250,23321.15,150,0,12274125
NIFTY-I.NFO,12/06/2024,09:15:01,23330,23322.9,100,23330,125,11650,12274125
NIFTY-I.NFO,12/06/2024,09:15:01,23335.15,23322.9,100,23330,125,0,12274125
NIFTY-I.NFO,12/06/2024,09:15:03,23320.35,23315.95,100,23320.35,75,4000,12274125
NIFTY-I.NFO,12/06/2024,09:15:04,23328.1,23328.1,675,23330,75,4200,12274125
NIFTY-I.NFO,12/06/2024,09:15:06,23338,23338,175,23338.85,50,2700,12274125
NIFTY-I.NFO,12/06/2024,09:15:06,23338,23338,175,23338.85,50,0,12274125
NIFTY-I.NFO,12/06/2024,09:15:07,23322.25,23322.25,100,23330.05,100,2200,12274125
NIFTY-I.NFO,12/06/2024,09:15:07,23338.85,23322.25,100,23330.05,100,0,12274125
NIFTY-I.NFO,12/06/2024,09:15:09,23322.05,23322.15,100,23328.1,100,3050,12274125
NIFTY-I.NFO,12/06/2024,09:15:10,23322.15,23320,75,23322.25,25,1725,12274125
NIFTY-I.NFO,12/06/2024,09:15:12,23317.55,23313.85,75,23317.55,225,4600,12274125
NIFTY-I.NFO,12/06/2024,09:15:14,23314.6,23314.85,50,23317.55,75,1200,12274125
NIFTY-I.NFO,12/06/2024,09:15:15,23318.75,23313.9,100,23318.5,25,1525,12274125
NIFTY-I.NFO,12/06/2024,09:15:17,23320.85,23316.15,25,23320.95,25,3725,12274125
NIFTY-I.NFO,12/06/2024,09:15:18,23321.55,23316.75,75,23321.6,25,2175,12274125
NIFTY-I.NFO,12/06/2024,09:15:20,23323.2,23321,25,23322.7,175,3200,12274125
NIFTY-I.NFO,12/06/2024,09:15:22,23324.3,23321.4,325,23325,25,2275,12274125
NIFTY-I.NFO,12/06/2024,09:15:23,23328.55,23326,125,23328.75,25,3250,12274125
NIFTY-I.NFO,12/06/2024,09:15:25,23329.7,23326.8,500,23329.7,175,5775,12274125
NIFTY-I.NFO,12/06/2024,09:15:27,23328,23326.15,500,23328,150,1375,12267675
NIFTY-I.NFO,12/06/2024,09:15:28,23330.75,23329.7,100,23330.75,25,825,12267675
NIFTY-I.NFO,12/06/2024,09:15:30,23329.7,23329.7,75,23332,25,1250,12267675
NIFTY-I.NFO,12/06/2024,09:15:31,23326.3,23326.3,25,23330,525,875,12267675
NIFTY-I.NFO,12/06/2024,09:15:33,23330.1,23326.25,50,23329.7,100,3125,12267675
NIFTY-I.NFO,12/06/2024,09:15:35,23330.55,23328.2,25,23331.95,50,1675,12267675
NIFTY-I.NFO,12/06/2024,09:15:36,23330.6,23330.5,25,23334.45,100,1775,12267675
NIFTY-I.NFO,12/06/2024,09:15:38,23330.35,23330.7,150,23335.05,25,1800,12267675
NIFTY-I.NFO,12/06/2024,09:15:40,23335,23332.05,175,23336.1,100,1875,12267675
NIFTY-I.NFO,12/06/2024,09:15:41,23336.1,23336.55,50,23337.4,25,1900,12267675
NIFTY-I.NFO,12/06/2024,09:15:43,23336.1,23336.1,725,23336.55,25,325,12267675
NIFTY-I.NFO,12/06/2024,09:15:44,23338,23337.65,350,23339,550,1075,12267675
NIFTY-I.NFO,12/06/2024,09:15:46,23339.5,23339.7,25,23340,1925,5875,12267675
NIFTY-I.NFO,12/06/2024,09:15:46,23340,23339.7,25,23340,1925,0,12267675
NIFTY-I.NFO,12/06/2024,09:15:48,23339.95,23336.05,25,23339.95,50,1425,12267675
NIFTY-I.NFO,12/06/2024,09:15:49,23337.15,23337.2,100,23340,800,1875,12267675
NIFTY-I.NFO,12/06/2024,09:15:51,23342,23340,75,23342,50,1125,12267675
NIFTY-I.NFO,12/06/2024,09:15:51,23342,23340,75,23342,50,0,12267675
NIFTY-I.NFO,12/06/2024,09:15:53,23340.4,23340.4,50,23345,75,975,12267675
NIFTY-I.NFO,12/06/2024,09:15:53,23345,23340.4,50,23345,75,0,12267675
NIFTY-I.NFO,12/06/2024,09:15:54,23341.35,23342.45,50,23344.95,25,425,12267675
NIFTY-I.NFO,12/06/2024,09:15:54,23346,23342.45,50,23344.95,25,0,12267675
NIFTY-I.NFO,12/06/2024,09:15:56,23346.35,23342.25,175,23346.35,25,700,12267675
NIFTY-I.NFO,12/06/2024,09:15:56,23346.35,23342.25,175,23346.35,25,0,12267675
NIFTY-I.NFO,12/06/2024,09:15:57,23347.65,23343.25,150,23347.65,25,1050,12267675
NIFTY-I.NFO,12/06/2024,09:15:57,23347.8,23343.25,150,23347.65,25,0,12267675
NIFTY-I.NFO,12/06/2024,09:15:59,23343.3,23343.6,50,23346,350,375,12267675
NIFTY-I.NFO,12/06/2024,09:16:01,23343,23340,375,23343,75,950,12267675
NIFTY-I.NFO,12/06/2024,09:16:02,23336.8,23336.8,125,23339.5,25,2275,12267675
NIFTY-I.NFO,12/06/2024,09:16:04,23342.55,23337.95,125,23342.8,25,1700,12267675
NIFTY-I.NFO,12/06/2024,09:16:06,23336.85,23336.8,150,23340,75,975,12267675
NIFTY-I.NFO,12/06/2024,09:16:07,23338.35,23337,100,23339.95,300,550,12267675
NIFTY-I.NFO,12/06/2024,09:16:09,23339.3,23339.3,150,23340,425,1000,12267675
NIFTY-I.NFO,12/06/2024,09:16:11,23339.95,23339.95,825,23340,225,2175,12267675
NIFTY-I.NFO,12/06/2024,09:16:12,23340,23340,650,23341.3,125,3125,12267675
NIFTY-I.NFO,12/06/2024,09:16:14,23340,23340,625,23340.95,25,575,12267675
NIFTY-I.NFO,12/06/2024,09:16:16,23340.95,23340.95,125,23342,475,500,12267675
NIFTY-I.NFO,12/06/2024,09:16:17,23342,23340,175,23342,200,750,12267675
NIFTY-I.NFO,12/06/2024,09:16:19,23340.7,23340.7,25,23344.4,25,1250,12267675
NIFTY-I.NFO,12/06/2024,09:16:20,23340.55,23340.95,25,23345,475,2950,12267675
NIFTY-I.NFO,12/06/2024,09:16:22,23341,23340.35,25,23344,550,625,12267675
NIFTY-I.NFO,12/06/2024,09:16:24,23341.9,23342.65,50,23345,450,1100,12267675
NIFTY-I.NFO,12/06/2024,09:16:25,23346,23345,50,23346,150,1525,12267675
NIFTY-I.NFO,12/06/2024,09:16:27,23346.1,23342.85,250,23346.1,1575,1600,12267675
NIFTY-I.NFO,12/06/2024,09:16:29,23346.1,23342.9,175,23346.1,1475,950,12267675
NIFTY-I.NFO,12/06/2024,09:16:30,23343,23343.4,325,23346.05,25,2000,12267675
NIFTY-I.NFO,12/06/2024,09:16:32,23343.25,23342,300,23343.6,100,200,12267675
NIFTY-I.NFO,12/06/2024,09:16:33,23344.3,23340.4,100,23344.35,75,850,12267675
NIFTY-I.NFO,12/06/2024,09:16:35,23340.2,23341.1,200,23345,325,1575,12267675
NIFTY-I.NFO,12/06/2024,09:16:37,23342.9,23341.85,200,23345,675,950,12267675
NIFTY-I.NFO,12/06/2024,09:16:38,23342.95,23342.1,225,23342.95,2375,1300,12267675
NIFTY-I.NFO,12/06/2024,09:16:40,23342.2,23342.2,150,23344.95,150,2550,12267675
NIFTY-I.NFO,12/06/2024,09:16:41,23343,23343,200,23344,25,825,12267675
NIFTY-I.NFO,12/06/2024,09:16:43,23342.9,23342,50,23342.85,25,225,12267675
NIFTY-I.NFO,12/06/2024,09:16:45,23343,23342.05,25,23343,50,200,12267675
NIFTY-I.NFO,12/06/2024,09:16:46,23342,23342.05,25,23343,75,2575,12267675
NIFTY-I.NFO,12/06/2024,09:16:48,23341.95,23340.4,75,23341.95,100,100,12267675
NIFTY-I.NFO,12/06/2024,09:16:49,23338.3,23338.05,125,23341.8,25,1000,12267675
NIFTY-I.NFO,12/06/2024,09:16:51,23338.1,23338.15,125,23341.55,25,125,12267675
NIFTY-I.NFO,12/06/2024,09:16:53,23340,23338.2,175,23341.5,75,975,12267675
NIFTY-I.NFO,12/06/2024,09:16:54,23338.1,23340.05,125,23341.5,25,475,12267675
NIFTY-I.NFO,12/06/2024,09:16:56,23340,23340,1075,23341.35,25,800,12267675
NIFTY-I.NFO,12/06/2024,09:16:58,23338.35,23337.9,125,23339.95,25,1225,12267675
NIFTY-I.NFO,12/06/2024,09:16:59,23340.4,23340.5,100,23342.95,100,1075,12267675
NIFTY-I.NFO,12/06/2024,09:17:01,23342.35,23338.25,200,23340.1,125,575,12267675
NIFTY-I.NFO,12/06/2024,09:17:02,23342.4,23338.3,25,23341.95,25,1875,12267675
NIFTY-I.NFO,12/06/2024,09:17:04,23342,23339.05,225,23342.85,25,225,12267675
NIFTY-I.NFO,12/06/2024,09:17:06,23342,23339.9,200,23342,125,150,12267675
NIFTY-I.NFO,12/06/2024,09:17:07,23340.65,23340.55,175,23342,25,500,12267675
NIFTY-I.NFO,12/06/2024,09:17:09,23340.6,23340,125,23340.55,600,525,12267675
NIFTY-I.NFO,12/06/2024,09:17:11,23340.55,23338.65,400,23340.55,475,275,12267675
NIFTY-I.NFO,12/06/2024,09:17:12,23340.55,23338.75,250,23342,25,3300,12267675
NIFTY-I.NFO,12/06/2024,09:17:14,23338.65,23338.8,125,23342.35,100,1475,12267675
NIFTY-I.NFO,12/06/2024,09:17:16,23341,23339,200,23339.85,50,200,12267675
NIFTY-I.NFO,12/06/2024,09:17:17,23340.6,23340,50,23341.95,100,250,12267675
NIFTY-I.NFO,12/06/2024,09:17:19,23335.8,23336.6,25,23338.95,25,325,12267675
NIFTY-I.NFO,12/06/2024,09:17:20,23335,23335,125,23338.2,25,125,12267675
NIFTY-I.NFO,12/06/2024,09:17:22,23336.05,23334.9,225,23336.6,2475,1925,12267675
NIFTY-I.NFO,12/06/2024,09:17:24,23336.6,23334.8,225,23336.6,2425,375,12267675
NIFTY-I.NFO,12/06/2024,09:17:25,23335.2,23335,75,23336.6,1875,775,12267675
NIFTY-I.NFO,12/06/2024,09:17:27,23335,23334.3,225,23336.6,1825,325,12267675
NIFTY-I.NFO,12/06/2024,09:17:29,23336.45,23336.1,100,23340,200,2350,12267675
NIFTY-I.NFO,12/06/2024,09:17:30,23336.65,23336.6,125,23340,225,250,12267675
NIFTY-I.NFO,12/06/2024,09:17:32,23336.45,23336.35,225,23339.9,100,850,12267675
NIFTY-I.NFO,12/06/2024,09:17:34,23336.65,23335.1,25,23339.4,50,825,12267675
NIFTY-I.NFO,12/06/2024,09:17:35,23336.65,23335.7,175,23339.4,300,500,12267675
NIFTY-I.NFO,12/06/2024,09:17:37,23339.95,23337.1,100,23339,25,350,12267675
NIFTY-I.NFO,12/06/2024,09:17:38,23340.75,23337.1,150,23340.8,25,1050,12267675
NIFTY-I.NFO,12/06/2024,09:17:40,23340.8,23337.6,100,23341.8,25,500,12267675
NIFTY-I.NFO,12/06/2024,09:17:42,23337.65,23338.1,225,23340,100,450,12267675
NIFTY-I.NFO,12/06/2024,09:17:43,23337.6,23338,125,23341.1,125,575,12267675
NIFTY-I.NFO,12/06/2024,09:17:45,23335.55,23335.75,125,23339.55,50,125,12267675
NIFTY-I.NFO,12/06/2024,09:17:46,23335.05,23335,400,23338.45,200,125,12267675
NIFTY-I.NFO,12/06/2024,09:17:48,23333,23334.85,225,23339.2,25,1300,12267675
NIFTY-I.NFO,12/06/2024,09:17:50,23335.05,23333.6,225,23338,25,300,12267675
NIFTY-I.NFO,12/06/2024,09:17:51,23338.6,23335.1,250,23338.4,25,125,12267675
NIFTY-I.NFO,12/06/2024,09:17:53,23335.55,23335.55,75,23337.55,225,300,12267675
NIFTY-I.NFO,12/06/2024,09:17:55,23335.05,23334.3,300,23337.5,25,175,12267675
NIFTY-I.NFO,12/06/2024,09:17:56,23333.9,23335.55,25,23337.05,100,2250,12267675
NIFTY-I.NFO,12/06/2024,09:17:58,23338.25,23335,600,23337.75,25,325,12267675
NIFTY-I.NFO,12/06/2024,09:17:59,23335,23335,375,23335.55,275,375,12267675
NIFTY-I.NFO,12/06/2024,09:18:01,23338.35,23335.5,275,23338.35,25,525,12267675
NIFTY-I.NFO,12/06/2024,09:18:03,23335.85,23335.65,150,23338.25,25,150,12267675
NIFTY-I.NFO,12/06/2024,09:18:04,23336.3,23333.85,125,23337.6,75,200,12267675
NIFTY-I.NFO,12/06/2024,09:18:06,23336.3,23333.9,75,23336.7,275,0,12267675
NIFTY-I.NFO,12/06/2024,09:18:08,23334,23333.7,100,23335.5,25,50,12267675
NIFTY-I.NFO,12/06/2024,09:18:09,23335.7,23333.05,200,23335.95,325,175,12267675
NIFTY-I.NFO,12/06/2024,09:18:11,23333,23333,75,23333.65,200,100,12267675
NIFTY-I.NFO,12/06/2024,09:18:12,23333.45,23331,325,23333.8,125,775,12267675
NIFTY-I.NFO,12/06/2024,09:18:14,23335,23335,25,23335.65,125,400,12267675
NIFTY-I.NFO,12/06/2024,09:18:16,23332.4,23332.4,125,23335.6,50,375,12267675
NIFTY-I.NFO,12/06/2024,09:18:17,23335.6,23333,25,23335.1,125,125,12267675
NIFTY-I.NFO,12/06/2024,09:18:19,23335,23333,200,23335,25,425,12267675
NIFTY-I.NFO,12/06/2024,09:18:21,23335.3,23333.05,300,23335.3,50,575,12267675
NIFTY-I.NFO,12/06/2024,09:18:22,23334.65,23333.1,25,23334.75,125,325,12267675
NIFTY-I.NFO,12/06/2024,09:18:24,23336.7,23335.15,325,23336.75,200,450,12267675
NIFTY-I.NFO,12/06/2024,09:18:25,23335.8,23335.05,275,23336.3,125,925,12267675
NIFTY-I.NFO,12/06/2024,09:18:27,23331.65,23331.7,200,23335,1200,375,12267675
NIFTY-I.NFO,12/06/2024,09:18:29,23334.45,23334.5,275,23337.4,25,1300,12274300
NIFTY-I.NFO,12/06/2024,09:18:30,23336.45,23334.6,175,23336.55,250,25,12274300
NIFTY-I.NFO,12/06/2024,09:18:32,23334.45,23333.1,275,23334,500,175,12274300
NIFTY-I.NFO,12/06/2024,09:18:33,23335.05,23335.05,275,23337.8,25,775,12274300
NIFTY-I.NFO,12/06/2024,09:18:35,23338.25,23338,1000,23338.4,100,275,12274300
NIFTY-I.NFO,12/06/2024,09:18:37,23338.75,23338.05,125,23339,25,350,12274300
NIFTY-I.NFO,12/06/2024,09:18:38,23341,23339.9,300,23341.5,75,1025,12274300
NIFTY-I.NFO,12/06/2024,09:18:40,23341.05,23338.05,250,23338.95,25,350,12274300
NIFTY-I.NFO,12/06/2024,09:18:42,23338,23338,1075,23340.3,125,225,12274300
NIFTY-I.NFO,12/06/2024,09:18:43,23339,23338.55,25,23340.05,25,375,12274300
NIFTY-I.NFO,12/06/2024,09:18:45,23340.3,23340,150,23340.75,450,250,12274300
NIFTY-I.NFO,12/06/2024,09:18:46,23340.65,23339.05,150,23341,75,1775,12274300
NIFTY-I.NFO,12/06/2024,09:18:48,23342,23339.65,175,23342,225,1750,12274300
NIFTY-I.NFO,12/06/2024,09:18:50,23341.5,23339.65,150,23341.55,25,925,12274300
NIFTY-I.NFO,12/06/2024,09:18:51,23339.6,23339.05,100,23339.85,100,625,12274300
NIFTY-I.NFO,12/06/2024,09:18:53,23338.8,23338.5,475,23339.05,225,775,12274300
NIFTY-I.NFO,12/06/2024,09:18:55,23339.75,23338.6,275,23340,75,150,12274300
NIFTY-I.NFO,12/06/2024,09:18:56,23341.65,23340.05,175,23341.4,125,200,12274300
NIFTY-I.NFO,12/06/2024,09:18:58,23339.45,23339.45,175,23341.3,125,900,12274300
NIFTY-I.NFO,12/06/2024,09:18:59,23339.55,23339.55,175,23341.7,25,500,12274300
NIFTY-I.NFO,12/06/2024,09:19:01,23339.5,23339.4,100,23340.35,125,625,12274300
NIFTY-I.NFO,12/06/2024,09:19:03,23339.5,23339.45,300,23339.95,25,200,12274300
NIFTY-I.NFO,12/06/2024,09:19:04,23339.55,23336.75,175,23339.65,125,1675,12274300
NIFTY-I.NFO,12/06/2024,09:19:06,23338.85,23336.9,275,23339.6,25,375,12274300
NIFTY-I.NFO,12/06/2024,09:19:08,23339.6,23337.7,225,23339.85,25,300,12274300
NIFTY-I.NFO,12/06/2024,09:19:09,23338.8,23338.8,150,23340,650,100,12274300
NIFTY-I.NFO,12/06/2024,09:19:11,23335.3,23335.3,450,23338.85,250,1375,12274300
NIFTY-I.NFO,12/06/2024,09:19:13,23335.4,23335.4,275,23338,25,125,12274300
NIFTY-I.NFO,12/06/2024,09:19:14,23339.6,23335.6,200,23338,250,2350,12274300
NIFTY-I.NFO,12/06/2024,09:19:16,23338,23335.5,125,23338,150,175,12274300
NIFTY-I.NFO,12/06/2024,09:19:17,23337.65,23337.65,150,23338.75,25,250,12274300
NIFTY-I.NFO,12/06/2024,09:19:19,23339.15,23337.75,225,23339.15,25,150,12274300
NIFTY-I.NFO,12/06/2024,09:19:20,23339.15,23338.75,300,23339.15,25,0,12274300
NIFTY-I.NFO,12/06/2024,09:19:22,23338.85,23338.85,300,23340,125,225,12274300
NIFTY-I.NFO,12/06/2024,09:19:24,23338.85,23337.55,100,23339.15,25,325,12274300
NIFTY-I.NFO,12/06/2024,09:19:25,23338.85,23337.55,50,23338.3,125,175,12274300
NIFTY-I.NFO,12/06/2024,09:19:27,23338,23337,300,23337.7,125,550,12274300
NIFTY-I.NFO,12/06/2024,09:19:28,23336.05,23336.05,225,23337,50,550,12274300
NIFTY-I.NFO,12/06/2024,09:19:30,23336.1,23336.05,275,23337.55,125,250,12274300
NIFTY-I.NFO,12/06/2024,09:19:32,23339,23337.35,75,23337.65,125,1125,12274300
NIFTY-I.NFO,12/06/2024,09:19:33,23338,23336.1,275,23338.45,250,500,12274300
NIFTY-I.NFO,12/06/2024,09:19:35,23337.7,23337.25,100,23338.2,175,625,12274300
NIFTY-I.NFO,12/06/2024,09:19:36,23337.45,23337.45,275,23338.1,25,300,12274300
NIFTY-I.NFO,12/06/2024,09:19:38,23337.55,23337.55,300,23338.5,425,150,12274300
NIFTY-I.NFO,12/06/2024,09:19:40,23335,23335.05,100,23337.15,175,975,12274300
NIFTY-I.NFO,12/06/2024,09:19:41,23340,23337.7,225,23340,775,1100,12274300
NIFTY-I.NFO,12/06/2024,09:19:43,23339.25,23339.25,225,23341.95,25,1075,12274300
NIFTY-I.NFO,12/06/2024,09:19:44,23340.3,23340.3,300,23341.95,25,25,12274300
NIFTY-I.NFO,12/06/2024,09:19:46,23340.35,23340.05,300,23342,125,125,12274300
NIFTY-I.NFO,12/06/2024,09:19:48,23340.35,23340.35,300,23342,50,175,12274300
NIFTY-I.NFO,12/06/2024,09:19:49,23342.35,23342.35,300,23344,375,425,12274300
NIFTY-I.NFO,12/06/2024,09:19:51,23344,23342.45,100,23344,250,325,12274300
NIFTY-I.NFO,12/06/2024,09:19:52,23342.5,23341,1100,23342.95,175,375,12274300
NIFTY-I.NFO,12/06/2024,09:19:54,23342,23342,350,23344,175,225,12274300
NIFTY-I.NFO,12/06/2024,09:19:56,23342.6,23342.6,300,23344.35,50,375,12274300
NIFTY-I.NFO,12/06/2024,09:19:57,23344.35,23344.35,50,23344.55,25,375,12274300
NIFTY-I.NFO,12/06/2024,09:19:59,23342.35,23342.35,175,23344.35,25,325,12274300
NIFTY-I.NFO,12/06/2024,09:20:00,23337.7,23340.75,25,23345,1325,15450,12274300
NIFTY-I.NFO,12/06/2024,09:20:02,23345.75,23344.85,325,23345.75,125,2050,12274300
NIFTY-I.NFO,12/06/2024,09:20:04,23348.8,23347.7,125,23348.8,75,3475,12274300
NIFTY-I.NFO,12/06/2024,09:20:04,23348.8,23347.7,125,23348.8,75,0,12274300
NIFTY-I.NFO,12/06/2024,09:20:05,23347,23347.3,100,23349,325,1075,12274300
NIFTY-I.NFO,12/06/2024,09:20:05,23349,23347.3,100,23349,325,0,12274300
NIFTY-I.NFO,12/06/2024,09:20:07,23350,23347.75,100,23350,1575,4525,12274300
NIFTY-I.NFO,12/06/2024,09:20:07,23350,23347.75,100,23350,1575,0,12274300
NIFTY-I.NFO,12/06/2024,09:20:08,23346.9,23345.05,100,23346.9,225,1900,12274300
NIFTY-I.NFO,12/06/2024,09:20:10,23346.9,23345.5,125,23346.9,50,400,12274300
NIFTY-I.NFO,12/06/2024,09:20:12,23348,23346.25,100,23348.9,225,1775,12274300
NIFTY-I.NFO,12/06/2024,09:20:13,23347.95,23347.95,100,23350,925,400,12274300
NIFTY-I.NFO,12/06/2024,09:20:15,23348.45,23348.1,100,23350,925,475,12274300
NIFTY-I.NFO,12/06/2024,09:20:17,23351.2,23351.2,125,23352,1050,1625,12274300
NIFTY-I.NFO,12/06/2024,09:20:17,23352,23351.2,125,23352,1050,0,12274300
NIFTY-I.NFO,12/06/2024,09:20:18,23351.95,23350,75,23350.95,225,2450,12274300
NIFTY-I.NFO,12/06/2024,09:20:18,23353.8,23350,75,23350.95,225,0,12274300
NIFTY-I.NFO,12/06/2024,09:20:20,23348.45,23348.45,75,23350.45,250,1000,12274300
NIFTY-I.NFO,12/06/2024,09:20:22,23350.95,23350.05,100,23350.95,225,600,12274300
NIFTY-I.NFO,12/06/2024,09:20:23,23348.45,23348.45,25,23349.5,250,650,12274300
NIFTY-I.NFO,12/06/2024,09:20:25,23345.5,23345.05,25,23345.5,50,1725,12274300
NIFTY-I.NFO,12/06/2024,09:20:27,23346,23345.15,25,23346.5,100,275,12274300
NIFTY-I.NFO,12/06/2024,09:20:28,23345.05,23345.05,75,23346,25,525,12274300
NIFTY-I.NFO,12/06/2024,09:20:30,23346.75,23345.15,75,23346.5,250,175,12274300
NIFTY-I.NFO,12/06/2024,09:20:32,23345.15,23344.95,75,23345.5,25,375,12274300
NIFTY-I.NFO,12/06/2024,09:20:33,23346.5,23345.2,75,23346.5,125,300,12274300
NIFTY-I.NFO,12/06/2024,09:20:35,23346.2,23346.3,50,23347,175,325,12274300
NIFTY-I.NFO,12/06/2024,09:20:37,23346.5,23346.5,25,23348.45,25,375,12274300
NIFTY-I.NFO,12/06/2024,09:20:38,23347,23347.05,100,23348.5,200,275,12274300
NIFTY-I.NFO,12/06/2024,09:20:40,23349.5,23347.35,250,23349.5,125,400,12274300
NIFTY-I.NFO,12/06/2024,09:20:42,23349,23349,850,23350,175,1075,12274300
NIFTY-I.NFO,12/06/2024,09:20:43,23349.1,23349.1,75,23350,175,1200,12274300
NIFTY-I.NFO,12/06/2024,09:20:45,23349.1,23349.05,100,23350,175,150,12274300
NIFTY-I.NFO,12/06/2024,09:20:47,23350.45,23350.05,150,23350.45,25,525,12274300
NIFTY-I.NFO,12/06/2024,09:20:48,23351.05,23351,150,23351.05,175,1325,12274300
NIFTY-I.NFO,12/06/2024,09:20:50,23351.05,23351,75,23351.55,250,1825,12274300
NIFTY-I.NFO,12/06/2024,09:20:52,23351,23350.25,75,23351.05,100,675,12274300
NIFTY-I.NFO,12/06/2024,09:20:53,23350.15,23349.5,25,23350.35,100,400,12274300
NIFTY-I.NFO,12/06/2024,09:20:55,23351,23349.2,75,23350.35,50,50,12274300
NIFTY-I.NFO,12/06/2024,09:20:57,23348.6,23348.05,75,23349.1,200,425,12274300
NIFTY-I.NFO,12/06/2024,09:20:58,23349.6,23348.05,150,23349.6,200,325,12274300
NIFTY-I.NFO,12/06/2024,09:21:00,23348.2,23348.2,50,23349.2,25,175,12274300
NIFTY-I.NFO,12/06/2024,09:21:02,23348.45,23348.05,75,23348.1,250,1025,12274300
NIFTY-I.NFO,12/06/2024,09:21:03,23347.3,23347,225,23347.1,250,925,12274300
NIFTY-I.NFO,12/06/2024,09:21:05,23345.45,23345.4,125,23345.6,200,1150,12274300
NIFTY-I.NFO,12/06/2024,09:21:07,23346.65,23345.45,25,23346.65,250,1050,12274300
NIFTY-I.NFO,12/06/2024,09:21:08,23345.55,23345.55,50,23346.65,250,50,12274300
NIFTY-I.NFO,12/06/2024,09:21:10,23344,23344,50,23344.55,25,600,12274300
NIFTY-I.NFO,12/06/2024,09:21:12,23344.65,23344.05,25,23345.1,25,375,12274300
NIFTY-I.NFO,12/06/2024,09:21:13,23341.05,23341.05,50,23341.65,50,850,12274300
NIFTY-I.NFO,12/06/2024,09:21:15,23341.15,23341.1,25,23341.15,250,800,12274300
NIFTY-I.NFO,12/06/2024,09:21:17,23341.1,23340.9,25,23341.15,75,900,12274300
NIFTY-I.NFO,12/06/2024,09:21:18,23340,23340,4875,23340.65,150,350,12274300
NIFTY-I.NFO,12/06/2024,09:21:20,23338.15,23336.8,200,23338.65,25,5775,12274300
NIFTY-I.NFO,12/06/2024,09:21:22,23336.55,23335.1,175,23337.4,25,425,12274300
NIFTY-I.NFO,12/06/2024,09:21:23,23336,23335.9,250,23337.7,175,350,12274300
NIFTY-I.NFO,12/06/2024,09:21:25,23335.65,23335.7,175,23339.15,100,450,12274300
NIFTY-I.NFO,12/06/2024,09:21:27,23337.4,23337.4,450,23340,75,100,12274300
NIFTY-I.NFO,12/06/2024,09:21:28,23337.4,23337.4,350,23340,75,375,12279025
NIFTY-I.NFO,12/06/2024,09:21:30,23337.4,23337.4,150,23339.5,150,350,12279025
NIFTY-I.NFO,12/06/2024,09:21:32,23338.75,23338.75,100,23340,1075,150,12279025
NIFTY-I.NFO,12/06/2024,09:21:33,23339.4,23337.4,150,23339.5,50,225,12279025
NIFTY-I.NFO,12/06/2024,09:21:35,23335,23334.2,200,23337,25,925,12279025
NIFTY-I.NFO,12/06/2024,09:21:37,23335.1,23335,250,23337,25,200,12279025
NIFTY-I.NFO,12/06/2024,09:21:38,23335.2,23334.95,200,23338.55,100,525,12279025
NIFTY-I.NFO,12/06/2024,09:21:40,23334.95,23334.95,125,23338.5,25,100,12279025
NIFTY-I.NFO,12/06/2024,09:21:42,23335.8,23335.8,150,23338.5,25,150,12279025
NIFTY-I.NFO,12/06/2024,09:21:43,23334.95,23334.9,250,23339.05,25,625,12279025
NIFTY-I.NFO,12/06/2024,09:21:45,23338.75,23336.6,125,23339,25,500,12279025
NIFTY-I.NFO,12/06/2024,09:21:47,23336.7,23336.55,75,23339,25,75,12279025
NIFTY-I.NFO,12/06/2024,09:21:48,23335.45,23335.45,175,23338.7,25,75,12279025
NIFTY-I.NFO,12/06/2024,09:21:50,23335.45,23335.45,175,23338.7,200,225,12279025
NIFTY-I.NFO,12/06/2024,09:21:52,23337.8,23336.2,175,23338.05,175,400,12279025
NIFTY-I.NFO,12/06/2024,09:21:53,23336.7,23335.3,175,23338.05,200,150,12279025
NIFTY-I.NFO,12/06/2024,09:21:55,23335.3,23335,325,23337.55,150,50,12279025
NIFTY-I.NFO,12/06/2024,09:21:57,23337.2,23335.05,125,23337.2,225,300,12279025
NIFTY-I.NFO,12/06/2024,09:21:58,23337,23335.15,175,23337.2,200,100,12279025
NIFTY-I.NFO,12/06/2024,09:22:00,23335.1,23335.15,225,23337.2,200,175,12279025
NIFTY-I.NFO,12/06/2024,09:22:02,23337.2,23336.05,200,23337.2,225,1950,12279025
NIFTY-I.NFO,12/06/2024,09:22:03,23338.8,23337.3,75,23338.8,1300,900,12279025
NIFTY-I.NFO,12/06/2024,09:22:05,23337.4,23337.45,75,23338.8,675,1300,12279025
NIFTY-I.NFO,12/06/2024,09:22:07,23337.4,23337.35,25,23337.4,25,150,12279025
NIFTY-I.NFO,12/06/2024,09:22:08,23338.95,23338.05,25,23339,75,1375,12279025
NIFTY-I.NFO,12/06/2024,09:22:10,23340,23339.05,175,23340,1350,2775,12279025
NIFTY-I.NFO,12/06/2024,09:22:12,23341.15,23339.55,75,23340,25,1450,12279025
NIFTY-I.NFO,12/06/2024,09:22:13,23340.2,23340.2,500,23342.1,25,150,12279025
NIFTY-I.NFO,12/06/2024,09:22:15,23341.7,23340.5,50,23341.9,25,875,12279025
NIFTY-I.NFO,12/06/2024,09:22:17,23343.2,23341.25,50,23342.7,150,175,12279025
NIFTY-I.NFO,12/06/2024,09:22:18,23342.9,23341.35,50,23343.2,250,325,12279025
NIFTY-I.NFO,12/06/2024,09:22:20,23343.7,23342.7,25,23343.7,250,575,12279025
NIFTY-I.NFO,12/06/2024,09:22:22,23343.7,23342.8,125,23344.2,25,350,12279025
NIFTY-I.NFO,12/06/2024,09:22:23,23344.15,23343.55,50,23344.15,150,550,12279025
NIFTY-I.NFO,12/06/2024,09:22:25,23344.95,23342.25,100,23344.95,75,1250,12279025
NIFTY-I.NFO,12/06/2024,09:22:27,23345.65,23343.65,25,23345.8,125,1775,12279025
NIFTY-I.NFO,12/06/2024,09:22:28,23346,23346,25,23346.15,125,525,12279025
NIFTY-I.NFO,12/06/2024,09:22:30,23346.35,23346.35,50,23346.5,25,400,12279025
NIFTY-I.NFO,12/06/2024,09:22:32,23346.45,23346.45,50,23346.6,25,250,12279025
NIFTY-I.NFO,12/06/2024,09:22:33,23345.05,23345,100,23346,125,650,12279025
NIFTY-I.NFO,12/06/2024,09:22:35,23346,23345,75,23346,200,50,12279025
NIFTY-I.NFO,12/06/2024,09:22:37,23345.9,23345.1,50,23345.95,150,50,12279025
NIFTY-I.NFO,12/06/2024,09:22:38,23345.15,23345,100,23346,225,1400,12279025
NIFTY-I.NFO,12/06/2024,09:22:40,23345.45,23345.8,75,23346,225,25,12279025
NIFTY-I.NFO,12/06/2024,09:22:42,23346.8,23346.8,175,23347.75,1800,450,12279025
NIFTY-I.NFO,12/06/2024,09:22:43,23347.7,23346.9,50,23347.7,225,225,12279025
NIFTY-I.NFO,12/06/2024,09:22:45,23344.95,23345,100,23345.2,250,1175,12279025
NIFTY-I.NFO,12/06/2024,09:22:47,23343.45,23343.1,75,23344.15,25,1275,12279025
NIFTY-I.NFO,12/06/2024,09:22:49,23344.2,23343.05,100,23344.65,125,350,12279025
NIFTY-I.NFO,12/06/2024,09:22:50,23339.75,23342.2,75,23343.65,250,1125,12279025
NIFTY-I.NFO,12/06/2024,09:22:52,23341.2,23341.2,200,23343.5,25,25,12279025
NIFTY-I.NFO,12/06/2024,09:22:54,23342.25,23343.35,25,23343.7,225,550,12279025
NIFTY-I.NFO,12/06/2024,09:22:55,23341.35,23341.35,75,23341.75,125,375,12279025
NIFTY-I.NFO,12/06/2024,09:22:57,23341.05,23341.05,350,23343.45,25,650,12279025
NIFTY-I.NFO,12/06/2024,09:22:59,23344,23344.55,25,23344.65,25,100,12279025
NIFTY-I.NFO,12/06/2024,09:23:00,23343.5,23343,5000,23343.65,100,200,12279025
NIFTY-I.NFO,12/06/2024,09:23:02,23343,23343,3800,23343.25,200,3650,12279025
NIFTY-I.NFO,12/06/2024,09:23:04,23343.9,23343.05,75,23343.25,25,375,12279025
NIFTY-I.NFO,12/06/2024,09:23:05,23343.15,23343.3,100,23344,50,225,12279025
NIFTY-I.NFO,12/06/2024,09:23:07,23343.9,23344,75,23345,300,450,12279025
NIFTY-I.NFO,12/06/2024,09:23:09,23344.15,23344.7,25,23345,300,525,12279025
NIFTY-I.NFO,12/06/2024,09:23:10,23344.7,23344.65,325,23344.7,25,750,12279025
NIFTY-I.NFO,12/06/2024,09:23:12,23344.1,23344,25,23344.1,25,925,12279025
NIFTY-I.NFO,12/06/2024,09:23:14,23343.05,23343.05,75,23345,25,1100,12279025
NIFTY-I.NFO,12/06/2024,09:23:15,23343.65,23343.6,100,23345,125,100,12279025
NIFTY-I.NFO,12/06/2024,09:23:17,23344.25,23344.2,100,23345.75,250,225,12279025
NIFTY-I.NFO,12/06/2024,09:23:19,23345.15,23345.2,150,23346,75,400,12279025
NIFTY-I.NFO,12/06/2024,09:23:20,23347.35,23347,75,23347.25,25,425,12279025
NIFTY-I.NFO,12/06/2024,09:23:22,23347.1,23347.1,100,23347.7,25,350,12279025
NIFTY-I.NFO,12/06/2024,09:23:23,23346.9,23345.1,100,23346.75,100,225,12279025
NIFTY-I.NFO,12/06/2024,09:23:25,23347.75,23347.35,100,23347.75,75,3175,12279025
NIFTY-I.NFO,12/06/2024,09:23:27,23347.45,23347.45,50,23348,125,1175,12279025
NIFTY-I.NFO,12/06/2024,09:23:28,23348.4,23348.4,150,23349.25,400,2150,12279025
NIFTY-I.NFO,12/06/2024,09:23:30,23348.25,23347.15,75,23347.75,25,400,12279025
NIFTY-I.NFO,12/06/2024,09:23:32,23346.75,23345.05,125,23345.9,150,250,12279025
NIFTY-I.NFO,12/06/2024,09:23:33,23346.9,23346.25,75,23347.15,125,350,12279025
NIFTY-I.NFO,12/06/2024,09:23:35,23346.4,23346.4,75,23347.1,25,175,12279025
NIFTY-I.NFO,12/06/2024,09:23:37,23346.9,23346.9,50,23347.4,225,125,12279025
NIFTY-I.NFO,12/06/2024,09:23:38,23346.25,23347.3,75,23347.95,25,1300,12279025
NIFTY-I.NFO,12/06/2024,09:23:40,23347.85,23347.55,75,23348,25,400,12279025
NIFTY-I.NFO,12/06/2024,09:23:42,23346.8,23346.05,75,23347.9,100,250,12279025
NIFTY-I.NFO,12/06/2024,09:23:43,23346.9,23346.05,75,23347.9,100,25,12279025
NIFTY-I.NFO,12/06/2024,09:23:45,23346.95,23346.95,75,23347.75,25,350,12279025
NIFTY-I.NFO,12/06/2024,09:23:47,23348.1,23348.1,100,23348.7,125,175,12279025
NIFTY-I.NFO,12/06/2024,09:23:48,23348.75,23346.45,100,23348.75,75,425,12279025
NIFTY-I.NFO,12/06/2024,09:23:50,23348,23346.95,75,23348,325,75,12279025
NIFTY-I.NFO,12/06/2024,09:23:52,23347.25,23346.95,600,23347.25,150,700,12279025
NIFTY-I.NFO,12/06/2024,09:23:53,23347.9,23346.95,525,23348.85,125,475,12279025
NIFTY-I.NFO,12/06/2024,09:23:55,23349.35,23348,175,23349.5,25,625,12279025
NIFTY-I.NFO,12/06/2024,09:23:57,23349.6,23349.55,175,23349.6,225,200,12279025
NIFTY-I.NFO,12/06/2024,09:23:58,23350,23349.6,125,23350,3200,800,12279025
NIFTY-I.NFO,12/06/2024,09:24:00,23351,23351,350,23351.85,200,4225,12279025
NIFTY-I.NFO,12/06/2024,09:24:02,23351.9,23351.85,875,23351.9,1450,450,12279025
NIFTY-I.NFO,12/06/2024,09:24:03,23351.9,23351.9,775,23351.95,25,1650,12279025
NIFTY-I.NFO,12/06/2024,09:24:05,23353,23351.95,125,23353,25,850,12279025
NIFTY-I.NFO,12/06/2024,09:24:07,23353,23353,425,23353.35,125,450,12279025
NIFTY-I.NFO,12/06/2024,09:24:08,23353.1,23353.1,75,23354.6,200,300,12279025
NIFTY-I.NFO,12/06/2024,09:24:08,23354.75,23353.1,75,23354.6,200,0,12279025
NIFTY-I.NFO,12/06/2024,09:24:10,23353.1,23352.05,25,23354.3,25,1825,12279025
NIFTY-I.NFO,12/06/2024,09:24:12,23350,23347.2,100,23350.15,25,1850,12279025
NIFTY-I.NFO,12/06/2024,09:24:13,23350,23347.8,100,23350.5,175,650,12279025
NIFTY-I.NFO,12/06/2024,09:24:15,23350.4,23347.5,75,23350.5,25,625,12279025
NIFTY-I.NFO,12/06/2024,09:24:16,23347.25,23347.25,75,23350.35,100,1025,12279025
NIFTY-I.NFO,12/06/2024,09:24:18,23347.9,23349.15,150,23350,50,150,12279025
NIFTY-I.NFO,12/06/2024,09:24:20,23350.65,23349.1,125,23349.95,275,175,12279025
NIFTY-I.NFO,12/06/2024,09:24:21,23348.95,23347.05,100,23349.1,1200,1000,12279025
NIFTY-I.NFO,12/06/2024,09:24:23,23346.35,23346.3,150,23347.05,1225,1375,12279025
NIFTY-I.NFO,12/06/2024,09:24:25,23346.35,23345.3,100,23346.35,525,700,12279025
NIFTY-I.NFO,12/06/2024,09:24:26,23345.4,23346.4,25,23349.1,75,1200,12279025
NIFTY-I.NFO,12/06/2024,09:24:28,23348.2,23346.4,25,23348.85,50,25,12279025
NIFTY-I.NFO,12/06/2024,09:24:30,23346.4,23346.4,50,23348.45,25,125,12280900
NIFTY-I.NFO,12/06/2024,09:24:31,23345,23346.25,250,23347,25,625,12280900
NIFTY-I.NFO,12/06/2024,09:24:33,23347,23346.55,125,23347.8,25,150,12280900
NIFTY-I.NFO,12/06/2024,09:24:34,23346.4,23346.05,200,23348,50,275,12280900
NIFTY-I.NFO,12/06/2024,09:24:36,23346.4,23346,150,23349.5,25,550,12280900
NIFTY-I.NFO,12/06/2024,09:24:38,23346.05,23346.2,200,23349.5,25,450,12280900
NIFTY-I.NFO,12/06/2024,09:24:39,23347.85,23347.85,50,23349.35,250,75,12280900
NIFTY-I.NFO,12/06/2024,09:24:41,23346.1,23346.1,175,23349,25,250,12280900
NIFTY-I.NFO,12/06/2024,09:24:43,23346.1,23346.05,200,23347,50,50,12280900
NIFTY-I.NFO,12/06/2024,09:24:44,23347.85,23346.45,150,23348.25,200,525,12280900
NIFTY-I.NFO,12/06/2024,09:24:46,23346.45,23346.25,200,23348.25,200,50,12280900
NIFTY-I.NFO,12/06/2024,09:24:48,23348.25,23348.3,25,23349,25,275,12280900
NIFTY-I.NFO,12/06/2024,09:24:49,23348.3,23348.3,200,23349.95,50,150,12280900
NIFTY-I.NFO,12/06/2024,09:24:51,23348.3,23348.3,150,23349.95,50,50,12280900
NIFTY-I.NFO,12/06/2024,09:24:52,23350,23348.5,225,23350,575,500,12280900
NIFTY-I.NFO,12/06/2024,09:24:54,23350,23349.95,75,23350,450,175,12280900
NIFTY-I.NFO,12/06/2024,09:24:56,23350,23350.05,125,23350.65,25,575,12280900
NIFTY-I.NFO,12/06/2024,09:24:57,23348.4,23348.4,125,23350,525,225,12280900
NIFTY-I.NFO,12/06/2024,09:24:59,23350,23349,225,23350,100,550,12280900
NIFTY-I.NFO,12/06/2024,09:25:01,23349,23348.3,150,23349,25,350,12280900
NIFTY-I.NFO,12/06/2024,09:25:02,23348.4,23348.4,150,23349.85,300,300,12280900
NIFTY-I.NFO,12/06/2024,09:25:04,23348.5,23348.5,100,23349.75,25,50,12280900
NIFTY-I.NFO,12/06/2024,09:25:06,23349.85,23348.6,125,23349.85,225,1250,12280900
NIFTY-I.NFO,12/06/2024,09:25:07,23349.85,23348.6,125,23349.85,150,100,12280900
NIFTY-I.NFO,12/06/2024,09:25:09,23349.85,23348.6,125,23349.85,175,0,12280900
NIFTY-I.NFO,12/06/2024,09:25:11,23349.85,23348.6,100,23349.85,125,150,12280900
NIFTY-I.NFO,12/06/2024,09:25:12,23348,23348.05,200,23348.5,50,200,12280900
NIFTY-I.NFO,12/06/2024,09:25:14,23349.85,23348.05,200,23349.85,25,175,12280900
NIFTY-I.NFO,12/06/2024,09:25:15,23348.05,23348.05,200,23349.85,50,100,12280900
NIFTY-I.NFO,12/06/2024,09:25:17,23347.9,23347.8,150,23349.4,25,400,12280900
NIFTY-I.NFO,12/06/2024,09:25:19,23347.9,23347.45,250,23349.85,50,125,12280900
NIFTY-I.NFO,12/06/2024,09:25:20,23352,23349.1,25,23352,125,1050,12280900
NIFTY-I.NFO,12/06/2024,09:25:22,23351.05,23349.2,50,23351.1,100,50,12280900
NIFTY-I.NFO,12/06/2024,09:25:24,23352,23349.2,50,23351.6,75,475,12280900
NIFTY-I.NFO,12/06/2024,09:25:25,23349.35,23349.3,25,23352,500,250,12280900
NIFTY-I.NFO,12/06/2024,09:25:27,23349.2,23348.1,200,23350,50,325,12280900
NIFTY-I.NFO,12/06/2024,09:25:29,23348.05,23348.05,275,23349.2,25,75,12280900
NIFTY-I.NFO,12/06/2024,09:25:30,23348.1,23348.05,400,23350,25,375,12280900
NIFTY-I.NFO,12/06/2024,09:25:32,23351.3,23350.9,100,23352,500,425,12280900
NIFTY-I.NFO,12/06/2024,09:25:34,23353,23352.3,100,23354,50,1150,12280900
NIFTY-I.NFO,12/06/2024,09:25:35,23352.15,23353.15,25,23354.95,25,200,12280900
NIFTY-I.NFO,12/06/2024,09:25:37,23352.95,23352.95,625,23353,25,225,12280900
NIFTY-I.NFO,12/06/2024,09:25:37,23354.9,23352.95,625,23353,25,0,12280900
NIFTY-I.NFO,12/06/2024,09:25:39,23354.95,23353,25,23355,875,625,12280900
NIFTY-I.NFO,12/06/2024,09:25:39,23355,23353,25,23355,875,0,12280900
NIFTY-I.NFO,12/06/2024,09:25:40,23357,23357,175,23358,25,1975,12280900
NIFTY-I.NFO,12/06/2024,09:25:40,23358,23357,175,23358,25,0,12280900
NIFTY-I.NFO,12/06/2024,09:25:42,23357,23357.15,125,23358.8,550,225,12280900
NIFTY-I.NFO,12/06/2024,09:25:43,23358.8,23357,150,23358.85,225,650,12280900
NIFTY-I.NFO,12/06/2024,09:25:43,23358.85,23357,150,23358.85,225,0,12280900
NIFTY-I.NFO,12/06/2024,09:25:45,23357.55,23355.05,25,23357.3,75,1525,12280900
NIFTY-I.NFO,12/06/2024,09:25:45,23358.9,23355.05,25,23357.3,75,0,12280900
NIFTY-I.NFO,12/06/2024,09:25:47,23357,23356.05,550,23357.95,125,25,12280900
NIFTY-I.NFO,12/06/2024,09:25:48,23357.9,23356.05,550,23357.9,25,75,12280900
NIFTY-I.NFO,12/06/2024,09:25:50,23356.9,23355.05,25,23356.05,100,800,12280900
NIFTY-I.NFO,12/06/2024,09:25:52,23350.5,23351.35,25,23354.85,100,1675,12280900
NIFTY-I.NFO,12/06/2024,09:25:53,23349.75,23349.8,25,23351.35,25,525,12280900
NIFTY-I.NFO,12/06/2024,09:25:55,23351.3,23350.1,25,23351.3,25,350,12280900
NIFTY-I.NFO,12/06/2024,09:25:57,23352.2,23350,225,23351.25,25,300,12280900
NIFTY-I.NFO,12/06/2024,09:25:58,23351.2,23351,200,23354.55,50,650,12280900
NIFTY-I.NFO,12/06/2024,09:26:00,23354.5,23354.35,25,23354.5,25,100,12280900
NIFTY-I.NFO,12/06/2024,09:26:01,23351,23352.2,25,23354,25,450,12280900
NIFTY-I.NFO,12/06/2024,09:26:03,23351.2,23351,100,23353.3,200,150,12280900
NIFTY-I.NFO,12/06/2024,09:26:05,23352.75,23351,100,23352.85,100,50,12280900
NIFTY-I.NFO,12/06/2024,09:26:06,23351,23351,75,23352,25,25,12280900
NIFTY-I.NFO,12/06/2024,09:26:08,23350,23350,150,23351.95,25,575,12280900
NIFTY-I.NFO,12/06/2024,09:26:10,23351.9,23350.05,25,23351.9,25,200,12280900
NIFTY-I.NFO,12/06/2024,09:26:11,23351,23350,75,23351.2,200,50,12280900
NIFTY-I.NFO,12/06/2024,09:26:13,23349.1,23349.05,125,23351.1,150,175,12280900
NIFTY-I.NFO,12/06/2024,09:26:14,23351.05,23349.05,125,23351,25,75,12280900
NIFTY-I.NFO,12/06/2024,09:26:16,23349.1,23349.1,75,23351.05,25,225,12280900
NIFTY-I.NFO,12/06/2024,09:26:18,23351,23352.35,100,23354,75,625,12280900
NIFTY-I.NFO,12/06/2024,09:26:19,23354,23354.1,150,23356.9,25,100,12280900
NIFTY-I.NFO,12/06/2024,09:26:21,23355.9,23356.5,200,23357,450,425,12280900
NIFTY-I.NFO,12/06/2024,09:26:23,23357,23353.8,50,23357,250,275,12280900
NIFTY-I.NFO,12/06/2024,09:26:24,23357.95,23354.95,50,23358,300,400,12280900
NIFTY-I.NFO,12/06/2024,09:26:26,23358,23355.25,50,23358,150,300,12280900
NIFTY-I.NFO,12/06/2024,09:26:28,23357,23357,450,23357.95,25,175,12280900
NIFTY-I.NFO,12/06/2024,09:26:29,23354.1,23354.4,50,23357,25,675,12280900
NIFTY-I.NFO,12/06/2024,09:26:31,23357,23352.85,50,23356.85,100,1825,12280900
NIFTY-I.NFO,12/06/2024,09:26:32,23357,23357,25,23358,275,725,12280900
NIFTY-I.NFO,12/06/2024,09:26:34,23355,23354.1,50,23357.15,100,125,12280900
NIFTY-I.NFO,12/06/2024,09:26:36,23356.95,23355.3,25,23357,25,25,12280900
NIFTY-I.NFO,12/06/2024,09:26:37,23355,23355,175,23357,50,75,12280900
NIFTY-I.NFO,12/06/2024,09:26:39,23356.65,23353.05,100,23356.3,50,475,12280900
NIFTY-I.NFO,12/06/2024,09:26:41,23353.05,23353,25,23354.1,25,25,12280900
NIFTY-I.NFO,12/06/2024,09:26:42,23355.6,23354,50,23355.65,25,125,12280900
NIFTY-I.NFO,12/06/2024,09:26:44,23352.7,23352.6,125,23355.65,25,75,12280900
NIFTY-I.NFO,12/06/2024,09:26:46,23353.55,23351,100,23353.55,75,425,12280900
NIFTY-I.NFO,12/06/2024,09:26:47,23353.55,23351,100,23352.7,25,0,12280900
NIFTY-I.NFO,12/06/2024,09:26:49,23354,23353.7,25,23354,25,675,12280900
NIFTY-I.NFO,12/06/2024,09:26:51,23350.5,23350.4,100,23353.65,25,450,12280900
NIFTY-I.NFO,12/06/2024,09:26:52,23354.45,23350.65,250,23354.9,25,150,12280900
NIFTY-I.NFO,12/06/2024,09:26:54,23353.05,23352.7,350,23354,25,175,12280900
NIFTY-I.NFO,12/06/2024,09:26:56,23355,23352.7,375,23355,75,125,12280900
NIFTY-I.NFO,12/06/2024,09:26:57,23355,23354.9,225,23355,475,350,12280900
NIFTY-I.NFO,12/06/2024,09:26:59,23354.9,23354.9,175,23355,300,250,12280900
NIFTY-I.NFO,12/06/2024,09:27:00,23354.95,23354.9,200,23355,300,50,12280900
NIFTY-I.NFO,12/06/2024,09:27:02,23355,23355,50,23356.95,50,600,12280900
NIFTY-I.NFO,12/06/2024,09:27:04,23356.15,23355.9,25,23356.55,175,325,12280900
NIFTY-I.NFO,12/06/2024,09:27:05,23355.7,23353.05,75,23354.9,25,500,12280900
NIFTY-I.NFO,12/06/2024,09:27:07,23354.9,23353.05,75,23354.9,25,100,12280900
NIFTY-I.NFO,12/06/2024,09:27:08,23356.95,23355.7,25,23357,150,350,12280900
NIFTY-I.NFO,12/06/2024,09:27:10,23355,23354.9,1575,23356.95,25,125,12280900
NIFTY-I.NFO,12/06/2024,09:27:11,23354.9,23354.9,1525,23357,100,125,12280900
NIFTY-I.NFO,12/06/2024,09:27:13,23355.6,23355.45,150,23357.7,225,450,12280900
NIFTY-I.NFO,12/06/2024,09:27:15,23354.9,23354.9,1500,23356,150,350,12280900
NIFTY-I.NFO,12/06/2024,09:27:16,23356.3,23354.9,1475,23356.35,175,1950,12280900
NIFTY-I.NFO,12/06/2024,09:27:18,23356.3,23354.9,1475,23357.15,125,0,12280900
NIFTY-I.NFO,12/06/2024,09:27:20,23355,23355.6,500,23357.25,125,50,12280900
NIFTY-I.NFO,12/06/2024,09:27:21,23356.95,23356.35,125,23357.65,75,125,12280900
NIFTY-I.NFO,12/06/2024,09:27:23,23357.25,23356.35,75,23357.6,25,150,12280900
NIFTY-I.NFO,12/06/2024,09:27:24,23358,23356.35,75,23358,150,275,12280900
NIFTY-I.NFO,12/06/2024,09:27:26,23357.6,23356.35,75,23357.75,125,50,12280900
NIFTY-I.NFO,12/06/2024,09:27:28,23357.6,23357.6,525,23358,125,125,12280900
NIFTY-I.NFO,12/06/2024,09:27:29,23358.85,23357.6,200,23358.7,25,575,12289500
NIFTY-I.NFO,12/06/2024,09:27:31,23358.7,23357.6,150,23358.75,50,75,12289500
NIFTY-I.NFO,12/06/2024,09:27:32,23359.9,23357.65,25,23359.9,1650,725,12289500
NIFTY-I.NFO,12/06/2024,09:27:32,23359.9,23357.65,25,23359.9,1650,0,12289500
NIFTY-I.NFO,12/06/2024,09:27:34,23359.35,23359.35,100,23359.9,1550,250,12289500
NIFTY-I.NFO,12/06/2024,09:27:36,23357.6,23357.6,50,23359.35,25,350,12289500
NIFTY-I.NFO,12/06/2024,09:27:37,23359.65,23357,50,23359.7,125,175,12289500
NIFTY-I.NFO,12/06/2024,09:27:39,23357.6,23355.95,200,23359.85,25,1575,12289500
NIFTY-I.NFO,12/06/2024,09:27:40,23358.85,23355.9,25,23358.9,25,100,12289500
NIFTY-I.NFO,12/06/2024,09:27:42,23358.9,23356,25,23358.9,125,200,12289500
NIFTY-I.NFO,12/06/2024,09:27:44,23358.55,23357,50,23358.35,50,50,12289500
NIFTY-I.NFO,12/06/2024,09:27:45,23359.8,23357,50,23359.5,125,575,12289500
NIFTY-I.NFO,12/06/2024,09:27:47,23357,23357,50,23359.3,25,125,12289500
NIFTY-I.NFO,12/06/2024,09:27:48,23359,23358.55,25,23359,50,225,12289500
NIFTY-I.NFO,12/06/2024,09:27:50,23359.3,23357,50,23359.55,25,125,12289500
NIFTY-I.NFO,12/06/2024,09:27:51,23358.3,23356,50,23358.1,25,225,12289500
NIFTY-I.NFO,12/06/2024,09:27:53,23355,23353.05,150,23356.1,50,700,12289500
NIFTY-I.NFO,12/06/2024,09:27:55,23356.1,23352.45,125,23356.1,325,350,12289500
NIFTY-I.NFO,12/06/2024,09:27:56,23356,23353.1,75,23356.1,75,350,12289500
NIFTY-I.NFO,12/06/2024,09:27:58,23355.15,23351.75,150,23355.2,25,550,12289500
NIFTY-I.NFO,12/06/2024,09:28:00,23351.85,23351.2,125,23355.4,25,175,12289500
NIFTY-I.NFO,12/06/2024,09:28:01,23353.05,23350.5,50,23353.25,50,325,12289500
NIFTY-I.NFO,12/06/2024,09:28:03,23352.75,23350.5,25,23352.5,25,150,12289500
NIFTY-I.NFO,12/06/2024,09:28:05,23350.5,23350.1,875,23352.45,25,25,12289500
NIFTY-I.NFO,12/06/2024,09:28:06,23353.75,23351,125,23353.8,50,50,12289500
NIFTY-I.NFO,12/06/2024,09:28:08,23351.75,23351.75,50,23352,25,925,12289500
NIFTY-I.NFO,12/06/2024,09:28:09,23352,23350.8,250,23353.1,125,125,12289500
NIFTY-I.NFO,12/06/2024,09:28:11,23350.15,23350.9,250,23354.3,25,675,12289500
NIFTY-I.NFO,12/06/2024,09:28:13,23351.75,23350.45,125,23354.35,25,125,12289500
NIFTY-I.NFO,12/06/2024,09:28:14,23352,23352,25,23354.35,25,75,12289500
NIFTY-I.NFO,12/06/2024,09:28:16,23353.25,23350,450,23353.75,50,600,12289500
NIFTY-I.NFO,12/06/2024,09:28:17,23350.05,23350,200,23353.95,25,1550,12289500
NIFTY-I.NFO,12/06/2024,09:28:19,23349.5,23349.7,125,23353.3,25,1100,12289500
NIFTY-I.NFO,12/06/2024,09:28:21,23352,23350.85,125,23354,75,50,12289500
NIFTY-I.NFO,12/06/2024,09:28:22,23354,23351.15,25,23354.6,25,275,12289500
NIFTY-I.NFO,12/06/2024,09:28:24,23350.35,23349.55,25,23353.95,25,650,12289500
NIFTY-I.NFO,12/06/2024,09:28:25,23350.15,23349.3,25,23353,25,25,12289500
NIFTY-I.NFO,12/06/2024,09:28:27,23353.3,23350.3,150,23353.35,25,1125,12289500
NIFTY-I.NFO,12/06/2024,09:28:29,23354,23350.85,100,23354,225,100,12289500
NIFTY-I.NFO,12/06/2024,09:28:30,23352.75,23350,50,23352.6,25,300,12289500
NIFTY-I.NFO,12/06/2024,09:28:32,23352.5,23350,75,23352.5,25,75,12289500
NIFTY-I.NFO,12/06/2024,09:28:34,23351.9,23350,25,23352.05,50,675,12289500
NIFTY-I.NFO,12/06/2024,09:28:35,23352.1,23350.05,75,23352,25,275,12289500
NIFTY-I.NFO,12/06/2024,09:28:37,23352.35,23350.45,175,23352.6,25,50,12289500
NIFTY-I.NFO,12/06/2024,09:28:39,23353,23352.75,25,23353.3,125,850,12289500
NIFTY-I.NFO,12/06/2024,09:28:40,23353.25,23350.45,100,23353.25,100,125,12289500
NIFTY-I.NFO,12/06/2024,09:28:42,23352.05,23352.05,75,23353.3,75,200,12289500
NIFTY-I.NFO,12/06/2024,09:28:43,23355,23353.25,25,23354.65,50,400,12289500
NIFTY-I.NFO,12/06/2024,09:28:45,23353.25,23353.3,25,23354,25,50,12289500
NIFTY-I.NFO,12/06/2024,09:28:47,23351.05,23351,25,23353.65,50,175,12289500
NIFTY-I.NFO,12/06/2024,09:28:48,23350.15,23351.05,50,23352.6,175,75,12289500
NIFTY-I.NFO,12/06/2024,09:28:50,23351,23350.95,225,23354,150,350,12289500
NIFTY-I.NFO,12/06/2024,09:28:52,23351,23352.65,100,23353.6,25,0,12289500
NIFTY-I.NFO,12/06/2024,09:28:53,23350,23350,100,23353.1,25,425,12289500
NIFTY-I.NFO,12/06/2024,09:28:55,23352.25,23350,75,23352.1,275,600,12289500
NIFTY-I.NFO,12/06/2024,09:28:57,23350,23350,50,23352.6,250,300,12289500
NIFTY-I.NFO,12/06/2024,09:28:58,23352.6,23351.65,25,23352.6,200,125,12289500
NIFTY-I.NFO,12/06/2024,09:29:00,23352.25,23349.95,25,23352.25,1275,225,12289500
NIFTY-I.NFO,12/06/2024,09:29:01,23349.9,23349.65,50,23352.25,1075,250,12289500
NIFTY-I.NFO,12/06/2024,09:29:03,23349.4,23349.25,25,23352.2,25,625,12289500
NIFTY-I.NFO,12/06/2024,09:29:05,23353.35,23353,1050,23353.4,25,2025,12289500
NIFTY-I.NFO,12/06/2024,09:29:06,23353.45,23353,725,23353.6,25,400,12289500
NIFTY-I.NFO,12/06/2024,09:29:08,23351.75,23351,200,23352.85,250,3325,12289500
NIFTY-I.NFO,12/06/2024,09:29:10,23353,23349.1,100,23351,25,25,12289500
NIFTY-I.NFO,12/06/2024,09:29:11,23351,23349.05,100,23351,125,325,12289500
NIFTY-I.NFO,12/06/2024,09:29:13,23347.9,23350,25,23351,125,275,12289500
NIFTY-I.NFO,12/06/2024,09:29:14,23350.95,23348.85,175,23350.15,50,100,12289500
NIFTY-I.NFO,12/06/2024,09:29:16,23351,23349.85,175,23351,100,150,12289500
NIFTY-I.NFO,12/06/2024,09:29:18,23351,23348.65,100,23351.7,175,100,12289500
NIFTY-I.NFO,12/06/2024,09:29:19,23349.85,23349.9,175,23351.7,25,700,12289500
NIFTY-I.NFO,12/06/2024,09:29:21,23353,23352.2,75,23354,50,850,12289500
NIFTY-I.NFO,12/06/2024,09:29:23,23354.3,23352.05,25,23355,775,250,12289500
NIFTY-I.NFO,12/06/2024,09:29:24,23352,23352.05,125,23355,700,725,12289500
NIFTY-I.NFO,12/06/2024,09:29:26,23354.55,23354.55,75,23355,275,475,12289500
NIFTY-I.NFO,12/06/2024,09:29:28,23355,23354.85,25,23355,225,50,12289500
NIFTY-I.NFO,12/06/2024,09:29:29,23352.65,23352.65,100,23354.6,250,100,12289500
NIFTY-I.NFO,12/06/2024,09:29:31,23358.8,23355.4,25,23359,225,975,12289500
NIFTY-I.NFO,12/06/2024,09:29:33,23356.25,23356.25,75,23358.95,200,75,12289500
NIFTY-I.NFO,12/06/2024,09:29:34,23359.8,23356.55,25,23359.85,250,600,12289500
NIFTY-I.NFO,12/06/2024,09:29:36,23359.9,23358.9,225,23359.9,1800,1475,12289500
NIFTY-I.NFO,12/06/2024,09:29:38,23357.95,23357.95,75,23359.9,1675,300,12289500
NIFTY-I.NFO,12/06/2024,09:29:39,23359.9,23358.3,25,23359.9,1825,100,12289500
NIFTY-I.NFO,12/06/2024,09:29:41,23359.9,23360.5,50,23361.2,625,29600,12289500
NIFTY-I.NFO,12/06/2024,09:29:41,23361.2,23360.5,50,23361.2,625,0,12289500
NIFTY-I.NFO,12/06/2024,09:29:43,23359.9,23358.5,125,23359,50,275,12289500
NIFTY-I.NFO,12/06/2024,09:29:44,23361.25,23358.85,50,23359.9,50,1425,12289500
NIFTY-I.NFO,12/06/2024,09:29:44,23361.25,23358.85,50,23359.9,50,0,12289500
NIFTY-I.NFO,12/06/2024,09:29:46,23358.85,23358.85,25,23359.9,50,25,12289500
NIFTY-I.NFO,12/06/2024,09:29:48,23359.9,23360,25,23361,50,150,12289500
NIFTY-I.NFO,12/06/2024,09:29:49,23360,23360,50,23362,225,600,12289500
NIFTY-I.NFO,12/06/2024,09:29:49,23361.35,23360,50,23362,225,0,12289500
NIFTY-I.NFO,12/06/2024,09:29:51,23360,23360.15,100,23362,100,300,12289500
NIFTY-I.NFO,12/06/2024,09:29:51,23362,23360.15,100,23362,100,0,12289500
NIFTY-I.NFO,12/06/2024,09:29:53,23362.95,23360.2,25,23363,200,4275,12289500
NIFTY-I.NFO,12/06/2024,09:29:53,23366,23360.2,25,23363,200,0,12289500
NIFTY-I.NFO,12/06/2024,09:29:54,23362.9,23360,100,23363.2,25,525,12289500
NIFTY-I.NFO,12/06/2024,09:29:56,23364.25,23362.7,150,23362.95,25,250,12289500
NIFTY-I.NFO,12/06/2024,09:29:58,23365,23362.45,25,23365.25,75,450,12289500
NIFTY-I.NFO,12/06/2024,09:29:59,23363,23362.85,100,23365.25,75,125,12289500
NIFTY-I.NFO,12/06/2024,09:30:01,23362.95,23363,100,23365.25,325,500,12289500
NIFTY-I.NFO,12/06/2024,09:30:03,23364.1,23364.1,75,23366.55,225,1050,12289500
NIFTY-I.NFO,12/06/2024,09:30:03,23366.55,23364.1,75,23366.55,225,0,12289500
NIFTY-I.NFO,12/06/2024,09:30:04,23362.05,23362.05,75,23362.45,50,675,12289500
NIFTY-I.NFO,12/06/2024,09:30:06,23364.75,23362.4,100,23364.8,25,700,12289500
NIFTY-I.NFO,12/06/2024,09:30:08,23362.55,23362.55,25,23366.3,175,1600,12289500
NIFTY-I.NFO,12/06/2024,09:30:09,23362.95,23362.9,100,23365.9,225,75,12289500
NIFTY-I.NFO,12/06/2024,09:30:11,23364.85,23362.9,75,23365.15,25,275,12289500
NIFTY-I.NFO,12/06/2024,09:30:13,23362.3,23362.2,75,23364.7,150,450,12289500
NIFTY-I.NFO,12/06/2024,09:30:14,23362.15,23362.05,50,23362.85,25,500,12289500
NIFTY-I.NFO,12/06/2024,09:30:16,23364,23362.05,25,23364.35,125,1700,12289500
NIFTY-I.NFO,12/06/2024,09:30:18,23361.35,23361.35,125,23362.2,75,725,12289500
NIFTY-I.NFO,12/06/2024,09:30:19,23361.35,23361.35,25,23362.15,400,175,12289500
NIFTY-I.NFO,12/06/2024,09:30:21,23362.35,23363.25,75,23364.35,25,650,12289500
NIFTY-I.NFO,12/06/2024,09:30:23,23364.95,23364.85,75,23366,900,1800,12289500
NIFTY-I.NFO,12/06/2024,09:30:24,23363,23362.2,300,23364.65,25,975,12289500
NIFTY-I.NFO,12/06/2024,09:30:26,23366,23365.55,50,23366,225,475,12289500
NIFTY-I.NFO,12/06/2024,09:30:28,23364.65,23364.7,100,23365,50,400,12289500
NIFTY-I.NFO,12/06/2024,09:30:29,23364.7,23364.7,50,23366.55,50,450,12289500
NIFTY-I.NFO,12/06/2024,09:30:31,23366.6,23366.6,50,23367,25,350,12307900
NIFTY-I.NFO,12/06/2024,09:30:31,23367.25,23366.6,50,23367,25,0,12307900
NIFTY-I.NFO,12/06/2024,09:30:32,23365.6,23364.7,25,23365.9,250,1500,12307900
NIFTY-I.NFO,12/06/2024,09:30:34,23366.75,23365.65,100,23366.75,200,375,12307900
NIFTY-I.NFO,12/06/2024,09:30:36,23366.75,23365.65,100,23366.75,150,475,12307900
NIFTY-I.NFO,12/06/2024,09:30:37,23365.7,23365.7,50,23366.95,25,1300,12307900
NIFTY-I.NFO,12/06/2024,09:30:39,23365.45,23365.15,150,23366.15,525,1100,12307900
NIFTY-I.NFO,12/06/2024,09:30:41,23365.75,23364.35,75,23365.75,50,950,12307900
NIFTY-I.NFO,12/06/2024,09:30:42,23365.75,23364.25,75,23365.75,25,625,12307900
NIFTY-I.NFO,12/06/2024,09:30:44,23364,23364,75,23364.55,425,750,12307900
NIFTY-I.NFO,12/06/2024,09:30:46,23364.55,23364.6,25,23364.65,25,875,12307900
NIFTY-I.NFO,12/06/2024,09:30:47,23364.15,23364.15,75,23365.25,225,400,12307900
NIFTY-I.NFO,12/06/2024,09:30:49,23365.25,23364.05,75,23365.25,150,475,12307900
NIFTY-I.NFO,12/06/2024,09:30:50,23364.35,23362.25,50,23363,25,1350,12307900
NIFTY-I.NFO,12/06/2024,09:30:52,23362.85,23363.4,150,23364.15,50,400,12307900
NIFTY-I.NFO,12/06/2024,09:30:54,23362.25,23362.25,75,23364,600,625,12307900
NIFTY-I.NFO,12/06/2024,09:30:55,23361.85,23361.9,100,23364,200,7550,12307900
NIFTY-I.NFO,12/06/2024,09:30:57,23362,23362,125,23362.2,25,75,12307900
NIFTY-I.NFO,12/06/2024,09:30:59,23362.75,23362.4,25,23362.7,150,450,12307900
NIFTY-I.NFO,12/06/2024,09:31:00,23362,23362,75,23362.05,75,225,12307900
NIFTY-I.NFO,12/06/2024,09:31:02,23363.75,23361.6,25,23361.95,25,625,12307900
NIFTY-I.NFO,12/06/2024,09:31:04,23362.8,23362.8,350,23362.85,50,600,12307900
NIFTY-I.NFO,12/06/2024,09:31:05,23361.75,23360.65,125,23361.95,600,800,12307900
NIFTY-I.NFO,12/06/2024,09:31:07,23360.5,23360.4,150,23361,25,125,12307900
NIFTY-I.NFO,12/06/2024,09:31:09,23360,23360,725,23361.85,150,1500,12307900
NIFTY-I.NFO,12/06/2024,09:31:10,23360.1,23359.6,150,23360.4,25,1875,12307900
NIFTY-I.NFO,12/06/2024,09:31:12,23362,23360.25,300,23362,125,150,12307900
NIFTY-I.NFO,12/06/2024,09:31:14,23361,23360.75,250,23363,125,400,12307900
NIFTY-I.NFO,12/06/2024,09:31:15,23361.05,23359.5,150,23361.05,200,925,12307900
NIFTY-I.NFO,12/06/2024,09:31:17,23360.1,23357.4,350,23360.75,150,1475,12307900
NIFTY-I.NFO,12/06/2024,09:31:18,23360,23358.05,250,23360.6,25,200,12307900
NIFTY-I.NFO,12/06/2024,09:31:20,23360.75,23358.3,250,23360.75,200,125,12307900
NIFTY-I.NFO,12/06/2024,09:31:22,23360.75,23357.55,100,23358.75,125,150,12307900
NIFTY-I.NFO,12/06/2024,09:31:23,23359.35,23358.2,50,23359.75,75,225,12307900
NIFTY-I.NFO,12/06/2024,09:31:25,23357.55,23357.4,75,23359.75,75,325,12307900
NIFTY-I.NFO,12/06/2024,09:31:27,23359.75,23358.45,250,23361.1,25,2700,12307900
NIFTY-I.NFO,12/06/2024,09:31:28,23358.15,23358.15,50,23359.55,150,100,12307900
NIFTY-I.NFO,12/06/2024,09:31:30,23358.15,23358.1,150,23360,25,25,12307900
NIFTY-I.NFO,12/06/2024,09:31:32,23358.2,23358.1,400,23360.75,225,150,12307900
NIFTY-I.NFO,12/06/2024,09:31:33,23360.75,23360.05,75,23361.2,150,50,12307900
NIFTY-I.NFO,12/06/2024,09:31:35,23359.95,23359,125,23360.1,25,1100,12307900
NIFTY-I.NFO,12/06/2024,09:31:36,23357.7,23357.7,25,23358.75,250,475,12307900
NIFTY-I.NFO,12/06/2024,09:31:38,23358.65,23358.05,100,23358.5,50,100,12307900
NIFTY-I.NFO,12/06/2024,09:31:40,23356.2,23352.7,100,23356.2,25,3100,12307900
NIFTY-I.NFO,12/06/2024,09:31:41,23355,23352.7,100,23355,200,300,12307900
NIFTY-I.NFO,12/06/2024,09:31:43,23354.6,23354.6,75,23355,125,125,12307900
NIFTY-I.NFO,12/06/2024,09:31:45,23354.8,23354.25,75,23354.8,25,175,12307900
NIFTY-I.NFO,12/06/2024,09:31:46,23354.3,23354.25,150,23354.55,150,200,12307900
NIFTY-I.NFO,12/06/2024,09:31:48,23354.3,23354.3,25,23354.55,50,75,12307900
NIFTY-I.NFO,12/06/2024,09:31:50,23354.2,23354.3,175,23354.55,25,100,12307900
NIFTY-I.NFO,12/06/2024,09:31:51,23354.2,23354.2,75,23354.55,50,150,12307900
NIFTY-I.NFO,12/06/2024,09:31:53,23354.8,23354.8,175,23355,100,200,12307900
NIFTY-I.NFO,12/06/2024,09:31:55,23354.95,23353.65,100,23354.3,150,875,12307900
NIFTY-I.NFO,12/06/2024,09:31:56,23354,23354,100,23354.3,150,250,12307900
NIFTY-I.NFO,12/06/2024,09:31:58,23353.85,23354.55,500,23355,75,550,12307900
NIFTY-I.NFO,12/06/2024,09:32:00,23354.6,23354.6,50,23355,75,275,12307900
NIFTY-I.NFO,12/06/2024,09:32:01,23355.25,23355.35,75,23355.8,25,200,12307900
NIFTY-I.NFO,12/06/2024,09:32:03,23357.15,23356.85,75,23357.1,150,325,12307900
NIFTY-I.NFO,12/06/2024,09:32:05,23354.75,23354.75,50,23356.35,150,200,12307900
NIFTY-I.NFO,12/06/2024,09:32:06,23354.05,23354,50,23355.45,150,700,12307900
NIFTY-I.NFO,12/06/2024,09:32:08,23352.4,23352,150,23354.2,225,3400,12307900
NIFTY-I.NFO,12/06/2024,09:32:10,23352.65,23353.2,150,23355.25,25,1575,12307900
NIFTY-I.NFO,12/06/2024,09:32:11,23356.65,23354.5,175,23356.35,50,225,12307900
NIFTY-I.NFO,12/06/2024,09:32:13,23354.05,23354,175,23357.3,250,425,12307900
NIFTY-I.NFO,12/06/2024,09:32:14,23356,23356,100,23357.7,950,525,12307900
NIFTY-I.NFO,12/06/2024,09:32:16,23357.7,23354.9,325,23357.7,850,900,12307900
NIFTY-I.NFO,12/06/2024,09:32:18,23355.65,23355.65,250,23357.7,825,200,12307900
NIFTY-I.NFO,12/06/2024,09:32:19,23357.25,23357.2,125,23358,75,1100,12307900
NIFTY-I.NFO,12/06/2024,09:32:21,23356.6,23355.65,25,23357.9,200,125,12307900
NIFTY-I.NFO,12/06/2024,09:32:23,23358,23355.55,225,23359.05,25,475,12307900
NIFTY-I.NFO,12/06/2024,09:32:24,23360,23356.8,250,23360,350,175,12307900
NIFTY-I.NFO,12/06/2024,09:32:26,23357.15,23356.7,125,23359.9,25,450,12307900
NIFTY-I.NFO,12/06/2024,09:32:28,23359.95,23357.2,450,23359.95,25,175,12307900
NIFTY-I.NFO,12/06/2024,09:32:29,23359.9,23359.9,525,23360,75,150,12307900
NIFTY-I.NFO,12/06/2024,09:32:31,23360,23359.95,450,23361.95,25,1450,12307900
NIFTY-I.NFO,12/06/2024,09:32:32,23359.9,23359.9,250,23361.85,275,350,12307900
NIFTY-I.NFO,12/06/2024,09:32:34,23359.9,23359.9,200,23360.7,50,50,12307900
NIFTY-I.NFO,12/06/2024,09:32:36,23360,23360,450,23362.65,75,300,12307900
NIFTY-I.NFO,12/06/2024,09:32:37,23362.3,23359.9,25,23362.3,125,725,12307900
NIFTY-I.NFO,12/06/2024,09:32:39,23357.75,23357.75,275,23359.95,750,200,12307900
NIFTY-I.NFO,12/06/2024,09:32:41,23359.95,23359.1,75,23359.95,625,200,12307900
NIFTY-I.NFO,12/06/2024,09:32:42,23359.95,23359.25,275,23359.95,75,550,12307900
NIFTY-I.NFO,12/06/2024,09:32:44,23360.4,23360,300,23360.4,450,200,12307900
NIFTY-I.NFO,12/06/2024,09:32:45,23360,23360,100,23360.4,400,100,12307900
NIFTY-I.NFO,12/06/2024,09:32:47,23359.45,23357.85,250,23360.4,500,175,12307900
NIFTY-I.NFO,12/06/2024,09:32:49,23357.5,23359,150,23360,25,600,12307900
NIFTY-I.NFO,12/06/2024,09:32:50,23360.2,23359.85,75,23360.4,275,600,12307900
NIFTY-I.NFO,12/06/2024,09:32:52,23359.5,23359.4,175,23359.9,25,175,12307900
NIFTY-I.NFO,12/06/2024,09:32:54,23360.25,23359.9,225,23360.4,175,75,12307900
NIFTY-I.NFO,12/06/2024,09:32:55,23359.55,23359.4,150,23360.4,75,250,12307900
NIFTY-I.NFO,12/06/2024,09:32:57,23359.45,23359.45,100,23359.9,25,50,12307900
NIFTY-I.NFO,12/06/2024,09:32:59,23356.7,23356.7,25,23357.95,100,375,12307900
NIFTY-I.NFO,12/06/2024,09:33:00,23358,23355.05,375,23357.95,25,350,12307900
NIFTY-I.NFO,12/06/2024,09:33:02,23356.55,23356.5,375,23357,25,75,12307900
NIFTY-I.NFO,12/06/2024,09:33:03,23356.25,23355.55,275,23357.4,25,2000,12307900
NIFTY-I.NFO,12/06/2024,09:33:05,23357.4,23355.1,225,23357.4,175,475,12307900
NIFTY-I.NFO,12/06/2024,09:33:07,23355.5,23355.4,350,23356.5,50,225,12307900
NIFTY-I.NFO,12/06/2024,09:33:08,23356.25,23354.95,75,23356.45,25,175,12307900
NIFTY-I.NFO,12/06/2024,09:33:10,23355.55,23355.05,275,23357.65,100,750,12307900
NIFTY-I.NFO,12/06/2024,09:33:12,23354.8,23356.25,25,23357.6,25,275,12307900
NIFTY-I.NFO,12/06/2024,09:33:13,23352,23352,125,23354.9,125,2050,12307900
NIFTY-I.NFO,12/06/2024,09:33:15,23354.45,23353.55,25,23355,475,275,12307900
NIFTY-I.NFO,12/06/2024,09:33:17,23353.45,23350.05,25,23352,25,825,12307900
NIFTY-I.NFO,12/06/2024,09:33:18,23350.9,23351.3,275,23354.65,25,375,12307900
NIFTY-I.NFO,12/06/2024,09:33:20,23353.3,23353.4,50,23354.8,25,550,12307900
NIFTY-I.NFO,12/06/2024,09:33:21,23351.8,23353.4,125,23355,25,925,12307900
NIFTY-I.NFO,12/06/2024,09:33:23,23354,23351.45,125,23354,75,275,12307900
NIFTY-I.NFO,12/06/2024,09:33:25,23351.8,23351.15,250,23354,100,300,12307900
NIFTY-I.NFO,12/06/2024,09:33:26,23351.45,23351.75,125,23354,100,25,12307900
NIFTY-I.NFO,12/06/2024,09:33:28,23352.95,23353.05,75,23355,25,525,12307900
NIFTY-I.NFO,12/06/2024,09:33:30,23354.4,23353.85,50,23355.55,25,225,12307900
NIFTY-I.NFO,12/06/2024,09:33:31,23350.55,23350.5,150,23354,25,1875,12307200
NIFTY-I.NFO,12/06/2024,09:33:33,23352,23351.05,150,23351.75,475,175,12307200
NIFTY-I.NFO,12/06/2024,09:33:35,23351.75,23350,2575,23351.75,350,300,12307200
NIFTY-I.NFO,12/06/2024,09:33:36,23349,23349,25,23350,250,2725,12307200
NIFTY-I.NFO,12/06/2024,09:33:38,23349.75,23349.65,150,23350,200,100,12307200
NIFTY-I.NFO,12/06/2024,09:33:40,23350.55,23348.6,350,23351,25,500,12307200
NIFTY-I.NFO,12/06/2024,09:33:41,23349.35,23349.25,150,23350,25,75,12307200
NIFTY-I.NFO,12/06/2024,09:33:43,23348.35,23348.35,125,23351,25,225,12307200
NIFTY-I.NFO,12/06/2024,09:33:45,23350,23349.05,250,23351,25,175,12307200
NIFTY-I.NFO,12/06/2024,09:33:46,23348.95,23348.95,150,23351.75,225,350,12307200
NIFTY-I.NFO,12/06/2024,09:33:48,23350.05,23350.05,150,23351.75,225,50,12307200
NIFTY-I.NFO,12/06/2024,09:33:49,23350.05,23350.15,200,23351.75,225,100,12307200
NIFTY-I.NFO,12/06/2024,09:33:51,23351.75,23350.9,325,23351.75,200,75,12307200
NIFTY-I.NFO,12/06/2024,09:33:53,23349.9,23348.9,175,23350.05,25,2075,12307200
NIFTY-I.NFO,12/06/2024,09:33:54,23350.1,23350.05,125,23350.95,200,225,12307200
NIFTY-I.NFO,12/06/2024,09:33:56,23350.95,23349.8,100,23350.95,25,600,12307200
NIFTY-I.NFO,12/06/2024,09:33:58,23348.4,23348.4,175,23349.75,50,175,12307200
NIFTY-I.NFO,12/06/2024,09:33:59,23348.85,23348.85,175,23349.1,25,300,12307200
NIFTY-I.NFO,12/06/2024,09:34:01,23350,23349.25,125,23350,1725,525,12307200
NIFTY-I.NFO,12/06/2024,09:34:03,23349.6,23349.55,75,23349.6,25,475,12307200
NIFTY-I.NFO,12/06/2024,09:34:04,23349,23348.85,225,23349.8,75,775,12307200
NIFTY-I.NFO,12/06/2024,09:34:06,23352.6,23352.6,125,23354.2,25,3600,12307200
NIFTY-I.NFO,12/06/2024,09:34:08,23352.8,23352.8,150,23356.15,25,375,12307200
NIFTY-I.NFO,12/06/2024,09:34:09,23352.35,23352.35,150,23356.15,25,200,12307200
NIFTY-I.NFO,12/06/2024,09:34:11,23357.65,23354.45,200,23357.65,75,550,12307200
NIFTY-I.NFO,12/06/2024,09:34:13,23358,23356.2,75,23359.5,100,150,12307200
NIFTY-I.NFO,12/06/2024,09:34:14,23359.25,23356.15,150,23357,25,25,12307200
NIFTY-I.NFO,12/06/2024,09:34:16,23359.55,23356.15,25,23359.55,25,275,12307200
NIFTY-I.NFO,12/06/2024,09:34:17,23357.65,23355.15,125,23356,25,175,12307200
NIFTY-I.NFO,12/06/2024,09:34:19,23355.25,23355.2,225,23358,25,125,12307200
NIFTY-I.NFO,12/06/2024,09:34:21,23357.85,23357.2,75,23359.55,50,350,12307200
NIFTY-I.NFO,12/06/2024,09:34:22,23356.6,23356.6,50,23358,400,325,12307200
NIFTY-I.NFO,12/06/2024,09:34:24,23359.85,23355.8,175,23359.75,25,850,12307200
NIFTY-I.NFO,12/06/2024,09:34:25,23356.35,23355.85,175,23359.55,75,175,12307200
NIFTY-I.NFO,12/06/2024,09:34:27,23356.45,23356.45,25,23359.3,25,100,12307200
NIFTY-I.NFO,12/06/2024,09:34:29,23359.3,23356.45,75,23359.55,75,25,12307200
NIFTY-I.NFO,12/06/2024,09:34:30,23359.55,23355.9,125,23359.55,50,175,12307200
NIFTY-I.NFO,12/06/2024,09:34:32,23357.6,23356.05,25,23359.5,25,100,12307200
NIFTY-I.NFO,12/06/2024,09:34:34,23355.75,23355.65,250,23358.5,100,100,12307200
NIFTY-I.NFO,12/06/2024,09:34:35,23354.95,23354.95,175,23355.65,25,200,12307200
NIFTY-I.NFO,12/06/2024,09:34:37,23354.25,23354.15,150,23354.75,25,250,12307200
NIFTY-I.NFO,12/06/2024,09:34:39,23353.95,23353.9,100,23355.6,50,250,12307200
NIFTY-I.NFO,12/06/2024,09:34:40,23355.6,23354.15,200,23355.85,25,100,12307200
NIFTY-I.NFO,12/06/2024,09:34:42,23354.9,23354.8,125,23358,75,350,12307200
NIFTY-I.NFO,12/06/2024,09:34:43,23353.85,23353.75,150,23354.75,25,200,12307200
NIFTY-I.NFO,12/06/2024,09:34:45,23354.75,23353.7,125,23354.9,25,50,12307200
NIFTY-I.NFO,12/06/2024,09:34:47,23356.15,23355.3,150,23358,75,200,12307200
NIFTY-I.NFO,12/06/2024,09:34:48,23358,23355.4,225,23358,50,475,12307200
NIFTY-I.NFO,12/06/2024,09:34:50,23355.15,23355.15,225,23358,50,575,12307200
NIFTY-I.NFO,12/06/2024,09:34:52,23354,23354.4,125,23358.45,100,1500,12307200
NIFTY-I.NFO,12/06/2024,09:34:53,23355,23353.65,250,23354.8,25,150,12307200
NIFTY-I.NFO,12/06/2024,09:34:55,23354.1,23354.1,200,23357.85,25,175,12307200
NIFTY-I.NFO,12/06/2024,09:34:57,23354.1,23354.1,125,23357.7,25,75,12307200
NIFTY-I.NFO,12/06/2024,09:34:58,23353.6,23353.6,100,23354.1,50,150,12307200
NIFTY-I.NFO,12/06/2024,09:35:00,23352.8,23351.55,250,23352.8,25,350,12307200
NIFTY-I.NFO,12/06/2024,09:35:01,23352.1,23353.1,125,23354.1,25,425,12307200
NIFTY-I.NFO,12/06/2024,09:35:03,23354.75,23353.6,225,23355.15,75,250,12307200
NIFTY-I.NFO,12/06/2024,09:35:05,23353.6,23351.4,250,23353,175,50,12307200
NIFTY-I.NFO,12/06/2024,09:35:06,23351.55,23351.4,100,23353,125,125,12307200
NIFTY-I.NFO,12/06/2024,09:35:08,23351.35,23351.25,150,23353,125,50,12307200
NIFTY-I.NFO,12/06/2024,09:35:10,23350.4,23350.4,350,23353,25,325,12307200
NIFTY-I.NFO,12/06/2024,09:35:11,23350,23350.3,125,23353.85,25,2400,12307200
NIFTY-I.NFO,12/06/2024,09:35:13,23350,23351.05,250,23354.5,100,1500,12307200
NIFTY-I.NFO,12/06/2024,09:35:14,23350,23349.65,200,23351,25,250,12307200
NIFTY-I.NFO,12/06/2024,09:35:16,23354,23350.9,150,23353.2,25,75,12307200
NIFTY-I.NFO,12/06/2024,09:35:17,23355.9,23351,350,23354.85,125,675,12307200
NIFTY-I.NFO,12/06/2024,09:35:19,23351.1,23351,200,23354.55,25,200,12307200
NIFTY-I.NFO,12/06/2024,09:35:21,23351.65,23351.6,25,23353,100,125,12307200
NIFTY-I.NFO,12/06/2024,09:35:22,23352,23352.3,125,23356.1,25,775,12307200
NIFTY-I.NFO,12/06/2024,09:35:24,23352.6,23352.6,125,23354,200,375,12307200
NIFTY-I.NFO,12/06/2024,09:35:25,23354.1,23353.6,50,23356.8,100,425,12307200
NIFTY-I.NFO,12/06/2024,09:35:27,23354.1,23353.6,125,23357.45,100,75,12307200
NIFTY-I.NFO,12/06/2024,09:35:28,23354.85,23354.8,100,23356.75,100,50,12307200
NIFTY-I.NFO,12/06/2024,09:35:30,23355.3,23352.9,75,23356.4,25,125,12307200
NIFTY-I.NFO,12/06/2024,09:35:31,23354.75,23354.75,175,23354.85,25,75,12307200
NIFTY-I.NFO,12/06/2024,09:35:33,23354.8,23354.75,25,23354.85,25,50,12307200
NIFTY-I.NFO,12/06/2024,09:35:35,23354.75,23353.25,150,23354.85,25,25,12307200
NIFTY-I.NFO,12/06/2024,09:35:36,23354.05,23353.6,125,23357.55,25,650,12307200
NIFTY-I.NFO,12/06/2024,09:35:38,23355.15,23355.1,375,23356,25,100,12307200
NIFTY-I.NFO,12/06/2024,09:35:39,23356,23355.6,250,23357,75,50,12307200
NIFTY-I.NFO,12/06/2024,09:35:41,23355,23355.1,300,23357,25,100,12307200
NIFTY-I.NFO,12/06/2024,09:35:43,23355.3,23355.75,25,23356.6,25,75,12307200
NIFTY-I.NFO,12/06/2024,09:35:44,23354.6,23354.6,125,23358,325,225,12307200
NIFTY-I.NFO,12/06/2024,09:35:46,23356.1,23356.1,75,23357,50,100,12307200
NIFTY-I.NFO,12/06/2024,09:35:47,23358,23355.6,50,23358,200,75,12307200
NIFTY-I.NFO,12/06/2024,09:35:49,23355.35,23355.25,75,23358,200,75,12307200
NIFTY-I.NFO,12/06/2024,09:35:50,23357,23356.6,250,23358,200,200,12307200
NIFTY-I.NFO,12/06/2024,09:35:52,23358,23357.1,100,23358.6,25,450,12307200
NIFTY-I.NFO,12/06/2024,09:35:54,23358,23358,50,23358.6,25,25,12307200
NIFTY-I.NFO,12/06/2024,09:35:55,23358,23357.1,125,23358.6,25,50,12307200
NIFTY-I.NFO,12/06/2024,09:35:57,23358.1,23356.6,50,23358.5,25,50,12307200
NIFTY-I.NFO,12/06/2024,09:35:58,23358,23358.5,50,23359,75,75,12307200
NIFTY-I.NFO,12/06/2024,09:36:00,23359,23355.85,150,23359,50,800,12307200
NIFTY-I.NFO,12/06/2024,09:36:01,23359.3,23356.9,175,23358.6,50,100,12307200
NIFTY-I.NFO,12/06/2024,09:36:03,23354.9,23354.6,75,23355.85,825,700,12307200
NIFTY-I.NFO,12/06/2024,09:36:05,23354.95,23354.85,150,23355.85,650,225,12307200
NIFTY-I.NFO,12/06/2024,09:36:06,23355.85,23356.1,50,23357,50,700,12307200
NIFTY-I.NFO,12/06/2024,09:36:08,23356.1,23356.1,25,23357,50,25,12307200
NIFTY-I.NFO,12/06/2024,09:36:09,23355.85,23356.05,325,23358,25,150,12307200
NIFTY-I.NFO,12/06/2024,09:36:11,23358,23357.05,250,23358.6,50,775,12307200
NIFTY-I.NFO,12/06/2024,09:36:13,23363,23360.55,75,23363.8,25,2050,12307200
NIFTY-I.NFO,12/06/2024,09:36:14,23361.55,23361.1,50,23364,25,50,12307200
NIFTY-I.NFO,12/06/2024,09:36:16,23363.8,23361.05,225,23363.8,275,750,12307200
NIFTY-I.NFO,12/06/2024,09:36:18,23361.55,23361.7,50,23362,25,325,12307200
NIFTY-I.NFO,12/06/2024,09:36:19,23362.1,23362.2,100,23362.55,25,300,12307200
NIFTY-I.NFO,12/06/2024,09:36:21,23362.6,23362.55,225,23365,775,450,12307200
NIFTY-I.NFO,12/06/2024,09:36:23,23361.25,23362.4,100,23365,725,825,12307200
NIFTY-I.NFO,12/06/2024,09:36:24,23365,23364.1,75,23366,275,725,12307200
NIFTY-I.NFO,12/06/2024,09:36:26,23366,23365.2,25,23366,100,500,12307200
NIFTY-I.NFO,12/06/2024,09:36:28,23365,23363.3,75,23364,25,250,12307200
NIFTY-I.NFO,12/06/2024,09:36:29,23362.2,23362.2,25,23364.6,25,1675,12307200
NIFTY-I.NFO,12/06/2024,09:36:31,23364.45,23362.1,75,23365.2,50,875,12314900
NIFTY-I.NFO,12/06/2024,09:36:33,23365,23362.05,25,23365.1,25,250,12314900
NIFTY-I.NFO,12/06/2024,09:36:34,23365,23362.7,50,23365,175,100,12314900
NIFTY-I.NFO,12/06/2024,09:36:36,23362.7,23362.7,75,23364.7,25,75,12314900
NIFTY-I.NFO,12/06/2024,09:36:37,23362,23362,100,23363,125,575,12314900
NIFTY-I.NFO,12/06/2024,09:36:39,23356.9,23358.15,75,23359.85,100,2050,12314900
NIFTY-I.NFO,12/06/2024,09:36:41,23356.5,23356.5,100,23359.95,100,475,12314900
NIFTY-I.NFO,12/06/2024,09:36:42,23355.05,23355.05,225,23356.6,100,950,12314900
NIFTY-I.NFO,12/06/2024,09:36:44,23354,23353.55,50,23357.25,100,950,12314900
NIFTY-I.NFO,12/06/2024,09:36:46,23352.55,23353.15,375,23356.4,100,650,12314900
NIFTY-I.NFO,12/06/2024,09:36:47,23357.5,23354.15,25,23358.05,50,250,12314900
NIFTY-I.NFO,12/06/2024,09:36:49,23356.9,23353.2,375,23356.85,25,25,12314900
NIFTY-I.NFO,12/06/2024,09:36:51,23356.4,23353.8,25,23358.1,25,25,12314900
NIFTY-I.NFO,12/06/2024,09:36:52,23353.75,23353.9,350,23357.55,25,100,12314900
NIFTY-I.NFO,12/06/2024,09:36:54,23359,23354.05,50,23357.8,25,1050,12314900
NIFTY-I.NFO,12/06/2024,09:36:56,23357.55,23354.2,375,23356,150,725,12314900
NIFTY-I.NFO,12/06/2024,09:36:57,23354.15,23354,1000,23356,150,50,12314900
NIFTY-I.NFO,12/06/2024,09:36:59,23359.4,23355.65,250,23358.8,25,700,12314900
NIFTY-I.NFO,12/06/2024,09:37:01,23358.25,23355.4,250,23359.25,25,175,12314900
NIFTY-I.NFO,12/06/2024,09:37:02,23356,23356.85,250,23360,75,25,12314900
NIFTY-I.NFO,12/06/2024,09:37:04,23359.55,23358.25,125,23359.95,25,75,12314900
NIFTY-I.NFO,12/06/2024,09:37:06,23360,23357.9,50,23360,25,200,12314900
NIFTY-I.NFO,12/06/2024,09:37:07,23360,23358.6,25,23361.55,25,25,12314900
NIFTY-I.NFO,12/06/2024,09:37:09,23360.25,23360.2,25,23362,25,700,12314900
NIFTY-I.NFO,12/06/2024,09:37:11,23358.65,23358.65,75,23361.35,25,650,12314900
NIFTY-I.NFO,12/06/2024,09:37:12,23358.9,23358.65,75,23363.05,25,650,12314900
NIFTY-I.NFO,12/06/2024,09:37:14,23358.95,23359.1,50,23363.15,50,75,12314900
NIFTY-I.NFO,12/06/2024,09:37:16,23362.35,23359.55,100,23361.5,50,100,12314900
NIFTY-I.NFO,12/06/2024,09:37:17,23359.7,23359.1,500,23362.8,100,775,12314900
NIFTY-I.NFO,12/06/2024,09:37:19,23361.3,23361.3,100,23364.3,25,100,12314900
NIFTY-I.NFO,12/06/2024,09:37:21,23364.9,23361.5,275,23365,1525,50,12314900
NIFTY-I.NFO,12/06/2024,09:37:22,23361.5,23361.5,50,23365,2050,125,12314900
NIFTY-I.NFO,12/06/2024,09:37:24,23361.65,23361.35,500,23364.9,25,300,12314900
NIFTY-I.NFO,12/06/2024,09:37:26,23364.9,23361.35,525,23363.75,75,50,12314900
NIFTY-I.NFO,12/06/2024,09:37:27,23361.35,23361.35,500,23364,25,150,12314900
NIFTY-I.NFO,12/06/2024,09:37:29,23361.35,23361.35,225,23362.95,25,0,12314900
NIFTY-I.NFO,12/06/2024,09:37:30,23363.45,23361.4,250,23364.3,25,225,12314900
NIFTY-I.NFO,12/06/2024,09:37:32,23362.5,23362.2,525,23364.9,25,175,12314900
NIFTY-I.NFO,12/06/2024,09:37:34,23364.2,23362.6,250,23365,1750,275,12314900
NIFTY-I.NFO,12/06/2024,09:37:35,23365,23362.95,250,23365,1675,100,12314900
NIFTY-I.NFO,12/06/2024,09:37:37,23363.75,23363.75,25,23364.95,50,100,12314900
NIFTY-I.NFO,12/06/2024,09:37:39,23363.25,23363.2,500,23364.95,25,125,12314900
NIFTY-I.NFO,12/06/2024,09:37:40,23364.95,23364.2,500,23365,1700,75,12314900
NIFTY-I.NFO,12/06/2024,09:37:42,23365,23363.75,75,23365,1625,125,12314900
NIFTY-I.NFO,12/06/2024,09:37:44,23363.7,23363.8,75,23364.95,25,1000,12314900
NIFTY-I.NFO,12/06/2024,09:37:45,23364.9,23364.75,500,23365.95,150,925,12314900
NIFTY-I.NFO,12/06/2024,09:37:47,23364.45,23364.55,75,23366.6,50,700,12314900
NIFTY-I.NFO,12/06/2024,09:37:49,23366,23365.45,75,23367,325,100,12314900
NIFTY-I.NFO,12/06/2024,09:37:50,23368,23366.9,200,23368,225,650,12314900
NIFTY-I.NFO,12/06/2024,09:37:50,23368,23366.9,200,23368,225,0,12314900
NIFTY-I.NFO,12/06/2024,09:37:52,23367.6,23367.6,100,23369,125,2000,12314900
NIFTY-I.NFO,12/06/2024,09:37:52,23369,23367.6,100,23369,125,0,12314900
NIFTY-I.NFO,12/06/2024,09:37:54,23369.85,23367.45,50,23369.85,500,1425,12314900
NIFTY-I.NFO,12/06/2024,09:37:54,23369.85,23367.45,50,23369.85,500,0,12314900
NIFTY-I.NFO,12/06/2024,09:37:55,23367.5,23367,75,23369,50,150,12314900
NIFTY-I.NFO,12/06/2024,09:37:57,23370,23367.35,275,23370,1225,3325,12314900
NIFTY-I.NFO,12/06/2024,09:37:57,23370,23367.35,275,23370,1225,0,12314900
NIFTY-I.NFO,12/06/2024,09:37:59,23369.1,23367.15,75,23369.85,1250,175,12314900
NIFTY-I.NFO,12/06/2024,09:38:00,23369.85,23367.45,500,23369.85,875,575,12314900
NIFTY-I.NFO,12/06/2024,09:38:02,23366.4,23366.4,25,23368,25,125,12314900
NIFTY-I.NFO,12/06/2024,09:38:04,23366.35,23366.35,825,23369,25,475,12314900
NIFTY-I.NFO,12/06/2024,09:38:05,23367.15,23366.8,250,23369.35,25,525,12314900
NIFTY-I.NFO,12/06/2024,09:38:07,23369.3,23367.8,25,23369.6,25,250,12314900
NIFTY-I.NFO,12/06/2024,09:38:09,23368.75,23368.75,75,23369,50,575,12314900
NIFTY-I.NFO,12/06/2024,09:38:10,23367.2,23366.9,650,23369.5,25,600,12314900
NIFTY-I.NFO,12/06/2024,09:38:12,23367.8,23366.2,150,23368.35,125,450,12314900
NIFTY-I.NFO,12/06/2024,09:38:14,23365,23365.25,150,23367.5,25,225,12314900
NIFTY-I.NFO,12/06/2024,09:38:15,23368,23367,25,23368.05,25,250,12314900
NIFTY-I.NFO,12/06/2024,09:38:17,23368.7,23365.25,25,23366.85,300,825,12314900
NIFTY-I.NFO,12/06/2024,09:38:19,23366.85,23365.25,275,23366.85,250,100,12314900
NIFTY-I.NFO,12/06/2024,09:38:20,23366.35,23366.35,150,23366.85,200,125,12314900
NIFTY-I.NFO,12/06/2024,09:38:22,23366.85,23365,1825,23368.65,300,1450,12314900
NIFTY-I.NFO,12/06/2024,09:38:24,23366,23365,1850,23366,550,225,12314900
NIFTY-I.NFO,12/06/2024,09:38:25,23366,23365,1875,23366,550,0,12314900
NIFTY-I.NFO,12/06/2024,09:38:27,23366,23366.55,25,23366.85,125,575,12314900
NIFTY-I.NFO,12/06/2024,09:38:29,23365,23366,75,23366.85,25,600,12314900
NIFTY-I.NFO,12/06/2024,09:38:30,23365,23365,1075,23366,25,100,12314900
NIFTY-I.NFO,12/06/2024,09:38:32,23365,23365,675,23368.1,25,950,12314900
NIFTY-I.NFO,12/06/2024,09:38:34,23365,23365,600,23368.55,50,200,12314900
NIFTY-I.NFO,12/06/2024,09:38:35,23365,23364.5,150,23368.05,150,650,12314900
NIFTY-I.NFO,12/06/2024,09:38:37,23368.15,23364.5,150,23366.65,200,50,12314900
NIFTY-I.NFO,12/06/2024,09:38:39,23365,23363.15,150,23365,25,175,12314900
NIFTY-I.NFO,12/06/2024,09:38:40,23363.15,23363.1,225,23364.5,25,25,12314900
NIFTY-I.NFO,12/06/2024,09:38:42,23366,23366,100,23367,150,900,12314900
NIFTY-I.NFO,12/06/2024,09:38:44,23366,23366.05,600,23367,150,50,12314900
NIFTY-I.NFO,12/06/2024,09:38:45,23368.7,23366.25,25,23369,75,250,12314900
NIFTY-I.NFO,12/06/2024,09:38:47,23366.25,23366.2,250,23369.05,75,150,12314900
NIFTY-I.NFO,12/06/2024,09:38:49,23367.05,23367,200,23369,125,300,12314900
NIFTY-I.NFO,12/06/2024,09:38:50,23369,23367.05,25,23369,75,50,12314900
NIFTY-I.NFO,12/06/2024,09:38:52,23369,23367.35,50,23369,50,75,12314900
NIFTY-I.NFO,12/06/2024,09:38:54,23367.05,23367.2,50,23370,2550,200,12314900
NIFTY-I.NFO,12/06/2024,09:38:55,23369,23367.6,150,23369,25,225,12314900
NIFTY-I.NFO,12/06/2024,09:38:57,23370,23369,400,23370,2500,200,12314900
NIFTY-I.NFO,12/06/2024,09:38:59,23373.2,23372.75,125,23373.2,225,4875,12314900
NIFTY-I.NFO,12/06/2024,09:38:59,23373.2,23372.75,125,23373.2,225,0,12314900
NIFTY-I.NFO,12/06/2024,09:39:00,23371,23370,25,23371.5,75,2075,12314900
NIFTY-I.NFO,12/06/2024,09:39:00,23374.8,23370,25,23371.5,75,0,12314900
NIFTY-I.NFO,12/06/2024,09:39:02,23370,23370,50,23373.1,125,350,12314900
NIFTY-I.NFO,12/06/2024,09:39:04,23372.35,23370.05,1800,23373.55,25,350,12314900
NIFTY-I.NFO,12/06/2024,09:39:05,23373.2,23369.9,175,23373.95,25,525,12314900
NIFTY-I.NFO,12/06/2024,09:39:07,23370.1,23369.9,125,23373.8,125,100,12314900
NIFTY-I.NFO,12/06/2024,09:39:09,23370.65,23370.65,1700,23373.7,150,275,12314900
NIFTY-I.NFO,12/06/2024,09:39:10,23373.15,23370.65,1600,23372.95,25,850,12314900
NIFTY-I.NFO,12/06/2024,09:39:12,23373,23370.15,100,23373,75,1775,12314900
NIFTY-I.NFO,12/06/2024,09:39:14,23370.65,23370,300,23371.45,25,50,12314900
NIFTY-I.NFO,12/06/2024,09:39:15,23372.2,23369,300,23371.8,25,975,12314900
NIFTY-I.NFO,12/06/2024,09:39:17,23369,23369,25,23371.6,125,250,12314900
NIFTY-I.NFO,12/06/2024,09:39:19,23369.05,23369.05,250,23372.9,25,1450,12314900
NIFTY-I.NFO,12/06/2024,09:39:20,23373.3,23369.95,250,23373.45,25,175,12314900
NIFTY-I.NFO,12/06/2024,09:39:22,23370,23370.65,25,23373,150,175,12314900
NIFTY-I.NFO,12/06/2024,09:39:24,23372.25,23369.2,100,23373,225,125,12314900
NIFTY-I.NFO,12/06/2024,09:39:25,23370.65,23370.1,25,23373,300,75,12314900
NIFTY-I.NFO,12/06/2024,09:39:27,23372.25,23370.5,150,23372,25,75,12314900
NIFTY-I.NFO,12/06/2024,09:39:29,23370,23370,125,23372.05,25,200,12314900
NIFTY-I.NFO,12/06/2024,09:39:30,23369.75,23370,50,23370.7,125,325,12314900
NIFTY-I.NFO,12/06/2024,09:39:32,23367.05,23366.65,375,23370.4,125,1575,12317125
NIFTY-I.NFO,12/06/2024,09:39:34,23370,23369.4,25,23370,300,200,12317125
NIFTY-I.NFO,12/06/2024,09:39:35,23370,23369.1,150,23370,25,300,12317125
NIFTY-I.NFO,12/06/2024,09:39:37,23372.15,23369.15,150,23372.95,200,375,12317125
NIFTY-I.NFO,12/06/2024,09:39:39,23373,23369.4,375,23373,200,375,12317125
NIFTY-I.NFO,12/06/2024,09:39:40,23370,23369.75,25,23372.4,150,200,12317125
NIFTY-I.NFO,12/06/2024,09:39:42,23372.95,23370.15,250,23373,25,225,12317125
NIFTY-I.NFO,12/06/2024,09:39:44,23373,23369.65,250,23373.1,25,1325,12317125
NIFTY-I.NFO,12/06/2024,09:39:45,23369.8,23369.75,175,23372.15,50,225,12317125
NIFTY-I.NFO,12/06/2024,09:39:47,23372.15,23369.65,25,23372.15,100,275,12317125
NIFTY-I.NFO,12/06/2024,09:39:49,23370,23372.15,150,23374,925,1150,12317125
NIFTY-I.NFO,12/06/2024,09:39:50,23372.15,23370.75,375,23373.65,25,175,12317125
NIFTY-I.NFO,12/06/2024,09:39:52,23371.3,23371.25,25,23374,650,325,12317125
NIFTY-I.NFO,12/06/2024,09:39:53,23371.1,23371.2,75,23374,750,300,12317125
NIFTY-I.NFO,12/06/2024,09:39:55,23374,23371.05,75,23374,400,400,12317125
NIFTY-I.NFO,12/06/2024,09:39:57,23368.5,23369.05,75,23371.25,50,1075,12317125
NIFTY-I.NFO,12/06/2024,09:39:58,23368.4,23370,25,23371.2,25,300,12317125
NIFTY-I.NFO,12/06/2024,09:40:00,23369.75,23369.65,100,23370,100,200,12317125
NIFTY-I.NFO,12/06/2024,09:40:02,23369.9,23368.05,75,23370.35,175,575,12317125
NIFTY-I.NFO,12/06/2024,09:40:03,23368.05,23368,100,23371.25,25,225,12317125
NIFTY-I.NFO,12/06/2024,09:40:05,23369.45,23368.75,75,23371,25,75,12317125
NIFTY-I.NFO,12/06/2024,09:40:07,23369.45,23369.45,25,23369.75,25,150,12317125
NIFTY-I.NFO,12/06/2024,09:40:08,23369.45,23369.6,75,23371.3,25,100,12317125
NIFTY-I.NFO,12/06/2024,09:40:10,23370.85,23371.05,75,23374,25,675,12317125
NIFTY-I.NFO,12/06/2024,09:40:11,23371,23370.3,75,23374.65,25,100,12317125
NIFTY-I.NFO,12/06/2024,09:40:13,23374.8,23371.6,175,23374.85,25,300,12317125
NIFTY-I.NFO,12/06/2024,09:40:15,23371.6,23371.6,250,23374,75,250,12317125
NIFTY-I.NFO,12/06/2024,09:40:15,23374.85,23371.6,250,23374,75,0,12317125
NIFTY-I.NFO,12/06/2024,09:40:16,23371.6,23371.6,350,23374,75,0,12317125
NIFTY-I.NFO,12/06/2024,09:40:18,23374.7,23373.1,75,23374.7,25,450,12317125
NIFTY-I.NFO,12/06/2024,09:40:20,23372.75,23373.05,250,23374.05,25,950,12317125
NIFTY-I.NFO,12/06/2024,09:40:21,23378.75,23375.5,75,23375.85,25,10175,12317125
NIFTY-I.NFO,12/06/2024,09:40:21,23378.75,23375.5,75,23375.85,25,0,12317125
NIFTY-I.NFO,12/06/2024,09:40:23,23379,23376.15,75,23379.85,25,950,12317125
NIFTY-I.NFO,12/06/2024,09:40:23,23379.95,23376.15,75,23379.85,25,0,12317125
NIFTY-I.NFO,12/06/2024,09:40:24,23379.5,23376.4,100,23379.15,25,700,12317125
NIFTY-I.NFO,12/06/2024,09:40:26,23379,23376.4,50,23379.9,25,775,12317125
NIFTY-I.NFO,12/06/2024,09:40:28,23379.5,23375.45,125,23379.35,25,1150,12317125
NIFTY-I.NFO,12/06/2024,09:40:28,23380,23375.45,125,23379.35,25,0,12317125
NIFTY-I.NFO,12/06/2024,09:40:29,23378.6,23376.25,175,23379.8,50,250,12317125
NIFTY-I.NFO,12/06/2024,09:40:31,23381.65,23381.65,125,23382,1525,10200,12317125
NIFTY-I.NFO,12/06/2024,09:40:31,23381.7,23381.65,125,23382,1525,0,12317125
NIFTY-I.NFO,12/06/2024,09:40:33,23382,23380.05,25,23382,775,1150,12317125
NIFTY-I.NFO,12/06/2024,09:40:33,23382,23380.05,25,23382,775,0,12317125
NIFTY-I.NFO,12/06/2024,09:40:34,23382,23380.05,100,23382,600,250,12317125
NIFTY-I.NFO,12/06/2024,09:40:36,23382,23377.45,75,23380.05,25,900,12317125
NIFTY-I.NFO,12/06/2024,09:40:37,23382.15,23378.45,100,23382.1,25,575,12317125
NIFTY-I.NFO,12/06/2024,09:40:37,23382.15,23378.45,100,23382.1,25,0,12317125
NIFTY-I.NFO,12/06/2024,09:40:39,23378.95,23378.7,50,23380.3,25,925,12317125
NIFTY-I.NFO,12/06/2024,09:40:39,23382.45,23378.7,50,23380.3,25,0,12317125
NIFTY-I.NFO,12/06/2024,09:40:41,23380,23380,75,23380.3,25,350,12317125
NIFTY-I.NFO,12/06/2024,09:40:41,23383,23380,75,23380.3,25,0,12317125
NIFTY-I.NFO,12/06/2024,09:40:42,23382.15,23382,25,23383,775,175,12317125
NIFTY-I.NFO,12/06/2024,09:40:44,23380,23379.75,50,23383,775,1250,12317125
NIFTY-I.NFO,12/06/2024,09:40:46,23379.45,23379.45,25,23380.1,225,450,12317125
NIFTY-I.NFO,12/06/2024,09:40:47,23380,23378.5,275,23380.05,625,425,12317125
NIFTY-I.NFO,12/06/2024,09:40:49,23380.9,23380.8,125,23383,775,1275,12317125
NIFTY-I.NFO,12/06/2024,09:40:51,23383,23380.4,375,23383,725,1150,12317125
NIFTY-I.NFO,12/06/2024,09:40:52,23383,23381.55,75,23383,575,500,12317125
NIFTY-I.NFO,12/06/2024,09:40:54,23383.95,23384.85,250,23388,475,8025,12317125
NIFTY-I.NFO,12/06/2024,09:40:54,23388,23384.85,250,23388,475,0,12317125
NIFTY-I.NFO,12/06/2024,09:40:56,23384.05,23384.05,50,23387.8,100,800,12317125
NIFTY-I.NFO,12/06/2024,09:40:57,23387.1,23385,75,23386.8,300,1450,12317125
NIFTY-I.NFO,12/06/2024,09:40:59,23388.3,23385.05,75,23387.4,25,3000,12317125
NIFTY-I.NFO,12/06/2024,09:40:59,23388.3,23385.05,75,23387.4,25,0,12317125
NIFTY-I.NFO,12/06/2024,09:41:01,23388.4,23387.2,1800,23388.4,225,600,12317125
NIFTY-I.NFO,12/06/2024,09:41:01,23388.4,23387.2,1800,23388.4,225,0,12317125
NIFTY-I.NFO,12/06/2024,09:41:02,23388,23385.1,25,23388,50,2025,12317125
NIFTY-I.NFO,12/06/2024,09:41:04,23387.9,23385.3,150,23387.8,25,450,12317125
NIFTY-I.NFO,12/06/2024,09:41:06,23388,23384.95,200,23385.25,25,1325,12317125
NIFTY-I.NFO,12/06/2024,09:41:07,23387.9,23385,200,23385.1,25,550,12317125
NIFTY-I.NFO,12/06/2024,09:41:09,23386.85,23385.3,425,23387.1,50,575,12317125
NIFTY-I.NFO,12/06/2024,09:41:11,23385.3,23385.3,125,23387.65,25,650,12317125
NIFTY-I.NFO,12/06/2024,09:41:12,23387.1,23385.3,100,23387.1,75,250,12317125
NIFTY-I.NFO,12/06/2024,09:41:14,23385,23385,250,23387.6,25,975,12317125
NIFTY-I.NFO,12/06/2024,09:41:16,23384.95,23384.85,925,23387.55,25,900,12317125
NIFTY-I.NFO,12/06/2024,09:41:17,23385.85,23384.9,150,23388,750,825,12317125
NIFTY-I.NFO,12/06/2024,09:41:19,23384.85,23384.85,775,23385.3,425,475,12317125
NIFTY-I.NFO,12/06/2024,09:41:21,23385.3,23385,1475,23385.3,200,750,12317125
NIFTY-I.NFO,12/06/2024,09:41:22,23385.3,23385,1475,23385.3,75,350,12317125
NIFTY-I.NFO,12/06/2024,09:41:24,23385,23385,300,23385.15,500,1500,12317125
NIFTY-I.NFO,12/06/2024,09:41:26,23385,23385,150,23385.15,25,1050,12317125
NIFTY-I.NFO,12/06/2024,09:41:27,23385.15,23385.15,675,23385.3,50,400,12317125
NIFTY-I.NFO,12/06/2024,09:41:29,23385.15,23385.15,400,23385.85,25,550,12317125
NIFTY-I.NFO,12/06/2024,09:41:30,23385.35,23385.5,25,23387,125,425,12317125
NIFTY-I.NFO,12/06/2024,09:41:32,23386.95,23385.2,75,23386.95,25,1350,12317125
NIFTY-I.NFO,12/06/2024,09:41:34,23386.05,23386.05,225,23386.8,25,400,12317125
NIFTY-I.NFO,12/06/2024,09:41:35,23387,23387,175,23387.75,25,125,12317125
NIFTY-I.NFO,12/06/2024,09:41:37,23386.5,23386.5,25,23387,300,450,12317125
NIFTY-I.NFO,12/06/2024,09:41:39,23386.75,23386.75,50,23386.9,25,200,12317125
NIFTY-I.NFO,12/06/2024,09:41:40,23387.35,23386,25,23386.2,25,325,12317125
NIFTY-I.NFO,12/06/2024,09:41:42,23385.15,23386.05,250,23386.5,75,300,12317125
NIFTY-I.NFO,12/06/2024,09:41:44,23386.25,23386.25,25,23386.4,25,25,12317125
NIFTY-I.NFO,12/06/2024,09:41:45,23385.3,23385.15,200,23386,25,875,12317125
NIFTY-I.NFO,12/06/2024,09:41:47,23386.25,23385.05,75,23386.25,200,600,12317125
NIFTY-I.NFO,12/06/2024,09:41:49,23385.05,23385.05,25,23386,25,325,12317125
NIFTY-I.NFO,12/06/2024,09:41:50,23385.5,23385,125,23386.1,25,100,12317125
NIFTY-I.NFO,12/06/2024,09:41:52,23388.45,23385.05,350,23385.55,100,2050,12317125
NIFTY-I.NFO,12/06/2024,09:41:52,23388.45,23385.05,350,23385.55,100,0,12317125
NIFTY-I.NFO,12/06/2024,09:41:53,23385.55,23386.1,25,23387,100,800,12317125
NIFTY-I.NFO,12/06/2024,09:41:55,23388,23387.2,25,23388.25,25,525,12317125
NIFTY-I.NFO,12/06/2024,09:41:57,23387,23385.55,650,23387,275,1275,12317125
NIFTY-I.NFO,12/06/2024,09:41:58,23387,23387,250,23388,75,475,12317125
NIFTY-I.NFO,12/06/2024,09:42:00,23388.2,23387.5,50,23388.45,75,500,12317125
NIFTY-I.NFO,12/06/2024,09:42:02,23388.45,23387,125,23388.45,25,775,12317125
NIFTY-I.NFO,12/06/2024,09:42:03,23387.9,23387.7,50,23388,25,250,12317125
NIFTY-I.NFO,12/06/2024,09:42:03,23388.7,23387.7,50,23388,25,0,12317125
NIFTY-I.NFO,12/06/2024,09:42:05,23387,23386.25,125,23387.95,250,650,12317125
NIFTY-I.NFO,12/06/2024,09:42:07,23387.95,23386.9,125,23387.95,100,275,12317125
NIFTY-I.NFO,12/06/2024,09:42:08,23387.4,23385.55,575,23387.9,25,75,12317125
NIFTY-I.NFO,12/06/2024,09:42:10,23385.5,23385,100,23387,150,700,12317125
NIFTY-I.NFO,12/06/2024,09:42:11,23387,23385,100,23385.55,25,100,12317125
NIFTY-I.NFO,12/06/2024,09:42:13,23387,23385.8,250,23387,25,100,12317125
NIFTY-I.NFO,12/06/2024,09:42:15,23385.4,23385.05,250,23387,225,650,12317125
NIFTY-I.NFO,12/06/2024,09:42:16,23386,23384.25,250,23386.75,50,550,12317125
NIFTY-I.NFO,12/06/2024,09:42:18,23385.5,23384,75,23385,50,125,12317125
NIFTY-I.NFO,12/06/2024,09:42:20,23386.95,23384,75,23385.45,25,250,12317125
NIFTY-I.NFO,12/06/2024,09:42:21,23383.8,23382.6,175,23384.5,25,225,12317125
NIFTY-I.NFO,12/06/2024,09:42:23,23382,23381.6,200,23384,25,375,12317125
NIFTY-I.NFO,12/06/2024,09:42:24,23382.2,23381.9,350,23385.1,25,325,12317125
NIFTY-I.NFO,12/06/2024,09:42:26,23383.5,23383.5,150,23385,200,25,12317125
NIFTY-I.NFO,12/06/2024,09:42:28,23383.25,23383.35,150,23384,50,700,12317125
NIFTY-I.NFO,12/06/2024,09:42:29,23384.2,23384.25,25,23385,200,400,12317125
NIFTY-I.NFO,12/06/2024,09:42:31,23383.75,23383.75,300,23385,50,350,12317125
NIFTY-I.NFO,12/06/2024,09:42:32,23385.45,23385.45,250,23386.75,500,575,12328225
NIFTY-I.NFO,12/06/2024,09:42:34,23386.1,23386.1,75,23386.75,475,75,12328225
NIFTY-I.NFO,12/06/2024,09:42:36,23385.65,23385.45,25,23386.1,25,125,12328225
NIFTY-I.NFO,12/06/2024,09:42:37,23384.2,23384,125,23386.75,425,450,12328225
NIFTY-I.NFO,12/06/2024,09:42:39,23385.35,23383.5,50,23385.35,50,225,12328225
NIFTY-I.NFO,12/06/2024,09:42:41,23385.35,23383.5,150,23385.35,25,150,12328225
NIFTY-I.NFO,12/06/2024,09:42:42,23383.15,23383.1,125,23384.2,50,200,12328225
NIFTY-I.NFO,12/06/2024,09:42:44,23384.45,23384.45,125,23385.65,25,225,12328225
NIFTY-I.NFO,12/06/2024,09:42:45,23383.4,23383.85,125,23385,125,125,12328225
NIFTY-I.NFO,12/06/2024,09:42:47,23384.6,23384.6,100,23385,50,200,12328225
NIFTY-I.NFO,12/06/2024,09:42:49,23386.8,23386.25,125,23386.8,50,1925,12328225
NIFTY-I.NFO,12/06/2024,09:42:50,23387,23386.95,75,23388,625,725,12328225
NIFTY-I.NFO,12/06/2024,09:42:52,23388,23386.75,525,23388,200,750,12328225
NIFTY-I.NFO,12/06/2024,09:42:54,23388,23387,75,23388.2,25,1650,12328225
NIFTY-I.NFO,12/06/2024,09:42:55,23388.5,23386.85,150,23388.8,300,250,12328225
NIFTY-I.NFO,12/06/2024,09:42:57,23387,23386.8,125,23388,50,800,12328225
NIFTY-I.NFO,12/06/2024,09:42:58,23389.25,23389,75,23389.4,25,1050,12328225
NIFTY-I.NFO,12/06/2024,09:42:58,23389.25,23389,75,23389.4,25,0,12328225
NIFTY-I.NFO,12/06/2024,09:43:00,23389.2,23388.2,225,23389.5,50,475,12328225
NIFTY-I.NFO,12/06/2024,09:43:00,23389.5,23388.2,225,23389.5,50,0,12328225
NIFTY-I.NFO,12/06/2024,09:43:02,23389.8,23388.85,125,23389.8,550,175,12328225
NIFTY-I.NFO,12/06/2024,09:43:02,23389.8,23388.85,125,23389.8,550,0,12328225
NIFTY-I.NFO,12/06/2024,09:43:03,23389.5,23388.2,175,23389.8,450,225,12328225
NIFTY-I.NFO,12/06/2024,09:43:05,23389.8,23388.2,150,23389.8,450,150,12328225
NIFTY-I.NFO,12/06/2024,09:43:07,23389.8,23388,675,23389.5,25,275,12328225
NIFTY-I.NFO,12/06/2024,09:43:08,23388,23388,375,23389.8,75,800,12328225
NIFTY-I.NFO,12/06/2024,09:43:10,23388,23388,250,23389.9,225,400,12328225
NIFTY-I.NFO,12/06/2024,09:43:12,23388.75,23388,275,23389,475,175,12328225
NIFTY-I.NFO,12/06/2024,09:43:12,23389.9,23388,275,23389,475,0,12328225
NIFTY-I.NFO,12/06/2024,09:43:13,23387.9,23390,25,23390.9,25,17225,12328225
NIFTY-I.NFO,12/06/2024,09:43:13,23390.5,23390,25,23390.9,25,0,12328225
NIFTY-I.NFO,12/06/2024,09:43:15,23391,23390.95,1150,23391,175,275,12328225
NIFTY-I.NFO,12/06/2024,09:43:15,23391,23390.95,1150,23391,175,0,12328225
NIFTY-I.NFO,12/06/2024,09:43:16,23394,23391.9,1300,23394,575,3700,12328225
NIFTY-I.NFO,12/06/2024,09:43:16,23394,23391.9,1300,23394,575,0,12328225
NIFTY-I.NFO,12/06/2024,09:43:18,23394.25,23394.2,2825,23394.25,25,1925,12328225
NIFTY-I.NFO,12/06/2024,09:43:18,23394.25,23394.2,2825,23394.25,25,0,12328225
NIFTY-I.NFO,12/06/2024,09:43:20,23394.45,23394.45,425,23394.5,775,3475,12328225
NIFTY-I.NFO,12/06/2024,09:43:20,23394.5,23394.45,425,23394.5,775,0,12328225
NIFTY-I.NFO,12/06/2024,09:43:21,23392,23390.2,100,23392,50,1875,12328225
NIFTY-I.NFO,12/06/2024,09:43:23,23389.5,23389.5,75,23390.75,25,525,12328225
NIFTY-I.NFO,12/06/2024,09:43:25,23392,23389.85,25,23393.55,125,325,12328225
NIFTY-I.NFO,12/06/2024,09:43:26,23393.55,23393.15,25,23393.65,25,50,12328225
NIFTY-I.NFO,12/06/2024,09:43:28,23389.8,23389.7,50,23392,50,950,12328225
NIFTY-I.NFO,12/06/2024,09:43:30,23392,23392,175,23393.4,100,275,12328225
NIFTY-I.NFO,12/06/2024,09:43:31,23393.15,23390.85,50,23393.1,25,525,12328225
NIFTY-I.NFO,12/06/2024,09:43:33,23390.85,23390,25,23392,350,325,12328225
NIFTY-I.NFO,12/06/2024,09:43:35,23392,23388.5,50,23392,250,325,12328225
NIFTY-I.NFO,12/06/2024,09:43:36,23388.05,23388,25,23388.15,300,425,12328225
NIFTY-I.NFO,12/06/2024,09:43:38,23387,23387,100,23388.15,250,375,12328225
NIFTY-I.NFO,12/06/2024,09:43:40,23390,23387.35,150,23390.85,100,825,12328225
NIFTY-I.NFO,12/06/2024,09:43:41,23391.1,23387.9,425,23391.15,25,225,12328225
NIFTY-I.NFO,12/06/2024,09:43:43,23390.7,23388.05,25,23390.75,100,275,12328225
NIFTY-I.NFO,12/06/2024,09:43:45,23390.4,23386.9,25,23390.2,25,750,12328225
NIFTY-I.NFO,12/06/2024,09:43:46,23390,23387.3,50,23389.75,25,75,12328225
NIFTY-I.NFO,12/06/2024,09:43:48,23387.3,23387.3,25,23389.7,25,25,12328225
NIFTY-I.NFO,12/06/2024,09:43:50,23388,23388,25,23389.9,25,525,12328225
NIFTY-I.NFO,12/06/2024,09:43:51,23389.75,23390,25,23390.9,25,1025,12328225
NIFTY-I.NFO,12/06/2024,09:43:53,23388.9,23388.75,100,23390,25,500,12328225
NIFTY-I.NFO,12/06/2024,09:43:55,23388.1,23387.75,25,23388,1400,500,12328225
NIFTY-I.NFO,12/06/2024,09:43:56,23390,23390,200,23390.4,50,2325,12328225
NIFTY-I.NFO,12/06/2024,09:43:58,23390,23388.4,200,23390,50,700,12328225
NIFTY-I.NFO,12/06/2024,09:44:00,23390.4,23388.4,175,23390,25,100,12328225
NIFTY-I.NFO,12/06/2024,09:44:01,23391,23390,25,23391,25,175,12328225
NIFTY-I.NFO,12/06/2024,09:44:03,23390,23388.4,675,23389.75,25,1025,12328225
NIFTY-I.NFO,12/06/2024,09:44:05,23390,23388.4,675,23391,25,200,12328225
NIFTY-I.NFO,12/06/2024,09:44:06,23388.4,23390,25,23391.2,25,175,12328225
NIFTY-I.NFO,12/06/2024,09:44:08,23391.6,23390,25,23391.9,325,625,12328225
NIFTY-I.NFO,12/06/2024,09:44:10,23391,23388.4,500,23391.9,300,275,12328225
NIFTY-I.NFO,12/06/2024,09:44:11,23391.55,23388.4,475,23391.9,175,600,12328225
NIFTY-I.NFO,12/06/2024,09:44:13,23391.55,23388.4,475,23390,75,0,12328225
NIFTY-I.NFO,12/06/2024,09:44:15,23388.4,23388,1025,23388.4,50,575,12328225
NIFTY-I.NFO,12/06/2024,09:44:16,23388.35,23386.05,25,23388,250,1350,12328225
NIFTY-I.NFO,12/06/2024,09:44:18,23386.45,23387,100,23388,275,275,12328225
NIFTY-I.NFO,12/06/2024,09:44:20,23386.65,23386.65,150,23388,200,775,12328225
NIFTY-I.NFO,12/06/2024,09:44:21,23388,23386.55,150,23388,75,150,12328225
NIFTY-I.NFO,12/06/2024,09:44:23,23386.4,23386.6,100,23388.4,125,350,12328225
NIFTY-I.NFO,12/06/2024,09:44:24,23386.6,23386.6,50,23386.65,75,100,12328225
NIFTY-I.NFO,12/06/2024,09:44:26,23388.35,23386.65,100,23388.35,400,200,12328225
NIFTY-I.NFO,12/06/2024,09:44:28,23388.35,23386.05,50,23388.35,325,300,12328225
NIFTY-I.NFO,12/06/2024,09:44:29,23386.6,23386.6,125,23388.35,325,1525,12328225
NIFTY-I.NFO,12/06/2024,09:44:31,23386.65,23385.2,50,23387.6,25,675,12328225
NIFTY-I.NFO,12/06/2024,09:44:33,23386.6,23384.9,150,23388,50,425,12328225
NIFTY-I.NFO,12/06/2024,09:44:34,23385.5,23386.4,25,23388,50,175,12328225
NIFTY-I.NFO,12/06/2024,09:44:36,23387.05,23387.05,100,23388,25,475,12328225
NIFTY-I.NFO,12/06/2024,09:44:38,23386.6,23386.6,50,23388.4,100,900,12328225
NIFTY-I.NFO,12/06/2024,09:44:39,23387.1,23387.6,50,23388.4,75,100,12328225
NIFTY-I.NFO,12/06/2024,09:44:41,23388.75,23389,350,23389.9,75,450,12328225
NIFTY-I.NFO,12/06/2024,09:44:43,23388.7,23388.9,50,23390,500,225,12328225
NIFTY-I.NFO,12/06/2024,09:44:44,23388.9,23389.05,75,23390,475,75,12328225
NIFTY-I.NFO,12/06/2024,09:44:46,23388.85,23388.8,50,23389,50,75,12328225
NIFTY-I.NFO,12/06/2024,09:44:48,23387.15,23387.7,125,23389,200,75,12328225
NIFTY-I.NFO,12/06/2024,09:44:49,23387.05,23387.05,125,23390,600,325,12328225
NIFTY-I.NFO,12/06/2024,09:44:51,23386.9,23386.85,250,23390,75,1275,12328225
NIFTY-I.NFO,12/06/2024,09:44:53,23387.5,23387.5,75,23387.7,25,250,12328225
NIFTY-I.NFO,12/06/2024,09:44:54,23387.5,23386.15,125,23386.85,425,75,12328225
NIFTY-I.NFO,12/06/2024,09:44:56,23386.15,23386.05,175,23386.85,325,175,12328225
NIFTY-I.NFO,12/06/2024,09:44:58,23386.85,23386.1,25,23386.15,25,100,12328225
NIFTY-I.NFO,12/06/2024,09:44:59,23386.85,23386.1,250,23386.85,225,100,12328225
NIFTY-I.NFO,12/06/2024,09:45:01,23387.95,23388.05,125,23391,50,1950,12328225
NIFTY-I.NFO,12/06/2024,09:45:03,23387.95,23388.05,175,23391.55,50,825,12328225
NIFTY-I.NFO,12/06/2024,09:45:04,23388.85,23387.15,275,23388.85,25,75,12328225
NIFTY-I.NFO,12/06/2024,09:45:06,23391.85,23387.9,250,23391.95,25,275,12328225
NIFTY-I.NFO,12/06/2024,09:45:08,23392,23387.75,25,23391.1,100,100,12328225
NIFTY-I.NFO,12/06/2024,09:45:09,23387.9,23387.4,425,23387.9,100,575,12328225
NIFTY-I.NFO,12/06/2024,09:45:11,23391.5,23388.1,200,23391.5,75,350,12328225
NIFTY-I.NFO,12/06/2024,09:45:13,23388.1,23388.1,75,23391.05,50,175,12328225
NIFTY-I.NFO,12/06/2024,09:45:14,23388.1,23387,75,23388.9,25,200,12328225
NIFTY-I.NFO,12/06/2024,09:45:16,23386.85,23386.85,100,23386.9,50,500,12328225
NIFTY-I.NFO,12/06/2024,09:45:18,23391.4,23387.85,250,23391.95,25,250,12328225
NIFTY-I.NFO,12/06/2024,09:45:19,23392,23388.55,50,23390,50,550,12328225
NIFTY-I.NFO,12/06/2024,09:45:21,23390,23387.65,25,23391,25,200,12328225
NIFTY-I.NFO,12/06/2024,09:45:23,23388.3,23388.3,25,23388.55,1475,225,12328225
NIFTY-I.NFO,12/06/2024,09:45:24,23387.3,23386.9,100,23389.6,25,600,12328225
NIFTY-I.NFO,12/06/2024,09:45:26,23385.1,23385.1,75,23386.85,25,525,12328225
NIFTY-I.NFO,12/06/2024,09:45:28,23387.75,23385.1,50,23387.65,25,125,12328225
NIFTY-I.NFO,12/06/2024,09:45:29,23387.6,23385,125,23385.1,25,175,12328225
NIFTY-I.NFO,12/06/2024,09:45:31,23383,23382.25,25,23383.1,25,325,12328225
NIFTY-I.NFO,12/06/2024,09:45:33,23382.8,23382.7,25,23385,100,275,12328225
NIFTY-I.NFO,12/06/2024,09:45:34,23381.9,23382.5,400,23385,100,750,12355025
NIFTY-I.NFO,12/06/2024,09:45:36,23382.85,23382.85,125,23385.1,400,575,12355025
NIFTY-I.NFO,12/06/2024,09:45:38,23382.65,23382.45,25,23385,1725,475,12355025
NIFTY-I.NFO,12/06/2024,09:45:39,23382.45,23382.35,25,23385,1675,375,12355025
NIFTY-I.NFO,12/06/2024,09:45:41,23381.5,23381,75,23383.6,125,125,12355025
NIFTY-I.NFO,12/06/2024,09:45:43,23382.15,23382.15,25,23385,1725,775,12355025
NIFTY-I.NFO,12/06/2024,09:45:44,23385,23383.25,125,23385,1675,150,12355025
NIFTY-I.NFO,12/06/2024,09:45:46,23383.25,23383.25,175,23385,1550,525,12355025
NIFTY-I.NFO,12/06/2024,09:45:47,23387.1,23385.2,25,23387.75,125,2800,12355025
NIFTY-I.NFO,12/06/2024,09:45:49,23390,23389.3,125,23390.9,25,575,12355025
NIFTY-I.NFO,12/06/2024,09:45:51,23389.3,23389.3,25,23391.2,125,525,12355025
NIFTY-I.NFO,12/06/2024,09:45:52,23389.3,23387.2,75,23390.85,275,25,12355025
NIFTY-I.NFO,12/06/2024,09:45:54,23389.3,23388.15,25,23391.4,25,0,12355025
NIFTY-I.NFO,12/06/2024,09:45:56,23390.85,23387.4,25,23390,25,700,12355025
NIFTY-I.NFO,12/06/2024,09:45:57,23389.6,23386.05,50,23389.65,125,900,12355025
NIFTY-I.NFO,12/06/2024,09:45:59,23389.75,23387.1,25,23389.3,25,225,12355025
NIFTY-I.NFO,12/06/2024,09:46:01,23392.05,23391.4,500,23392.05,175,275,12355025
NIFTY-I.NFO,12/06/2024,09:46:02,23390.3,23388.8,225,23391.4,25,800,12355025
NIFTY-I.NFO,12/06/2024,09:46:04,23388.8,23390,25,23391.4,25,100,12355025
NIFTY-I.NFO,12/06/2024,09:46:06,23391.4,23391.4,75,23392,50,50,12355025
NIFTY-I.NFO,12/06/2024,09:46:07,23391.4,23390.1,100,23392,175,775,12355025
NIFTY-I.NFO,12/06/2024,09:46:09,23392,23390,25,23392.05,100,225,12355025
NIFTY-I.NFO,12/06/2024,09:46:11,23388.8,23388.8,1125,23391.95,25,425,12355025
NIFTY-I.NFO,12/06/2024,09:46:12,23390.75,23388.8,1000,23390.75,50,200,12355025
NIFTY-I.NFO,12/06/2024,09:46:14,23388.8,23388.8,875,23392,25,250,12355025
NIFTY-I.NFO,12/06/2024,09:46:15,23388.8,23388.8,725,23391.4,25,75,12355025
NIFTY-I.NFO,12/06/2024,09:46:17,23389,23388.8,300,23390.95,50,950,12355025
NIFTY-I.NFO,12/06/2024,09:46:19,23391.35,23388.8,200,23391.75,25,775,12355025
NIFTY-I.NFO,12/06/2024,09:46:20,23388.8,23388,50,23388.8,150,150,12355025
NIFTY-I.NFO,12/06/2024,09:46:22,23388.8,23388,75,23388.8,1725,575,12355025
NIFTY-I.NFO,12/06/2024,09:46:24,23392,23391,25,23392,100,2300,12355025
NIFTY-I.NFO,12/06/2024,09:46:25,23388.8,23388.8,1600,23390,500,100,12355025
NIFTY-I.NFO,12/06/2024,09:46:27,23388.8,23388.8,1700,23390,500,25,12355025
NIFTY-I.NFO,12/06/2024,09:46:29,23390,23389,100,23390,475,300,12355025
NIFTY-I.NFO,12/06/2024,09:46:30,23390.7,23391.25,250,23392.5,25,825,12355025
NIFTY-I.NFO,12/06/2024,09:46:32,23391.25,23390.8,250,23392.8,50,400,12355025
NIFTY-I.NFO,12/06/2024,09:46:33,23390.65,23390.65,175,23392.45,100,175,12355025
NIFTY-I.NFO,12/06/2024,09:46:35,23389.95,23390,25,23392,475,275,12355025
NIFTY-I.NFO,12/06/2024,09:46:37,23392,23391.35,250,23392,350,275,12355025
NIFTY-I.NFO,12/06/2024,09:46:38,23392.6,23391.35,100,23392.65,25,625,12355025
NIFTY-I.NFO,12/06/2024,09:46:40,23391.3,23390.1,100,23391.35,50,150,12355025
NIFTY-I.NFO,12/06/2024,09:46:42,23390.1,23390,50,23390.1,25,150,12355025
NIFTY-I.NFO,12/06/2024,09:46:43,23390,23390,25,23391.8,100,50,12355025
NIFTY-I.NFO,12/06/2024,09:46:45,23388.8,23388.8,1550,23390,25,75,12355025
NIFTY-I.NFO,12/06/2024,09:46:46,23388.8,23388.8,150,23390.95,25,1425,12355025
NIFTY-I.NFO,12/06/2024,09:46:48,23388.8,23388.8,175,23390.95,25,0,12355025
NIFTY-I.NFO,12/06/2024,09:46:50,23388.8,23388.8,375,23390.95,25,50,12355025
NIFTY-I.NFO,12/06/2024,09:46:51,23388.25,23388.25,50,23389.95,25,400,12355025
NIFTY-I.NFO,12/06/2024,09:46:53,23388.25,23388.25,125,23388.8,125,125,12355025
NIFTY-I.NFO,12/06/2024,09:46:55,23388.8,23388.65,200,23388.8,100,50,12355025
NIFTY-I.NFO,12/06/2024,09:46:56,23388.65,23388.65,25,23391.05,25,325,12355025
NIFTY-I.NFO,12/06/2024,09:46:58,23390,23388.65,200,23392,2300,25,12355025
NIFTY-I.NFO,12/06/2024,09:47:00,23392,23388,250,23390,1000,150,12355025
NIFTY-I.NFO,12/06/2024,09:47:01,23388,23388.1,50,23390,950,100,12355025
NIFTY-I.NFO,12/06/2024,09:47:03,23390,23388,300,23390,475,500,12355025
NIFTY-I.NFO,12/06/2024,09:47:04,23390,23388,175,23390,425,150,12355025
NIFTY-I.NFO,12/06/2024,09:47:06,23390,23390,25,23391,25,725,12355025
NIFTY-I.NFO,12/06/2024,09:47:08,23388,23387.15,25,23390,75,300,12355025
NIFTY-I.NFO,12/06/2024,09:47:09,23390.65,23386.75,125,23390.7,50,225,12355025
NIFTY-I.NFO,12/06/2024,09:47:11,23385.75,23385.75,100,23389.55,50,100,12355025
NIFTY-I.NFO,12/06/2024,09:47:13,23386.3,23386.45,200,23388,25,75,12355025
NIFTY-I.NFO,12/06/2024,09:47:14,23387.15,23385,100,23387.2,50,550,12355025
NIFTY-I.NFO,12/06/2024,09:47:16,23386.45,23385,75,23386.9,25,550,12355025
NIFTY-I.NFO,12/06/2024,09:47:18,23385,23385,25,23387.55,25,350,12355025
NIFTY-I.NFO,12/06/2024,09:47:19,23389.35,23384.75,50,23389.15,25,900,12355025
NIFTY-I.NFO,12/06/2024,09:47:21,23384.3,23384,25,23384.3,375,400,12355025
NIFTY-I.NFO,12/06/2024,09:47:22,23384.3,23384.2,50,23385,550,375,12355025
NIFTY-I.NFO,12/06/2024,09:47:24,23385,23384.2,25,23387.45,25,575,12355025
NIFTY-I.NFO,12/06/2024,09:47:26,23383.4,23383.25,50,23384,250,525,12355025
NIFTY-I.NFO,12/06/2024,09:47:27,23384,23383,75,23384,175,100,12355025
NIFTY-I.NFO,12/06/2024,09:47:29,23384,23383,75,23384,150,25,12355025
NIFTY-I.NFO,12/06/2024,09:47:31,23383.35,23383.45,75,23385,550,250,12355025
NIFTY-I.NFO,12/06/2024,09:47:32,23386.3,23386.3,25,23389.4,125,800,12355025
NIFTY-I.NFO,12/06/2024,09:47:34,23385.85,23384.5,25,23388.15,125,75,12355025
NIFTY-I.NFO,12/06/2024,09:47:36,23388.65,23384.65,25,23388.15,125,100,12355025
NIFTY-I.NFO,12/06/2024,09:47:37,23384.35,23384,25,23387.6,200,25,12355025
NIFTY-I.NFO,12/06/2024,09:47:39,23383.35,23384.55,25,23388.2,125,150,12355025
NIFTY-I.NFO,12/06/2024,09:47:41,23388.55,23384.85,25,23388.5,200,50,12355025
NIFTY-I.NFO,12/06/2024,09:47:42,23388.55,23384.65,25,23388.2,250,0,12355025
NIFTY-I.NFO,12/06/2024,09:47:44,23388.5,23386,25,23388.5,200,50,12355025
NIFTY-I.NFO,12/06/2024,09:47:46,23386,23385,175,23388,500,150,12355025
NIFTY-I.NFO,12/06/2024,09:47:47,23385,23385.45,25,23386,125,50,12355025
NIFTY-I.NFO,12/06/2024,09:47:49,23385,23385,50,23385.45,225,175,12355025
NIFTY-I.NFO,12/06/2024,09:47:51,23384,23384,100,23385,25,275,12355025
NIFTY-I.NFO,12/06/2024,09:47:52,23385,23384,75,23385.45,75,50,12355025
NIFTY-I.NFO,12/06/2024,09:47:54,23388,23384.15,25,23386,25,425,12355025
NIFTY-I.NFO,12/06/2024,09:47:55,23384.1,23385,75,23386,125,50,12355025
NIFTY-I.NFO,12/06/2024,09:47:57,23386,23384,25,23387.25,25,1025,12355025
NIFTY-I.NFO,12/06/2024,09:47:59,23383,23382.75,25,23384,500,275,12355025
NIFTY-I.NFO,12/06/2024,09:48:00,23383,23384,100,23385,225,750,12355025
NIFTY-I.NFO,12/06/2024,09:48:02,23384,23382,125,23385,225,125,12355025
NIFTY-I.NFO,12/06/2024,09:48:04,23383.95,23381.1,900,23384,25,375,12355025
NIFTY-I.NFO,12/06/2024,09:48:05,23385,23384,175,23385,175,100,12355025
NIFTY-I.NFO,12/06/2024,09:48:07,23384,23384,125,23385,175,50,12355025
NIFTY-I.NFO,12/06/2024,09:48:08,23385,23381.15,50,23384.85,25,625,12355025
NIFTY-I.NFO,12/06/2024,09:48:10,23381.2,23381.2,175,23384,250,25,12355025
NIFTY-I.NFO,12/06/2024,09:48:12,23384,23381.15,25,23384,200,175,12355025
NIFTY-I.NFO,12/06/2024,09:48:13,23381.1,23381.1,900,23383,25,50,12355025
NIFTY-I.NFO,12/06/2024,09:48:15,23381.1,23381.1,775,23383,25,100,12355025
NIFTY-I.NFO,12/06/2024,09:48:17,23381.1,23381.15,25,23383,25,50,12355025
NIFTY-I.NFO,12/06/2024,09:48:18,23381.1,23381.1,700,23383,25,50,12355025
NIFTY-I.NFO,12/06/2024,09:48:20,23381.1,23381.15,25,23384,350,225,12355025
NIFTY-I.NFO,12/06/2024,09:48:22,23381.15,23381.8,275,23384,300,200,12355025
NIFTY-I.NFO,12/06/2024,09:48:23,23384,23381.5,25,23384,250,350,12355025
NIFTY-I.NFO,12/06/2024,09:48:25,23381.45,23381.25,125,23382,25,150,12355025
NIFTY-I.NFO,12/06/2024,09:48:27,23383,23381.25,125,23382,25,100,12355025
NIFTY-I.NFO,12/06/2024,09:48:28,23381.25,23381.35,175,23384,175,100,12355025
NIFTY-I.NFO,12/06/2024,09:48:30,23382.95,23382.6,25,23383.5,25,675,12355025
NIFTY-I.NFO,12/06/2024,09:48:32,23385,23385.1,150,23386,25,1425,12355025
NIFTY-I.NFO,12/06/2024,09:48:33,23385.45,23385.45,150,23388,50,225,12362500
NIFTY-I.NFO,12/06/2024,09:48:35,23384.95,23384.85,125,23388,25,200,12362500
NIFTY-I.NFO,12/06/2024,09:48:37,23386.05,23386.25,25,23389,50,175,12362500
NIFTY-I.NFO,12/06/2024,09:48:38,23387,23385.2,75,23388.7,25,125,12362500
NIFTY-I.NFO,12/06/2024,09:48:40,23388.35,23384.85,25,23388.35,100,1700,12362500
NIFTY-I.NFO,12/06/2024,09:48:42,23385,23385.25,25,23389.15,50,1500,12362500
NIFTY-I.NFO,12/06/2024,09:48:43,23388.35,23385.15,125,23388,25,25,12362500
NIFTY-I.NFO,12/06/2024,09:48:45,23384.85,23384.8,50,23388.2,100,125,12362500
NIFTY-I.NFO,12/06/2024,09:48:47,23387.65,23385.05,500,23387.95,100,100,12362500
NIFTY-I.NFO,12/06/2024,09:48:48,23387.65,23385.05,600,23387,25,0,12362500
NIFTY-I.NFO,12/06/2024,09:48:50,23385.05,23385.05,550,23388,25,75,12362500
NIFTY-I.NFO,12/06/2024,09:48:51,23385.05,23385.05,425,23387,200,75,12362500
NIFTY-I.NFO,12/06/2024,09:48:53,23385.05,23385.05,375,23386.95,50,50,12362500
NIFTY-I.NFO,12/06/2024,09:48:55,23385.05,23385,25,23387,125,525,12362500
NIFTY-I.NFO,12/06/2024,09:48:56,23384.3,23384.6,225,23387,75,250,12362500
NIFTY-I.NFO,12/06/2024,09:48:58,23386.3,23386.25,125,23386.95,50,25,12362500
NIFTY-I.NFO,12/06/2024,09:49:00,23387,23386.9,75,23387.65,25,275,12362500
NIFTY-I.NFO,12/06/2024,09:49:01,23387,23386.65,625,23389,325,775,12362500
NIFTY-I.NFO,12/06/2024,09:49:03,23386.25,23385.75,500,23386.25,100,425,12362500
NIFTY-I.NFO,12/06/2024,09:49:05,23385,23385,125,23386.25,25,325,12362500
NIFTY-I.NFO,12/06/2024,09:49:06,23386.25,23386.05,150,23386.9,25,125,12362500
NIFTY-I.NFO,12/06/2024,09:49:08,23386.1,23386.3,25,23387,100,125,12362500
NIFTY-I.NFO,12/06/2024,09:49:10,23387.05,23387.05,50,23389.4,25,350,12362500
NIFTY-I.NFO,12/06/2024,09:49:11,23387,23387.05,75,23389.5,100,450,12362500
NIFTY-I.NFO,12/06/2024,09:49:13,23387.05,23387.7,25,23388,25,25,12362500
NIFTY-I.NFO,12/06/2024,09:49:15,23387.1,23387.15,525,23389.5,75,125,12362500
NIFTY-I.NFO,12/06/2024,09:49:16,23388.05,23388.05,25,23389.9,75,400,12362500
NIFTY-I.NFO,12/06/2024,09:49:18,23388,23388,525,23389.9,50,175,12362500
NIFTY-I.NFO,12/06/2024,09:49:19,23388,23388,1425,23389.9,50,250,12362500
NIFTY-I.NFO,12/06/2024,09:49:21,23389.9,23388.7,150,23390,1250,150,12362500
NIFTY-I.NFO,12/06/2024,09:49:23,23390,23389,150,23390,1150,75,12362500
